time,ask,bid,ask_volume,bid_volume
2019-06-18 12:25:00.079000,1.08252,1.0825,4310000,1310000
2019-06-18 12:25:03.237000,1.08251,1.0825,1000000,1310000
2019-06-18 12:25:03.976000,1.08252,1.0825,2890000,1310000
2019-06-18 12:25:10.116000,1.08252,1.08251,1690000,1000000
2019-06-18 12:25:10.218000,1.08253,1.08251,1690000,2120000
2019-06-18 12:25:10.321000,1.08253,1.08252,1250000,1000000
2019-06-18 12:25:10.935000,1.08253,1.08251,3700000,1870000
2019-06-18 12:25:11.551000,1.08252,1.0825,1750000,1120000
2019-06-18 12:25:11.656000,1.08252,1.0825,4820000,1120000
2019-06-18 12:25:11.759000,1.0825,1.08248,3310000,1690000
2019-06-18 12:25:11.861000,1.08248,1.08246,2940000,3190000
2019-06-18 12:25:12.066000,1.08248,1.08245,3190000,3620000
2019-06-18 12:25:12.168000,1.08247,1.08245,1000000,5050000
2019-06-18 12:25:12.849000,1.08248,1.08246,3560000,1250000
2019-06-18 12:25:13.941000,1.08248,1.08247,1690000,1120000
2019-06-18 12:25:14.943000,1.08248,1.08246,2870000,1120000
2019-06-18 12:25:17.499000,1.08246,1.08245,1310000,1120000
2019-06-18 12:25:17.550000,1.08246,1.08243,2100000,2250000
2019-06-18 12:25:17.601000,1.08244,1.08242,2950000,3000000
2019-06-18 12:25:17.653000,1.08246,1.08244,1870000,1000000
2019-06-18 12:25:17.756000,1.08246,1.08243,2870000,4870000
2019-06-18 12:25:17.859000,1.08246,1.08244,2120000,1500000
2019-06-18 12:25:17.969000,1.08246,1.08244,1120000,1690000
2019-06-18 12:25:18.073000,1.08247,1.08245,3190000,1500000
2019-06-18 12:25:18.177000,1.08251,1.08249,1950000,1620000
2019-06-18 12:25:18.332000,1.0825,1.08248,1250000,3750000
2019-06-18 12:25:18.434000,1.08251,1.08249,2870000,1120000
2019-06-18 12:25:18.536000,1.08251,1.08249,1870000,1120000
2019-06-18 12:25:19.195000,1.08251,1.0825,1500000,1000000
2019-06-18 12:25:19.476000,1.08252,1.08251,1010000,1500000
2019-06-18 12:25:19.579000,1.08253,1.08252,1250000,1000000
2019-06-18 12:25:19.680000,1.08253,1.08251,2120000,1870000
2019-06-18 12:25:20.642000,1.08253,1.0825,3820000,3560000
2019-06-18 12:25:22.176000,1.08252,1.0825,1250000,1120000
2019-06-18 12:25:22.777000,1.0825,1.08249,1250000,1120000
2019-06-18 12:25:22.880000,1.08251,1.08249,2810000,1310000
2019-06-18 12:25:23.877000,1.08251,1.0825,1250000,1000000
2019-06-18 12:25:24.495000,1.08252,1.08251,3940000,1000000
2019-06-18 12:25:24.649000,1.08254,1.08253,1200000,1250000
2019-06-18 12:25:24.700000,1.08255,1.08254,5810000,1000000
2019-06-18 12:25:25.443000,1.08254,1.08252,1310000,4310000
2019-06-18 12:25:25.494000,1.08253,1.08251,2120000,3450000
2019-06-18 12:25:25.596000,1.08252,1.0825,1310000,2810000
2019-06-18 12:25:26.333000,1.08251,1.08249,1750000,1870000
2019-06-18 12:25:26.490000,1.08251,1.08249,2500000,1870000
2019-06-18 12:25:33.376000,1.08251,1.08249,2510000,1250000
2019-06-18 12:25:33.871000,1.08251,1.08249,3320000,1000000
2019-06-18 12:25:35.093000,1.08251,1.08249,2890000,1250000
2019-06-18 12:25:36.112000,1.08251,1.0825,2060000,1000000
2019-06-18 12:25:37.344000,1.0825,1.08248,1000000,2870000
2019-06-18 12:25:37.448000,1.0825,1.08248,5570000,1870000
2019-06-18 12:25:39.802000,1.0825,1.08249,1250000,1000000
2019-06-18 12:25:39.853000,1.08251,1.08249,6260000,1690000
2019-06-18 12:25:40.960000,1.08251,1.0825,1760000,1000000
2019-06-18 12:25:41.175000,1.08251,1.08249,3640000,1500000
2019-06-18 12:25:42.203000,1.08251,1.08248,3190000,2620000
2019-06-18 12:25:43.364000,1.08251,1.08248,5120000,4160000
2019-06-18 12:25:43.466000,1.08251,1.08249,3560000,1250000
2019-06-18 12:25:45.415000,1.08251,1.0825,1310000,1000000
2019-06-18 12:25:47.056000,1.08251,1.08249,2440000,1540000
2019-06-18 12:25:47.203000,1.0825,1.08249,1000000,1000000
2019-06-18 12:25:48.081000,1.0825,1.08248,1500000,3970000
2019-06-18 12:25:49.765000,1.08249,1.08248,1000000,2470000
2019-06-18 12:25:49.867000,1.08248,1.08247,1500000,1690000
2019-06-18 12:25:50.236000,1.08248,1.08246,3750000,1000000
2019-06-18 12:25:51.307000,1.08247,1.08246,1000000,1000000
2019-06-18 12:25:51.449000,1.08247,1.08245,2500000,1950000
2019-06-18 12:25:51.927000,1.08247,1.08245,2870000,1500000
2019-06-18 12:25:52.276000,1.08248,1.08246,3310000,1250000
2019-06-18 12:25:52.378000,1.0825,1.08248,3370000,1750000
2019-06-18 12:25:52.579000,1.0825,1.08249,1120000,1250000
2019-06-18 12:25:52.732000,1.08251,1.08249,4310000,1000000
2019-06-18 12:25:52.834000,1.0825,1.08249,1250000,1000000
2019-06-18 12:25:53.276000,1.0825,1.08248,1690000,2060000
2019-06-18 12:25:56.470000,1.08254,1.08253,1000000,2250000
2019-06-18 12:25:56.521000,1.08258,1.08256,4010000,1870000
2019-06-18 12:25:56.572000,1.08259,1.08257,2620000,2120000
2019-06-18 12:25:56.681000,1.08258,1.08256,1250000,3000000
2019-06-18 12:25:56.783000,1.08258,1.08257,1250000,1120000
2019-06-18 12:25:56.936000,1.08258,1.08257,2440000,1000000
2019-06-18 12:25:57.040000,1.08259,1.08258,2810000,1000000
2019-06-18 12:25:57.152000,1.08261,1.0826,1690000,1870000
2019-06-18 12:25:57.308000,1.08262,1.08261,3190000,1000000
2019-06-18 12:25:57.410000,1.08259,1.08258,3000000,2250000
2019-06-18 12:25:57.574000,1.08258,1.08255,2620000,4950000
2019-06-18 12:25:57.777000,1.08257,1.08255,1250000,1250000
2019-06-18 12:25:58.815000,1.08258,1.08256,1690000,1620000
2019-06-18 12:25:58.918000,1.08258,1.08256,1000000,3600000
2019-06-18 12:25:59.075000,1.08258,1.08256,1820000,1000000
2019-06-18 12:25:59.802000,1.08258,1.08255,2570000,3540000
2019-06-18 12:26:01.236000,1.08257,1.08255,2200000,1000000
2019-06-18 12:26:01.853000,1.08256,1.08255,1250000,1000000
2019-06-18 12:26:04.182000,1.08254,1.08253,1250000,2470000
2019-06-18 12:26:04.308000,1.08253,1.08252,1690000,1870000
2019-06-18 12:26:04.613000,1.08253,1.08251,1750000,3000000
2019-06-18 12:26:04.793000,1.0825,1.08249,1000000,2290000
2019-06-18 12:26:04.897000,1.0825,1.08248,2440000,2660000
2019-06-18 12:26:04.999000,1.0825,1.08249,2060000,1000000
2019-06-18 12:26:05.101000,1.08251,1.0825,1690000,1000000
2019-06-18 12:26:05.251000,1.08252,1.0825,2570000,1870000
2019-06-18 12:26:07.274000,1.08252,1.08251,1250000,1500000
2019-06-18 12:26:07.420000,1.08253,1.08251,2440000,2190000
2019-06-18 12:26:07.624000,1.08254,1.08253,1690000,1120000
2019-06-18 12:26:07.675000,1.08255,1.08254,2060000,1000000
2019-06-18 12:26:07.809000,1.08255,1.08253,2810000,2720000
2019-06-18 12:26:07.914000,1.08255,1.08253,4000000,1000000
2019-06-18 12:26:08.017000,1.08253,1.08252,2440000,2470000
2019-06-18 12:26:08.230000,1.08252,1.0825,1250000,4350000
2019-06-18 12:26:08.332000,1.08253,1.08251,3940000,1540000
2019-06-18 12:26:08.434000,1.08255,1.08253,5570000,1000000
2019-06-18 12:26:08.536000,1.08255,1.08254,1250000,1500000
2019-06-18 12:26:09.216000,1.08255,1.08253,2870000,2100000
2019-06-18 12:26:09.782000,1.08253,1.08252,1250000,1000000
2019-06-18 12:26:09.885000,1.08252,1.0825,1690000,2670000
2019-06-18 12:26:09.986000,1.08252,1.0825,2620000,1120000
2019-06-18 12:26:10.195000,1.08252,1.0825,1250000,2940000
2019-06-18 12:26:10.348000,1.08253,1.08252,2440000,1000000
2019-06-18 12:26:10.901000,1.08253,1.08252,1250000,1000000
2019-06-18 12:26:11.359000,1.08253,1.08251,1690000,3560000
2019-06-18 12:26:12.349000,1.08253,1.08252,1250000,1000000
2019-06-18 12:26:13.926000,1.08253,1.08251,2560000,2810000
2019-06-18 12:26:14.060000,1.08252,1.0825,2120000,4570000
2019-06-18 12:26:14.163000,1.08252,1.0825,2120000,1720000
2019-06-18 12:26:17.273000,1.0825,1.08248,2440000,2560000
2019-06-18 12:26:17.388000,1.08249,1.08248,1870000,2060000
2019-06-18 12:26:18.282000,1.08249,1.08247,2440000,2810000
2019-06-18 12:26:18.435000,1.08248,1.08247,1000000,1310000
2019-06-18 12:26:18.538000,1.08247,1.08246,1500000,2810000
2019-06-18 12:26:18.852000,1.08247,1.08245,3250000,1870000
2019-06-18 12:26:19.783000,1.08247,1.08244,3750000,4310000
2019-06-18 12:26:20.242000,1.08245,1.08243,1310000,2560000
2019-06-18 12:26:20.424000,1.08245,1.08243,2060000,2060000
2019-06-18 12:26:20.527000,1.08244,1.08243,1120000,1310000
2019-06-18 12:26:22.230000,1.08245,1.08243,1310000,4310000
2019-06-18 12:26:22.791000,1.08246,1.08244,2870000,1000000
2019-06-18 12:26:23.828000,1.08246,1.08243,2500000,4310000
2019-06-18 12:26:25.268000,1.08246,1.08244,2500000,1120000
2019-06-18 12:26:25.627000,1.08247,1.08245,2810000,2190000
2019-06-18 12:26:25.729000,1.08249,1.08247,2140000,1810000
2019-06-18 12:26:25.983000,1.08248,1.08247,1000000,1250000
2019-06-18 12:26:26.149000,1.0825,1.08248,3620000,1120000
2019-06-18 12:26:26.252000,1.0825,1.08248,1310000,2060000
2019-06-18 12:26:26.355000,1.08251,1.08249,3250000,1000000
2019-06-18 12:26:26.458000,1.08249,1.08248,1250000,2620000
2019-06-18 12:26:26.560000,1.08249,1.08247,3620000,1500000
2019-06-18 12:26:26.693000,1.08248,1.08246,1690000,3190000
2019-06-18 12:26:26.796000,1.08247,1.08245,2440000,2190000
2019-06-18 12:26:26.899000,1.08246,1.08244,2120000,1120000
2019-06-18 12:26:28.247000,1.08247,1.08245,2810000,2060000
2019-06-18 12:26:28.349000,1.08248,1.08246,3560000,1250000
2019-06-18 12:26:29.154000,1.08247,1.08246,1000000,1250000
2019-06-18 12:26:29.256000,1.08246,1.08244,1250000,5620000
2019-06-18 12:26:32.255000,1.08246,1.08243,1750000,2810000
2019-06-18 12:26:33.189000,1.08247,1.08244,4070000,1810000
2019-06-18 12:26:34.205000,1.08247,1.08244,4950000,1250000
2019-06-18 12:26:35.885000,1.08248,1.08246,3070000,1370000
2019-06-18 12:26:35.991000,1.08248,1.08246,1120000,3940000
2019-06-18 12:26:36.145000,1.08248,1.08246,1500000,1810000
2019-06-18 12:26:36.248000,1.08248,1.08245,3750000,5250000
2019-06-18 12:26:36.351000,1.08246,1.08244,1000000,4500000
2019-06-18 12:26:36.490000,1.08246,1.08244,1000000,2190000
2019-06-18 12:26:37.318000,1.08246,1.08244,1120000,3560000
2019-06-18 12:26:40.718000,1.08247,1.08244,4440000,2500000
2019-06-18 12:26:40.821000,1.08248,1.08245,5640000,2500000
2019-06-18 12:26:40.964000,1.08248,1.08246,1690000,1250000
2019-06-18 12:26:44.559000,1.08247,1.08245,1500000,1370000
2019-06-18 12:26:44.661000,1.08246,1.08244,1250000,2560000
2019-06-18 12:26:45.049000,1.08247,1.08246,1690000,1000000
2019-06-18 12:26:45.170000,1.08249,1.08248,1000000,1250000
2019-06-18 12:26:45.828000,1.08249,1.08247,2810000,1310000
2019-06-18 12:26:45.931000,1.08248,1.08246,1690000,1690000
2019-06-18 12:26:46.135000,1.08247,1.08245,1000000,2440000
2019-06-18 12:26:46.279000,1.08246,1.08244,1120000,4010000
2019-06-18 12:26:46.789000,1.08247,1.08244,3940000,4370000
2019-06-18 12:26:46.893000,1.08247,1.08246,1690000,1000000
2019-06-18 12:26:46.997000,1.08248,1.08245,3750000,3940000
2019-06-18 12:26:47.101000,1.08247,1.08245,3620000,1000000
2019-06-18 12:26:47.204000,1.08247,1.08245,2060000,1250000
2019-06-18 12:26:47.928000,1.08248,1.08245,3700000,2560000
2019-06-18 12:26:48.932000,1.08248,1.08245,3820000,1690000
2019-06-18 12:26:49.746000,1.08247,1.08245,2500000,3000000
2019-06-18 12:26:50.237000,1.08246,1.08244,1310000,1310000
2019-06-18 12:26:52.700000,1.08246,1.08244,1310000,3690000
2019-06-18 12:26:52.811000,1.08246,1.08244,1310000,2060000
2019-06-18 12:26:59.607000,1.08245,1.08243,1250000,3560000
2019-06-18 12:27:00.325000,1.08245,1.08243,1250000,1810000
2019-06-18 12:27:01.347000,1.08245,1.08243,1310000,1690000
2019-06-18 12:27:03.353000,1.08245,1.08243,1310000,2560000
2019-06-18 12:27:04.365000,1.08245,1.08243,1310000,1690000
2019-06-18 12:27:04.468000,1.08244,1.08243,1250000,1500000
2019-06-18 12:27:08.250000,1.08244,1.08242,2810000,3560000
2019-06-18 12:27:10.014000,1.08243,1.08242,1250000,1000000
2019-06-18 12:27:12.965000,1.08242,1.08241,2060000,1120000
2019-06-18 12:27:13.016000,1.08241,1.08239,1000000,2510000
2019-06-18 12:27:13.118000,1.0824,1.08238,2500000,3750000
2019-06-18 12:27:13.221000,1.08239,1.08237,1690000,3690000
2019-06-18 12:27:13.795000,1.08239,1.08237,2440000,3190000
2019-06-18 12:27:13.897000,1.08238,1.08237,1250000,1000000
2019-06-18 12:27:14.611000,1.08236,1.08235,1690000,1870000
2019-06-18 12:27:14.662000,1.08234,1.08233,1500000,1010000
2019-06-18 12:27:15.010000,1.08233,1.08231,2500000,2620000
2019-06-18 12:27:16.165000,1.08233,1.08231,2440000,1000000
2019-06-18 12:27:16.334000,1.08233,1.08232,1690000,1000000
2019-06-18 12:27:17.353000,1.08234,1.08233,2440000,1000000
2019-06-18 12:27:17.455000,1.08234,1.08233,1690000,1000000
2019-06-18 12:27:18.252000,1.08233,1.08232,1690000,2250000
2019-06-18 12:27:18.353000,1.08233,1.08231,1690000,3310000
2019-06-18 12:27:20.076000,1.08233,1.08231,2500000,2620000
2019-06-18 12:27:22.037000,1.08232,1.0823,1250000,3190000
2019-06-18 12:27:22.449000,1.08232,1.0823,1250000,3310000
2019-06-18 12:27:22.853000,1.08231,1.0823,1000000,2060000
2019-06-18 12:27:22.955000,1.08232,1.0823,2440000,2060000
2019-06-18 12:27:23.158000,1.08231,1.0823,1000000,2060000
2019-06-18 12:27:23.685000,1.08232,1.0823,2440000,1310000
2019-06-18 12:27:25.155000,1.08232,1.0823,3250000,1500000
2019-06-18 12:27:27.051000,1.0823,1.08228,1000000,2440000
2019-06-18 12:27:27.154000,1.08228,1.08227,1500000,2320000
2019-06-18 12:27:29.145000,1.08229,1.08227,3820000,1000000
2019-06-18 12:27:29.248000,1.08228,1.08226,1000000,3690000
2019-06-18 12:27:32.825000,1.08229,1.08227,3070000,1750000
2019-06-18 12:27:32.928000,1.08229,1.08226,4390000,3750000
2019-06-18 12:27:33.029000,1.08228,1.08226,1250000,3690000
2019-06-18 12:27:36.357000,1.08228,1.08226,2950000,1870000
2019-06-18 12:27:36.905000,1.08228,1.08226,4070000,1120000
2019-06-18 12:27:42.276000,1.08228,1.08226,2060000,1310000
2019-06-18 12:27:42.377000,1.08231,1.0823,1250000,1000000
2019-06-18 12:27:42.481000,1.08232,1.0823,3560000,1810000
2019-06-18 12:27:42.583000,1.08233,1.08231,3940000,1000000
2019-06-18 12:27:42.953000,1.08232,1.0823,1750000,2250000
2019-06-18 12:27:44.976000,1.08232,1.08229,1370000,5810000
2019-06-18 12:27:45.129000,1.0823,1.08229,1250000,3000000
2019-06-18 12:27:45.270000,1.08231,1.08228,4200000,2060000
2019-06-18 12:27:46.647000,1.08231,1.08229,1690000,1620000
2019-06-18 12:27:48.302000,1.08232,1.08229,5120000,4060000
2019-06-18 12:27:49.639000,1.0823,1.08229,1250000,2620000
2019-06-18 12:27:49.741000,1.08229,1.08228,1690000,1000000
2019-06-18 12:27:49.792000,1.08229,1.08227,1690000,1690000
2019-06-18 12:27:50.678000,1.08229,1.08227,1250000,2190000
2019-06-18 12:27:50.781000,1.08229,1.08226,3820000,2560000
2019-06-18 12:27:51.390000,1.08228,1.08226,1000000,1810000
2019-06-18 12:27:51.492000,1.08229,1.08227,2320000,1500000
2019-06-18 12:27:51.594000,1.08229,1.08228,1000000,1690000
2019-06-18 12:27:51.696000,1.0823,1.08229,1690000,2620000
2019-06-18 12:27:52.662000,1.08231,1.08229,1690000,1620000
2019-06-18 12:27:54.479000,1.08231,1.08229,2120000,2620000
2019-06-18 12:27:54.644000,1.08231,1.08229,1690000,2750000
2019-06-18 12:28:00.125000,1.0823,1.08228,2810000,1000000
2019-06-18 12:28:00.227000,1.0823,1.08227,3760000,4250000
2019-06-18 12:28:00.788000,1.0823,1.08228,1120000,3250000
2019-06-18 12:28:00.892000,1.08231,1.08229,2060000,2810000
2019-06-18 12:28:01.046000,1.08232,1.0823,1510000,1250000
2019-06-18 12:28:01.811000,1.08232,1.0823,1250000,1310000
2019-06-18 12:28:05.224000,1.08232,1.0823,1250000,2190000
2019-06-18 12:28:05.615000,1.08232,1.0823,1250000,1310000
2019-06-18 12:28:05.717000,1.08233,1.0823,4690000,1750000
2019-06-18 12:28:05.769000,1.08232,1.0823,1250000,1500000
2019-06-18 12:28:08.760000,1.08232,1.0823,1310000,2000000
2019-06-18 12:28:09.731000,1.08232,1.0823,1750000,1870000
2019-06-18 12:28:11.875000,1.0823,1.08229,2060000,1120000
2019-06-18 12:28:11.926000,1.08229,1.08228,3560000,1000000
2019-06-18 12:28:12.028000,1.08229,1.08226,6690000,2560000
2019-06-18 12:28:12.216000,1.08229,1.08227,5440000,1120000
2019-06-18 12:28:12.650000,1.08228,1.08227,1250000,1000000
2019-06-18 12:28:13.694000,1.08229,1.08226,5620000,1620000
2019-06-18 12:28:15.646000,1.08229,1.08228,2920000,1000000
2019-06-18 12:28:19.008000,1.08231,1.0823,1000000,1250000
2019-06-18 12:28:19.175000,1.08232,1.0823,1690000,1810000
2019-06-18 12:28:26.634000,1.08233,1.08231,1690000,1310000
2019-06-18 12:28:29.847000,1.08234,1.08231,5190000,2500000
2019-06-18 12:28:30.467000,1.08234,1.08231,4100000,1750000
2019-06-18 12:28:31.249000,1.08234,1.08231,4750000,1690000
2019-06-18 12:28:31.571000,1.08234,1.08231,5250000,2560000
2019-06-18 12:28:35.591000,1.08234,1.08231,4750000,1690000
2019-06-18 12:28:36.960000,1.08233,1.08231,2500000,1120000
2019-06-18 12:28:37.113000,1.08232,1.08229,1690000,3870000
2019-06-18 12:28:37.215000,1.08231,1.08229,1250000,3750000
2019-06-18 12:28:37.422000,1.08232,1.08229,2500000,5560000
2019-06-18 12:28:40.607000,1.0823,1.08228,2690000,2440000
2019-06-18 12:28:40.709000,1.08229,1.08227,1000000,2370000
2019-06-18 12:28:41.588000,1.0823,1.08227,4010000,3500000
2019-06-18 12:28:41.690000,1.0823,1.08227,2060000,3000000
2019-06-18 12:28:41.836000,1.08231,1.08229,6250000,1000000
2019-06-18 12:28:44.441000,1.0823,1.08228,2500000,1000000
2019-06-18 12:28:44.543000,1.08229,1.08227,1250000,2060000
2019-06-18 12:28:45.514000,1.0823,1.08227,4370000,1810000
2019-06-18 12:28:46.504000,1.0823,1.08227,3250000,2060000
2019-06-18 12:28:47.133000,1.0823,1.08227,3720000,1750000
2019-06-18 12:28:50.662000,1.08231,1.08229,7310000,2440000
2019-06-18 12:28:50.764000,1.08233,1.0823,4370000,2810000
2019-06-18 12:28:50.885000,1.08233,1.0823,2510000,5500000
2019-06-18 12:28:55.323000,1.08232,1.0823,1250000,5060000
2019-06-18 12:28:56.705000,1.08232,1.08229,2260000,4500000
2019-06-18 12:28:56.808000,1.0823,1.08229,1120000,1250000
2019-06-18 12:28:57.820000,1.08229,1.08228,1000000,3040000
2019-06-18 12:28:58.460000,1.08229,1.08227,1390000,2440000
2019-06-18 12:28:59.664000,1.0823,1.08227,4220000,2560000
2019-06-18 12:28:59.817000,1.0823,1.08228,2890000,1250000
2019-06-18 12:28:59.919000,1.08231,1.08228,3790000,3250000
2019-06-18 12:29:00.182000,1.08232,1.08229,5350000,3310000
2019-06-18 12:29:00.284000,1.08232,1.08229,2700000,3190000
2019-06-18 12:29:00.386000,1.08232,1.08229,2700000,2490000
2019-06-18 12:29:01.561000,1.08232,1.0823,1760000,1160000
2019-06-18 12:29:01.866000,1.0823,1.08229,1120000,1300000
2019-06-18 12:29:01.917000,1.0823,1.08228,2570000,1120000
2019-06-18 12:29:02.426000,1.0823,1.08228,2510000,1720000
2019-06-18 12:29:04.774000,1.08229,1.08228,1250000,1720000
2019-06-18 12:29:05.230000,1.0823,1.08227,2510000,2560000
2019-06-18 12:29:05.460000,1.08232,1.0823,6710000,1000000
2019-06-18 12:29:05.768000,1.08233,1.0823,5850000,1120000
2019-06-18 12:29:05.925000,1.08233,1.08231,1100000,1250000
2019-06-18 12:29:17.799000,1.08232,1.0823,1250000,1500000
2019-06-18 12:29:17.902000,1.0823,1.08229,1310000,1000000
2019-06-18 12:29:18.107000,1.0823,1.08228,1310000,2250000
2019-06-18 12:29:18.818000,1.0823,1.08228,1810000,1000000
2019-06-18 12:29:19.326000,1.0823,1.08228,1690000,1120000
2019-06-18 12:29:29.466000,1.08231,1.08229,1870000,2810000
2019-06-18 12:29:29.569000,1.08231,1.0823,1120000,1120000
2019-06-18 12:29:29.876000,1.08232,1.08231,3750000,1250000
2019-06-18 12:29:30.277000,1.08233,1.08231,1250000,1250000
2019-06-18 12:29:35.877000,1.08231,1.0823,1120000,1000000
2019-06-18 12:29:36.031000,1.0823,1.08227,1250000,5510000
2019-06-18 12:29:36.285000,1.0823,1.08227,1750000,3070000
2019-06-18 12:29:36.524000,1.0823,1.08227,1250000,3560000
2019-06-18 12:29:37.582000,1.0823,1.08227,1250000,3070000
2019-06-18 12:29:44.761000,1.08234,1.08231,2350000,1250000
2019-06-18 12:29:50.662000,1.08233,1.0823,1250000,1000000
2019-06-18 12:29:50.796000,1.08233,1.08227,4370000,1500000
2019-06-18 12:29:50.898000,1.08232,1.08227,1750000,1000000
2019-06-18 12:29:51.102000,1.08231,1.08225,1750000,1820000
2019-06-18 12:29:51.935000,1.08231,1.08226,1690000,1250000
2019-06-18 12:29:52.987000,1.08234,1.08228,4500000,1750000
2019-06-18 12:29:53.090000,1.08234,1.08229,1500000,1250000
2019-06-18 12:29:53.210000,1.08235,1.08229,2500000,1250000
2019-06-18 12:29:53.262000,1.0823,1.08226,1250000,1250000
2019-06-18 12:29:53.415000,1.08232,1.08226,1250000,1250000
2019-06-18 12:29:54.138000,1.08233,1.08226,2500000,2500000
2019-06-18 12:29:55.674000,1.08233,1.08228,2810000,2500000
2019-06-18 12:29:55.780000,1.08235,1.0823,3370000,2500000
2019-06-18 12:29:57.305000,1.08234,1.0823,4540000,1000000
2019-06-18 12:29:57.407000,1.0823,1.08227,1250000,1390000
2019-06-18 12:29:59.973000,1.0823,1.08225,1750000,1690000
2019-06-18 12:30:00.074000,1.0823,1.08225,1250000,1750000
2019-06-18 12:30:00.324000,1.08231,1.08225,2500000,2020000
2019-06-18 12:30:00.426000,1.08231,1.08225,2500000,2200000
2019-06-18 12:30:01.428000,1.08229,1.08225,1250000,2500000
2019-06-18 12:30:02.213000,1.0823,1.08225,1250000,1250000
2019-06-18 12:30:02.316000,1.08231,1.08226,1250000,1250000
2019-06-18 12:30:02.418000,1.0823,1.08226,1250000,1000000
2019-06-18 12:30:02.469000,1.08229,1.08224,1250000,1690000
2019-06-18 12:30:03.229000,1.08229,1.08223,2350000,2500000
2019-06-18 12:30:05.791000,1.08229,1.08224,1470000,1250000
2019-06-18 12:30:06.157000,1.08229,1.08223,3410000,1750000
2019-06-18 12:30:06.310000,1.08226,1.08224,1000000,1250000
2019-06-18 12:30:06.412000,1.08226,1.08223,1000000,3250000
2019-06-18 12:30:06.899000,1.08228,1.08223,1010000,4380000
2019-06-18 12:30:07.026000,1.08227,1.08223,1500000,4380000
2019-06-18 12:30:07.910000,1.08228,1.08223,4010000,4380000
2019-06-18 12:30:08.012000,1.08226,1.08223,1000000,4380000
2019-06-18 12:30:10.121000,1.08222,1.08219,1250000,1250000
2019-06-18 12:30:10.223000,1.08217,1.08216,1000000,1000000
2019-06-18 12:30:10.326000,1.08218,1.08217,1250000,1350000
2019-06-18 12:30:10.699000,1.08224,1.08221,1000000,1000000
2019-06-18 12:30:10.751000,1.08223,1.08221,1000000,1250000
2019-06-18 12:30:10.904000,1.08223,1.08221,1500000,1690000
2019-06-18 12:30:11.082000,1.08224,1.08221,1000000,1750000
2019-06-18 12:30:11.285000,1.08225,1.08221,1310000,2620000
2019-06-18 12:30:11.337000,1.08226,1.08224,1010000,1620000
2019-06-18 12:30:11.439000,1.08227,1.08224,1000000,1870000
2019-06-18 12:30:11.922000,1.08228,1.08225,3560000,1690000
2019-06-18 12:30:12.042000,1.08232,1.08229,3260000,3240000
2019-06-18 12:30:12.145000,1.08233,1.08231,2810000,1000000
2019-06-18 12:30:12.608000,1.08232,1.08231,1000000,1000000
2019-06-18 12:30:13.015000,1.08232,1.0823,1200000,1250000
2019-06-18 12:30:14.719000,1.08231,1.08229,1870000,3370000
2019-06-18 12:30:14.826000,1.08229,1.08228,1000000,2440000
2019-06-18 12:30:14.878000,1.08228,1.08226,1000000,1310000
2019-06-18 12:30:14.980000,1.08227,1.08225,1000000,1690000
2019-06-18 12:30:15.963000,1.08228,1.08225,2890000,1690000
2019-06-18 12:30:16.370000,1.08227,1.08224,1100000,4350000
2019-06-18 12:30:16.473000,1.08226,1.08224,1000000,2500000
2019-06-18 12:30:16.617000,1.08227,1.08224,1200000,3250000
2019-06-18 12:30:16.723000,1.08226,1.08224,1000000,2500000
2019-06-18 12:30:18.204000,1.08226,1.08223,1870000,1870000
2019-06-18 12:30:18.256000,1.08222,1.08221,3970000,1000000
2019-06-18 12:30:18.368000,1.08221,1.08218,1870000,12290000
2019-06-18 12:30:18.470000,1.0822,1.08218,1250000,2660000
2019-06-18 12:30:18.573000,1.08219,1.08218,1000000,1690000
2019-06-18 12:30:18.954000,1.08219,1.08217,1000000,4500000
2019-06-18 12:30:19.057000,1.08226,1.08224,1010000,1000000
2019-06-18 12:30:19.109000,1.08225,1.08223,1310000,2810000
2019-06-18 12:30:19.212000,1.08223,1.08222,1500000,1250000
2019-06-18 12:30:19.263000,1.08221,1.0822,1000000,2250000
2019-06-18 12:30:19.366000,1.08222,1.0822,2140000,1310000
2019-06-18 12:30:19.932000,1.08221,1.0822,1000000,1250000
2019-06-18 12:30:22.630000,1.0822,1.08218,2060000,3190000
2019-06-18 12:30:22.733000,1.08217,1.08216,1000000,1250000
2019-06-18 12:30:22.784000,1.08216,1.08214,1870000,1570000
2019-06-18 12:30:22.886000,1.08215,1.08214,1690000,1500000
2019-06-18 12:30:23.123000,1.08214,1.08212,1000000,3250000
2019-06-18 12:30:23.632000,1.08215,1.08213,1950000,1870000
2019-06-18 12:30:23.794000,1.08218,1.08217,2140000,1000000
2019-06-18 12:30:23.948000,1.0822,1.08218,3190000,2060000
2019-06-18 12:30:25.491000,1.08221,1.08219,3040000,1250000
2019-06-18 12:30:26.856000,1.0822,1.08218,2060000,2060000
2019-06-18 12:30:26.969000,1.0822,1.08217,3760000,3250000
2019-06-18 12:30:27.121000,1.08219,1.08217,1000000,2660000
2019-06-18 12:30:27.223000,1.08219,1.08217,2190000,1160000
2019-06-18 12:30:29.106000,1.08218,1.08216,1500000,1690000
2019-06-18 12:30:29.259000,1.08218,1.08215,3750000,1000000
2019-06-18 12:30:29.361000,1.08217,1.08215,2120000,1000000
2019-06-18 12:30:29.989000,1.08216,1.08214,1810000,1120000
2019-06-18 12:30:30.245000,1.08218,1.08215,3260000,2060000
2019-06-18 12:30:30.379000,1.08218,1.08215,3940000,2940000
2019-06-18 12:30:30.482000,1.08218,1.08215,4000000,1120000
2019-06-18 12:30:30.790000,1.08216,1.08214,1690000,1300000
2019-06-18 12:30:30.891000,1.08215,1.08214,1000000,1000000
2019-06-18 12:30:31.203000,1.08215,1.08213,1500000,1120000
2019-06-18 12:30:32.160000,1.08215,1.08213,1620000,1000000
2019-06-18 12:30:32.847000,1.08211,1.0821,2810000,1720000
2019-06-18 12:30:32.898000,1.0821,1.08207,2500000,5190000
2019-06-18 12:30:33,1.0821,1.08207,1870000,4540000
2019-06-18 12:30:33.103000,1.0821,1.08207,1870000,2360000
2019-06-18 12:30:33.204000,1.0821,1.08207,1870000,3040000
2019-06-18 12:30:33.306000,1.08208,1.08207,1250000,1500000
2019-06-18 12:30:35.220000,1.08208,1.08206,1690000,1690000
2019-06-18 12:30:35.272000,1.08207,1.08205,1750000,1500000
2019-06-18 12:30:35.437000,1.08206,1.08204,1250000,3190000
2019-06-18 12:30:35.641000,1.08206,1.08205,1000000,1000000
2019-06-18 12:30:35.743000,1.08208,1.08206,1250000,2440000
2019-06-18 12:30:35.947000,1.08209,1.08207,1750000,1120000
2019-06-18 12:30:36.051000,1.0821,1.08207,4950000,1310000
2019-06-18 12:30:36.988000,1.0821,1.08208,3620000,1000000
2019-06-18 12:30:38.897000,1.08211,1.08208,4060000,1870000
2019-06-18 12:30:39.027000,1.08211,1.08208,3190000,3570000
2019-06-18 12:30:39.924000,1.08213,1.08211,2320000,1750000
2019-06-18 12:30:40.009000,1.08214,1.08213,2810000,1000000
2019-06-18 12:30:40.213000,1.08215,1.08213,3560000,1250000
2019-06-18 12:30:41.074000,1.08213,1.08212,1120000,1300000
2019-06-18 12:30:41.176000,1.0821,1.08207,1810000,4870000
2019-06-18 12:30:41.278000,1.0821,1.08208,1690000,2060000
2019-06-18 12:30:41.799000,1.0821,1.08208,1250000,3190000
2019-06-18 12:30:42.054000,1.08213,1.08211,1500000,2810000
2019-06-18 12:30:42.106000,1.08214,1.08212,2140000,2060000
2019-06-18 12:30:42.209000,1.08214,1.08213,1250000,1000000
2019-06-18 12:30:43.146000,1.08215,1.08213,1250000,2220000
2019-06-18 12:30:44.855000,1.08216,1.08215,1000000,2440000
2019-06-18 12:30:44.959000,1.08217,1.08215,1870000,4390000
2019-06-18 12:30:45.513000,1.08217,1.08215,2560000,2440000
2019-06-18 12:30:47.548000,1.08217,1.08215,1000000,1450000
2019-06-18 12:30:47.650000,1.08218,1.08215,5810000,2120000
2019-06-18 12:30:47.789000,1.08219,1.08217,2060000,1690000
2019-06-18 12:30:48.196000,1.0822,1.08218,3940000,1690000
2019-06-18 12:30:48.327000,1.08221,1.08219,4310000,2370000
2019-06-18 12:30:48.430000,1.08222,1.0822,2500000,1000000
2019-06-18 12:30:48.587000,1.08222,1.08221,1500000,1250000
2019-06-18 12:30:48.689000,1.08223,1.08221,3560000,1250000
2019-06-18 12:30:48.818000,1.08224,1.08223,1250000,1500000
2019-06-18 12:30:48.922000,1.08225,1.08224,1350000,1250000
2019-06-18 12:30:49.024000,1.08227,1.08224,2470000,1250000
2019-06-18 12:30:49.177000,1.08226,1.08223,1000000,7370000
2019-06-18 12:30:50.019000,1.08227,1.08223,1000000,6470000
2019-06-18 12:30:50.171000,1.08227,1.08224,1000000,2260000
2019-06-18 12:30:50.273000,1.08227,1.08224,1250000,1310000
2019-06-18 12:30:51.751000,1.08225,1.08224,1250000,1720000
2019-06-18 12:30:51.853000,1.08225,1.08223,1370000,1000000
2019-06-18 12:30:52.966000,1.08225,1.08222,1870000,3560000
2019-06-18 12:30:53.336000,1.08225,1.08223,1690000,1250000
2019-06-18 12:30:53.490000,1.08226,1.08224,1500000,1500000
2019-06-18 12:30:53.642000,1.08227,1.08225,2940000,1000000
2019-06-18 12:30:53.746000,1.08228,1.08226,1250000,3120000
2019-06-18 12:30:53.797000,1.08229,1.08228,1250000,1000000
2019-06-18 12:30:53.899000,1.0823,1.08228,2060000,1250000
2019-06-18 12:30:54.008000,1.0823,1.08229,1690000,1000000
2019-06-18 12:30:54.110000,1.0823,1.08228,2440000,1390000
2019-06-18 12:30:54.212000,1.0823,1.08228,2500000,1100000
2019-06-18 12:30:54.314000,1.0823,1.08228,2440000,1010000
2019-06-18 12:30:55.513000,1.08231,1.0823,4050000,1310000
2019-06-18 12:30:55.643000,1.08234,1.08232,2440000,1760000
2019-06-18 12:30:55.818000,1.08232,1.0823,1250000,3220000
2019-06-18 12:30:55.921000,1.0823,1.08228,1750000,1500000
2019-06-18 12:30:56.024000,1.0823,1.08228,1690000,2060000
2019-06-18 12:30:56.350000,1.08231,1.08229,1500000,4000000
2019-06-18 12:30:56.452000,1.08233,1.08231,2060000,1250000
2019-06-18 12:30:56.944000,1.08234,1.08231,4500000,3760000
2019-06-18 12:30:57.147000,1.08234,1.08231,4500000,2890000
2019-06-18 12:30:57.445000,1.08234,1.08232,4060000,1310000
2019-06-18 12:30:57.547000,1.08234,1.08232,2250000,1750000
2019-06-18 12:30:58.398000,1.08234,1.08232,2250000,2500000
2019-06-18 12:31:00.141000,1.08235,1.08233,1250000,1250000
2019-06-18 12:31:03.214000,1.08235,1.08233,1990000,1810000
2019-06-18 12:31:03.836000,1.08237,1.08235,2960000,1310000
2019-06-18 12:31:03.888000,1.08238,1.08235,1750000,3260000
2019-06-18 12:31:03.990000,1.0824,1.08238,1690000,2070000
2019-06-18 12:31:04.162000,1.0824,1.08239,1250000,1120000
2019-06-18 12:31:04.316000,1.08241,1.08239,1870000,1690000
2019-06-18 12:31:05.856000,1.0824,1.08238,2060000,1750000
2019-06-18 12:31:06.162000,1.0824,1.08237,5810000,5250000
2019-06-18 12:31:06.878000,1.0824,1.08237,6310000,5700000
2019-06-18 12:31:08.284000,1.08238,1.08237,1120000,1690000
2019-06-18 12:31:08.386000,1.08238,1.08237,1690000,1120000
2019-06-18 12:31:08.587000,1.0824,1.08238,2440000,1000000
2019-06-18 12:31:08.689000,1.0824,1.08239,4310000,1120000
2019-06-18 12:31:12.744000,1.0824,1.08238,4410000,2890000
2019-06-18 12:31:15.104000,1.0824,1.08239,4350000,1500000
2019-06-18 12:31:15.697000,1.0824,1.08238,4600000,1870000
2019-06-18 12:31:25.319000,1.0824,1.08239,2870000,1000000
2019-06-18 12:31:27.106000,1.08242,1.08241,1500000,2620000
2019-06-18 12:31:27.208000,1.08244,1.08242,2440000,1000000
2019-06-18 12:31:27.360000,1.08244,1.08243,1690000,1000000
2019-06-18 12:31:28.365000,1.08244,1.08242,2560000,1000000
2019-06-18 12:31:30.556000,1.08245,1.08243,1500000,3750000
2019-06-18 12:31:30.608000,1.08248,1.08246,1250000,1250000
2019-06-18 12:31:31.189000,1.08248,1.08247,1690000,1000000
2019-06-18 12:31:31.294000,1.08248,1.08246,1250000,1760000
2019-06-18 12:31:33.482000,1.08248,1.08247,1690000,1000000
2019-06-18 12:31:33.583000,1.08249,1.08247,3190000,1000000
2019-06-18 12:31:33.685000,1.08248,1.08247,1690000,1000000
2019-06-18 12:31:33.915000,1.08249,1.08247,3190000,1000000
2019-06-18 12:31:34.018000,1.08249,1.08248,1000000,1870000
2019-06-18 12:31:34.121000,1.0825,1.08249,3190000,1000000
2019-06-18 12:31:36.816000,1.08251,1.08249,1690000,1690000
2019-06-18 12:31:36.918000,1.08251,1.08249,1750000,1500000
2019-06-18 12:31:39.488000,1.08249,1.08247,2440000,1690000
2019-06-18 12:31:39.603000,1.08248,1.08246,4310000,1690000
2019-06-18 12:31:40.521000,1.08248,1.08245,3690000,4820000
2019-06-18 12:31:42.548000,1.08248,1.08245,4690000,4070000
2019-06-18 12:31:45.105000,1.08248,1.08247,1870000,1690000
2019-06-18 12:31:45.208000,1.08249,1.08248,1000000,1250000
2019-06-18 12:31:46.133000,1.0825,1.08248,1690000,1250000
2019-06-18 12:31:50.364000,1.0825,1.08249,1690000,1000000
2019-06-18 12:31:50.416000,1.08252,1.08251,1690000,1500000
2019-06-18 12:31:50.519000,1.08254,1.08253,1250000,4500000
2019-06-18 12:31:50.605000,1.08257,1.08255,1000000,1870000
2019-06-18 12:31:50.657000,1.08259,1.08258,2550000,1000000
2019-06-18 12:31:50.762000,1.0826,1.08259,1000000,1000000
2019-06-18 12:31:50.864000,1.08262,1.0826,3250000,1500000
2019-06-18 12:31:50.983000,1.08262,1.08261,2060000,1000000
2019-06-18 12:31:51.034000,1.08263,1.08262,1000000,1250000
2019-06-18 12:31:51.136000,1.08264,1.08262,1690000,1310000
2019-06-18 12:31:52.975000,1.08264,1.08261,2560000,3820000
2019-06-18 12:31:54.746000,1.08263,1.08261,1500000,3940000
2019-06-18 12:31:54.850000,1.08262,1.0826,1870000,3450000
2019-06-18 12:31:54.943000,1.0826,1.08258,3620000,1870000
2019-06-18 12:31:55.045000,1.0826,1.08258,4870000,1120000
2019-06-18 12:31:55.351000,1.0826,1.08257,6750000,2440000
2019-06-18 12:31:55.944000,1.0826,1.08259,1500000,2440000
2019-06-18 12:31:56.047000,1.08262,1.0826,1000000,3370000
2019-06-18 12:31:56.149000,1.08263,1.08262,1690000,1000000
2019-06-18 12:31:57.118000,1.08261,1.08259,4200000,2370000
2019-06-18 12:31:57.169000,1.08259,1.08257,1750000,2060000
2019-06-18 12:31:57.272000,1.08259,1.08258,1250000,1000000
2019-06-18 12:31:58.107000,1.08259,1.08258,1250000,1000000
2019-06-18 12:31:58.404000,1.08259,1.08257,1690000,1310000
2019-06-18 12:31:59.122000,1.08259,1.08257,4060000,1250000
2019-06-18 12:31:59.276000,1.08259,1.08256,4750000,4310000
2019-06-18 12:31:59.380000,1.08258,1.08255,3000000,1690000
2019-06-18 12:31:59.515000,1.08255,1.08253,1310000,4410000
2019-06-18 12:31:59.618000,1.08254,1.08252,2560000,2810000
2019-06-18 12:31:59.873000,1.08254,1.08251,3370000,2810000
2019-06-18 12:32:03.876000,1.08247,1.08245,1350000,3000000
2019-06-18 12:32:03.979000,1.08244,1.08243,1120000,2250000
2019-06-18 12:32:04.081000,1.08243,1.08242,1000000,1500000
2019-06-18 12:32:04.262000,1.08244,1.08242,4810000,1250000
2019-06-18 12:32:04.364000,1.08244,1.08243,1310000,4350000
2019-06-18 12:32:04.467000,1.0825,1.08247,1950000,2250000
2019-06-18 12:32:04.519000,1.08251,1.08249,1870000,1000000
2019-06-18 12:32:04.606000,1.08252,1.0825,3450000,1120000
2019-06-18 12:32:04.709000,1.08252,1.08251,1250000,1000000
2019-06-18 12:32:04.811000,1.08253,1.08251,2870000,1500000
2019-06-18 12:32:04.913000,1.08253,1.08251,2810000,1810000
2019-06-18 12:32:05.309000,1.08253,1.08251,3190000,1690000
2019-06-18 12:32:05.411000,1.08253,1.08252,1000000,1250000
2019-06-18 12:32:05.522000,1.08253,1.08251,1870000,1250000
2019-06-18 12:32:08.331000,1.08253,1.08252,1870000,1690000
2019-06-18 12:32:08.433000,1.08254,1.08252,1000000,3750000
2019-06-18 12:32:08.536000,1.08255,1.08252,3000000,4570000
2019-06-18 12:32:10.692000,1.08254,1.08252,1000000,4500000
2019-06-18 12:32:10.805000,1.08252,1.08251,1000000,1000000
2019-06-18 12:32:11.136000,1.08252,1.0825,1000000,3190000
2019-06-18 12:32:11.755000,1.08252,1.0825,1000000,1690000
2019-06-18 12:32:13.017000,1.08251,1.08249,1000000,3940000
2019-06-18 12:32:13.119000,1.08249,1.08247,2370000,3940000
2019-06-18 12:32:14.087000,1.08247,1.08246,1500000,2620000
2019-06-18 12:32:14.190000,1.08248,1.08246,1000000,1500000
2019-06-18 12:32:14.541000,1.08249,1.08247,3250000,1870000
2019-06-18 12:32:14.643000,1.08249,1.08247,1690000,3560000
2019-06-18 12:32:15.704000,1.0825,1.08247,5120000,3760000
2019-06-18 12:32:15.872000,1.08248,1.08247,1000000,2140000
2019-06-18 12:32:16.770000,1.08248,1.08246,2240000,3190000
2019-06-18 12:32:16.872000,1.08247,1.08246,1120000,3190000
2019-06-18 12:32:17.282000,1.08247,1.08244,2060000,7820000
2019-06-18 12:32:17.385000,1.08247,1.08244,2810000,5620000
2019-06-18 12:32:17.901000,1.08247,1.08246,1870000,1250000
2019-06-18 12:32:18.493000,1.08249,1.08248,2440000,1000000
2019-06-18 12:32:18.597000,1.0825,1.08249,2250000,1310000
2019-06-18 12:32:18.700000,1.08251,1.08249,3560000,1310000
2019-06-18 12:32:19.932000,1.08251,1.08249,1870000,2870000
2019-06-18 12:32:20.135000,1.0825,1.08249,1250000,1000000
2019-06-18 12:32:20.186000,1.08251,1.08249,1500000,1250000
2019-06-18 12:32:20.237000,1.08249,1.08248,1000000,1690000
2019-06-18 12:32:20.339000,1.08249,1.08248,1500000,1250000
2019-06-18 12:32:20.719000,1.08248,1.08247,2250000,3190000
2019-06-18 12:32:20.871000,1.08246,1.08245,1250000,1500000
2019-06-18 12:32:20.973000,1.08247,1.08245,3310000,1250000
2019-06-18 12:32:21.342000,1.08245,1.08244,1000000,1250000
2019-06-18 12:32:21.444000,1.08244,1.08243,1500000,3940000
2019-06-18 12:32:21.547000,1.08243,1.08242,1000000,1250000
2019-06-18 12:32:21.598000,1.08243,1.08241,1620000,1250000
2019-06-18 12:32:22.234000,1.08244,1.08243,2250000,1690000
2019-06-18 12:32:22.337000,1.08246,1.08243,3450000,4690000
2019-06-18 12:32:22.440000,1.08246,1.08243,2940000,4000000
2019-06-18 12:32:22.671000,1.08247,1.08245,3000000,1000000
2019-06-18 12:32:22.789000,1.08247,1.08245,2250000,2500000
2019-06-18 12:32:22.892000,1.08247,1.08245,2060000,1250000
2019-06-18 12:32:22.995000,1.08248,1.08246,2810000,2060000
2019-06-18 12:32:23.097000,1.08248,1.08246,1120000,3700000
2019-06-18 12:32:23.690000,1.08247,1.08246,1250000,1500000
2019-06-18 12:32:23.843000,1.08246,1.08245,1000000,1310000
2019-06-18 12:32:23.945000,1.08246,1.08244,1000000,2700000
2019-06-18 12:32:25.156000,1.08247,1.08245,1870000,3250000
2019-06-18 12:32:25.856000,1.08247,1.08245,1620000,3260000
2019-06-18 12:32:25.958000,1.08247,1.08245,2250000,1500000
2019-06-18 12:32:26.060000,1.08247,1.08244,2250000,3940000
2019-06-18 12:32:27.278000,1.08244,1.08242,1000000,3390000
2019-06-18 12:32:27.533000,1.08245,1.08242,4310000,2500000
2019-06-18 12:32:27.915000,1.08246,1.08244,2870000,1000000
2019-06-18 12:32:28.018000,1.08246,1.08245,1250000,1000000
2019-06-18 12:32:28.171000,1.08246,1.08244,2060000,1010000
2019-06-18 12:32:29.893000,1.08245,1.08243,1500000,2870000
2019-06-18 12:32:29.995000,1.08244,1.08243,1500000,1690000
2019-06-18 12:32:30.204000,1.08244,1.08241,2440000,3620000
2019-06-18 12:32:30.307000,1.08244,1.08241,3250000,2810000
2019-06-18 12:32:31.088000,1.08242,1.0824,1500000,5500000
2019-06-18 12:32:32.272000,1.08243,1.08241,2440000,1690000
2019-06-18 12:32:34.248000,1.08242,1.0824,1500000,1870000
2019-06-18 12:32:34.393000,1.08241,1.08239,2060000,1310000
2019-06-18 12:32:34.800000,1.08241,1.08238,2500000,3310000
2019-06-18 12:32:35.241000,1.0824,1.08238,1250000,1690000
2019-06-18 12:32:35.394000,1.08238,1.08236,1500000,4070000
2019-06-18 12:32:36.242000,1.08239,1.08237,3560000,1250000
2019-06-18 12:32:36.344000,1.0824,1.08238,1250000,2440000
2019-06-18 12:32:37.235000,1.08241,1.08238,3370000,4060000
2019-06-18 12:32:38.235000,1.08241,1.08238,2870000,3260000
2019-06-18 12:32:39.313000,1.08241,1.08239,1000000,1870000
2019-06-18 12:32:39.416000,1.0824,1.08238,1000000,5320000
2019-06-18 12:32:39.715000,1.0824,1.08237,1690000,3700000
2019-06-18 12:32:39.818000,1.08237,1.08235,1500000,3750000
2019-06-18 12:32:39.972000,1.08237,1.08235,2250000,2250000
2019-06-18 12:32:41.060000,1.08236,1.08235,1250000,1000000
2019-06-18 12:32:41.162000,1.08236,1.08234,1250000,2060000
2019-06-18 12:32:41.366000,1.08237,1.08236,2440000,1000000
2019-06-18 12:32:41.468000,1.0824,1.08237,6190000,1690000
2019-06-18 12:32:42.739000,1.0824,1.08238,2120000,1000000
2019-06-18 12:32:42.841000,1.08241,1.08238,2620000,2440000
2019-06-18 12:32:45.026000,1.08241,1.08239,2620000,1000000
2019-06-18 12:32:45.128000,1.08241,1.0824,1120000,1690000
2019-06-18 12:32:45.231000,1.0824,1.08239,1000000,1250000
2019-06-18 12:32:46.241000,1.08241,1.08238,2440000,6750000
2019-06-18 12:32:46.676000,1.08242,1.08241,3940000,1000000
2019-06-18 12:32:46.809000,1.08241,1.0824,1690000,1000000
2019-06-18 12:32:46.962000,1.08241,1.08239,1310000,1250000
2019-06-18 12:32:47.525000,1.0824,1.08239,1000000,1250000
2019-06-18 12:32:47.628000,1.08239,1.08238,1000000,1690000
2019-06-18 12:32:47.731000,1.08238,1.08237,1500000,1310000
2019-06-18 12:32:47.783000,1.08237,1.08235,1500000,4950000
2019-06-18 12:32:47.924000,1.08236,1.08235,1000000,1000000
2019-06-18 12:32:48.077000,1.08235,1.08234,1120000,1120000
2019-06-18 12:32:48.935000,1.08235,1.08233,1310000,3190000
2019-06-18 12:32:49.389000,1.08236,1.08235,1000000,1250000
2019-06-18 12:32:49.492000,1.08237,1.08235,2440000,1250000
2019-06-18 12:32:49.641000,1.08237,1.08235,2500000,1500000
2019-06-18 12:32:50.005000,1.08237,1.08235,3000000,1000000
2019-06-18 12:32:50.109000,1.08237,1.08235,2250000,2120000
2019-06-18 12:32:50.212000,1.08238,1.08236,1690000,2060000
2019-06-18 12:32:50.326000,1.08237,1.08236,1000000,2440000
2019-06-18 12:32:50.429000,1.08237,1.08235,1500000,2250000
2019-06-18 12:32:50.532000,1.08235,1.08234,1000000,1250000
2019-06-18 12:32:50.701000,1.08235,1.08233,1000000,2060000
2019-06-18 12:32:52.294000,1.08236,1.08234,1000000,3000000
2019-06-18 12:32:52.397000,1.08237,1.08234,2250000,4570000
2019-06-18 12:32:52.499000,1.08237,1.08235,2250000,2120000
2019-06-18 12:32:53.588000,1.08239,1.08236,5250000,2440000
2019-06-18 12:32:53.741000,1.08237,1.08235,1000000,4450000
2019-06-18 12:32:54.315000,1.08238,1.08235,3190000,3820000
2019-06-18 12:32:54.910000,1.08237,1.08235,1000000,5950000
2019-06-18 12:32:55.172000,1.08238,1.08236,1690000,1760000
2019-06-18 12:32:55.377000,1.08239,1.08237,1250000,1890000
2019-06-18 12:32:56.740000,1.0824,1.08237,2870000,1760000
2019-06-18 12:32:56.842000,1.08239,1.08237,2250000,2320000
2019-06-18 12:32:56.950000,1.08236,1.08235,1250000,4500000
2019-06-18 12:32:57.053000,1.08236,1.08235,1690000,1500000
2019-06-18 12:32:57.155000,1.08237,1.08235,2250000,1370000
2019-06-18 12:32:57.308000,1.08236,1.08235,1000000,1010000
2019-06-18 12:32:57.409000,1.08236,1.08234,1000000,3070000
2019-06-18 12:32:58.309000,1.08237,1.08234,2060000,1950000
2019-06-18 12:32:59.300000,1.08237,1.08234,3190000,4140000
2019-06-18 12:33:00.358000,1.08237,1.08235,3190000,1600000
2019-06-18 12:33:00.459000,1.08237,1.08235,1690000,1950000
2019-06-18 12:33:00.576000,1.08237,1.08235,1500000,4450000
2019-06-18 12:33:00.683000,1.08238,1.08236,2440000,1120000
2019-06-18 12:33:00.785000,1.08237,1.08236,1000000,1000000
2019-06-18 12:33:00.990000,1.08238,1.08236,1250000,2620000
2019-06-18 12:33:01.092000,1.08239,1.08236,3000000,4510000
2019-06-18 12:33:01.206000,1.08238,1.08236,1250000,3390000
2019-06-18 12:33:01.308000,1.08238,1.08236,2500000,2320000
2019-06-18 12:33:02.215000,1.08237,1.08235,1250000,1310000
2019-06-18 12:33:02.492000,1.08238,1.08237,1310000,1000000
2019-06-18 12:33:02.595000,1.08238,1.08236,2060000,4760000
2019-06-18 12:33:02.958000,1.08237,1.08236,1250000,1500000
2019-06-18 12:33:03.060000,1.08236,1.08235,2440000,1570000
2019-06-18 12:33:03.162000,1.08236,1.08234,4000000,1120000
2019-06-18 12:33:03.500000,1.08235,1.08233,1250000,1840000
2019-06-18 12:33:03.864000,1.08235,1.08233,1250000,1250000
2019-06-18 12:33:05.884000,1.08238,1.08236,2060000,1000000
2019-06-18 12:33:05.987000,1.08238,1.08235,3250000,4890000
2019-06-18 12:33:06.319000,1.08237,1.08234,1250000,3750000
2019-06-18 12:33:06.421000,1.08236,1.08234,1250000,2940000
2019-06-18 12:33:07.282000,1.08236,1.08234,1690000,2060000
2019-06-18 12:33:08.465000,1.08237,1.08235,1120000,2500000
2019-06-18 12:33:08.567000,1.08238,1.08236,2060000,1690000
2019-06-18 12:33:09.481000,1.08238,1.08236,1250000,1810000
2019-06-18 12:33:10.761000,1.08239,1.08238,1250000,1120000
2019-06-18 12:33:10.868000,1.0824,1.08238,1250000,1620000
2019-06-18 12:33:10.970000,1.0824,1.08238,1250000,1810000
2019-06-18 12:33:11.764000,1.08241,1.08238,4120000,2440000
2019-06-18 12:33:12.740000,1.0824,1.08238,1310000,1810000
2019-06-18 12:33:13.746000,1.0824,1.08238,1310000,1690000
2019-06-18 12:33:14.304000,1.0824,1.08238,1810000,1310000
2019-06-18 12:33:15.380000,1.08237,1.08235,1750000,5700000
2019-06-18 12:33:15.483000,1.08237,1.08235,2620000,1000000
2019-06-18 12:33:17.353000,1.08237,1.08235,1690000,1310000
2019-06-18 12:33:19.622000,1.08238,1.08236,3000000,1500000
2019-06-18 12:33:19.725000,1.08238,1.08236,4370000,1120000
2019-06-18 12:33:20.348000,1.08238,1.08236,1500000,2620000
2019-06-18 12:33:20.451000,1.08239,1.08236,3940000,2620000
2019-06-18 12:33:20.705000,1.08239,1.08237,1310000,1810000
2019-06-18 12:33:20.975000,1.08239,1.08237,1250000,1390000
2019-06-18 12:33:21.129000,1.08239,1.08236,3000000,1390000
2019-06-18 12:33:21.292000,1.08233,1.08226,4000000,1620000
2019-06-18 12:33:21.343000,1.08229,1.08226,3050000,1500000
2019-06-18 12:33:21.444000,1.08229,1.08226,1870000,1000000
2019-06-18 12:33:21.558000,1.08228,1.08225,1120000,3000000
2019-06-18 12:33:21.660000,1.08228,1.08226,1500000,1500000
2019-06-18 12:33:21.813000,1.08228,1.08226,1750000,1870000
2019-06-18 12:33:21.916000,1.08229,1.08227,4000000,1500000
2019-06-18 12:33:22.035000,1.08229,1.08227,3190000,2440000
2019-06-18 12:33:22.137000,1.08225,1.08224,2760000,2250000
2019-06-18 12:33:22.239000,1.08224,1.08223,1500000,1000000
2019-06-18 12:33:22.345000,1.08224,1.08221,1500000,3370000
2019-06-18 12:33:22.449000,1.08224,1.08221,2500000,2810000
2019-06-18 12:33:22.551000,1.08224,1.08221,1690000,2270000
2019-06-18 12:33:22.666000,1.08224,1.08221,2500000,1460000
2019-06-18 12:33:22.873000,1.08222,1.0822,1000000,3620000
2019-06-18 12:33:22.985000,1.08221,1.0822,1500000,1250000
2019-06-18 12:33:23.046000,1.0822,1.08218,1500000,1120000
2019-06-18 12:33:23.150000,1.08219,1.08218,1000000,1270000
2019-06-18 12:33:23.201000,1.08219,1.08216,3370000,1200000
2019-06-18 12:33:23.324000,1.08217,1.08216,1300000,1200000
2019-06-18 12:33:23.377000,1.08215,1.08213,1500000,1120000
2019-06-18 12:33:23.529000,1.08215,1.08213,1000000,1000000
2019-06-18 12:33:23.683000,1.08217,1.08215,1390000,2060000
2019-06-18 12:33:23.734000,1.08219,1.08218,2700000,1000000
2019-06-18 12:33:23.837000,1.08221,1.08218,1500000,1500000
2019-06-18 12:33:23.951000,1.08219,1.08218,1000000,1000000
2019-06-18 12:33:24.053000,1.08219,1.08218,1000000,2620000
2019-06-18 12:33:24.155000,1.08219,1.08218,1500000,1250000
2019-06-18 12:33:24.285000,1.0822,1.08218,2250000,2940000
2019-06-18 12:33:24.387000,1.0822,1.08218,1750000,1870000
2019-06-18 12:33:24.490000,1.08222,1.0822,3000000,1120000
2019-06-18 12:33:24.596000,1.08226,1.08223,1870000,1500000
2019-06-18 12:33:24.647000,1.08228,1.08225,1870000,1870000
2019-06-18 12:33:24.752000,1.08229,1.08227,3000000,1000000
2019-06-18 12:33:24.913000,1.08227,1.08226,1500000,1000000
2019-06-18 12:33:24.964000,1.08226,1.08225,1250000,1000000
2019-06-18 12:33:25.117000,1.08227,1.08225,2250000,1250000
2019-06-18 12:33:25.302000,1.08225,1.08224,1500000,1000000
2019-06-18 12:33:25.403000,1.08227,1.08225,1690000,2370000
2019-06-18 12:33:25.454000,1.08228,1.08227,1500000,1000000
2019-06-18 12:33:25.556000,1.08229,1.08226,1500000,2750000
2019-06-18 12:33:25.669000,1.08227,1.08226,1120000,1000000
2019-06-18 12:33:25.773000,1.08225,1.08223,1500000,4720000
2019-06-18 12:33:25.875000,1.08224,1.08222,1000000,1870000
2019-06-18 12:33:26.145000,1.08224,1.08221,2440000,2500000
2019-06-18 12:33:26.247000,1.08223,1.08221,1250000,1000000
2019-06-18 12:33:26.349000,1.08223,1.08221,1690000,1840000
2019-06-18 12:33:26.597000,1.08224,1.08222,2950000,1000000
2019-06-18 12:33:26.648000,1.08225,1.08222,1000000,1500000
2019-06-18 12:33:26.751000,1.08226,1.08224,1000000,1000000
2019-06-18 12:33:26.859000,1.08224,1.08222,2250000,5470000
2019-06-18 12:33:27.063000,1.08225,1.08223,6070000,1250000
2019-06-18 12:33:27.180000,1.08224,1.08221,1570000,3620000
2019-06-18 12:33:27.284000,1.08224,1.08221,1000000,1310000
2019-06-18 12:33:27.387000,1.08224,1.08221,1570000,2120000
2019-06-18 12:33:27.707000,1.08223,1.08221,1000000,1370000
2019-06-18 12:33:27.862000,1.08225,1.08223,3370000,1120000
2019-06-18 12:33:28.013000,1.08226,1.08224,2440000,1120000
2019-06-18 12:33:28.115000,1.08227,1.08225,1250000,1500000
2019-06-18 12:33:28.326000,1.08225,1.08224,2250000,1250000
2019-06-18 12:33:28.378000,1.08225,1.08222,2250000,4570000
2019-06-18 12:33:28.429000,1.08226,1.08225,1870000,1250000
2019-06-18 12:33:28.533000,1.08228,1.08226,3470000,1250000
2019-06-18 12:33:28.687000,1.08226,1.08224,1000000,1620000
2019-06-18 12:33:28.790000,1.0822,1.08217,1000000,3000000
2019-06-18 12:33:28.892000,1.08219,1.08217,1500000,1200000
2019-06-18 12:33:29.046000,1.08219,1.08216,1500000,2620000
2019-06-18 12:33:29.152000,1.0822,1.08218,1000000,3870000
2019-06-18 12:33:29.204000,1.08222,1.08219,2510000,2060000
2019-06-18 12:33:29.255000,1.08219,1.08218,1000000,1870000
2019-06-18 12:33:29.357000,1.08217,1.08216,1000000,1310000
2019-06-18 12:33:29.458000,1.08215,1.08213,1000000,1500000
2019-06-18 12:33:29.559000,1.08214,1.08212,1000000,1570000
2019-06-18 12:33:29.610000,1.08212,1.0821,1000000,1000000
2019-06-18 12:33:29.712000,1.08212,1.08209,2250000,2850000
2019-06-18 12:33:29.814000,1.08211,1.08208,1500000,3120000
2019-06-18 12:33:29.972000,1.08212,1.0821,1000000,1250000
2019-06-18 12:33:30.074000,1.08212,1.0821,1250000,1000000
2019-06-18 12:33:30.178000,1.08213,1.08211,2500000,1000000
2019-06-18 12:33:30.308000,1.08213,1.0821,1690000,3390000
2019-06-18 12:33:30.462000,1.08213,1.08211,3000000,1370000
2019-06-18 12:33:30.574000,1.08212,1.0821,1500000,1010000
2019-06-18 12:33:30.778000,1.08211,1.08209,1500000,1370000
2019-06-18 12:33:30.829000,1.0821,1.08207,1500000,4540000
2019-06-18 12:33:30.932000,1.08209,1.08207,1000000,2370000
2019-06-18 12:33:31.397000,1.0821,1.08208,1250000,2370000
2019-06-18 12:33:31.557000,1.0821,1.08208,1250000,3070000
2019-06-18 12:33:31.660000,1.08211,1.08208,2440000,3870000
2019-06-18 12:33:31.913000,1.0821,1.08208,1310000,2060000
2019-06-18 12:33:32.016000,1.0821,1.08209,1000000,1250000
2019-06-18 12:33:32.118000,1.08211,1.08208,1500000,2870000
2019-06-18 12:33:32.231000,1.0821,1.08208,1000000,2120000
2019-06-18 12:33:32.282000,1.08208,1.08207,1870000,1000000
2019-06-18 12:33:32.385000,1.08206,1.08203,1500000,2370000
2019-06-18 12:33:32.497000,1.08207,1.08204,2250000,1850000
2019-06-18 12:33:32.605000,1.08206,1.08204,1500000,1350000
2019-06-18 12:33:32.657000,1.08205,1.08203,1000000,2310000
2019-06-18 12:33:32.761000,1.08204,1.08202,2620000,2100000
2019-06-18 12:33:32.863000,1.08199,1.08196,2250000,3450000
2019-06-18 12:33:32.965000,1.082,1.08197,1500000,1200000
2019-06-18 12:33:33.088000,1.082,1.08196,3000000,1100000
2019-06-18 12:33:33.140000,1.082,1.08198,1690000,1250000
2019-06-18 12:33:33.242000,1.082,1.08197,2500000,1500000
2019-06-18 12:33:33.352000,1.08199,1.08197,1000000,1810000
2019-06-18 12:33:33.455000,1.08201,1.082,1000000,1500000
2019-06-18 12:33:33.558000,1.08203,1.082,2350000,1500000
2019-06-18 12:33:33.666000,1.08203,1.08201,1250000,1000000
2019-06-18 12:33:33.718000,1.08205,1.08202,1500000,1000000
2019-06-18 12:33:33.769000,1.08205,1.08202,2500000,1870000
2019-06-18 12:33:33.870000,1.08205,1.08203,1750000,1000000
2019-06-18 12:33:34.030000,1.08205,1.08203,1250000,1000000
2019-06-18 12:33:34.183000,1.08206,1.08203,2870000,3190000
2019-06-18 12:33:34.301000,1.08206,1.08205,1000000,1000000
2019-06-18 12:33:34.404000,1.08209,1.08207,1000000,2620000
2019-06-18 12:33:34.455000,1.08211,1.08207,1500000,1870000
2019-06-18 12:33:34.557000,1.08211,1.08208,1000000,1500000
2019-06-18 12:33:34.662000,1.0821,1.08208,1250000,2250000
2019-06-18 12:33:34.713000,1.08214,1.08211,1000000,3850000
2019-06-18 12:33:34.764000,1.08216,1.08212,1000000,1100000
2019-06-18 12:33:34.866000,1.08216,1.08213,2250000,1570000
2019-06-18 12:33:34.917000,1.08214,1.08213,1000000,1200000
2019-06-18 12:33:35.078000,1.08214,1.08212,1000000,1250000
2019-06-18 12:33:35.181000,1.08215,1.08213,1500000,1370000
2019-06-18 12:33:35.284000,1.08214,1.08212,1000000,1250000
2019-06-18 12:33:35.335000,1.08214,1.08211,1250000,2890000
2019-06-18 12:33:35.426000,1.08214,1.08212,1000000,1370000
2019-06-18 12:33:35.584000,1.08216,1.08213,1250000,1390000
2019-06-18 12:33:35.687000,1.08216,1.08213,1000000,1200000
2019-06-18 12:33:35.811000,1.08215,1.08213,1250000,1390000
2019-06-18 12:33:35.913000,1.08212,1.0821,1500000,1500000
2019-06-18 12:33:36.015000,1.08212,1.08209,1000000,3450000
2019-06-18 12:33:36.127000,1.08213,1.08212,2250000,1250000
2019-06-18 12:33:36.230000,1.08216,1.08213,1000000,2720000
2019-06-18 12:33:36.332000,1.08216,1.08213,1500000,1200000
2019-06-18 12:33:36.461000,1.08216,1.08214,1000000,1120000
2019-06-18 12:33:36.572000,1.08215,1.08213,1750000,1500000
2019-06-18 12:33:36.674000,1.08215,1.08213,2250000,1450000
2019-06-18 12:33:36.777000,1.08216,1.08213,1500000,4220000
2019-06-18 12:33:36.895000,1.08217,1.08214,4370000,1220000
2019-06-18 12:33:36.997000,1.08215,1.08213,1000000,2290000
2019-06-18 12:33:37.099000,1.08216,1.08214,1000000,1390000
2019-06-18 12:33:37.216000,1.08216,1.08214,1000000,1850000
2019-06-18 12:33:37.369000,1.08217,1.08214,1690000,1390000
2019-06-18 12:33:37.579000,1.08216,1.08215,1000000,1000000
2019-06-18 12:33:37.681000,1.08217,1.08214,2250000,3470000
2019-06-18 12:33:37.896000,1.08217,1.08214,1750000,2100000
2019-06-18 12:33:37.999000,1.08217,1.08216,1000000,1010000
2019-06-18 12:33:38.102000,1.08216,1.08214,1000000,1820000
2019-06-18 12:33:38.205000,1.08217,1.08214,1690000,2570000
2019-06-18 12:33:38.371000,1.08217,1.08214,1750000,2140000
2019-06-18 12:33:38.473000,1.08217,1.08215,1250000,1100000
2019-06-18 12:33:38.722000,1.08221,1.08218,2250000,1500000
2019-06-18 12:33:38.824000,1.0822,1.08217,1500000,5470000
2019-06-18 12:33:38.926000,1.0822,1.08217,1750000,5290000
2019-06-18 12:33:39.028000,1.0822,1.08218,1500000,1450000
2019-06-18 12:33:39.134000,1.08219,1.08217,1000000,1750000
2019-06-18 12:33:39.236000,1.08221,1.08218,1750000,1500000
2019-06-18 12:33:39.390000,1.08223,1.0822,6250000,1000000
2019-06-18 12:33:39.498000,1.08225,1.08223,2620000,1120000
2019-06-18 12:33:39.551000,1.08229,1.08225,2250000,3850000
2019-06-18 12:33:39.655000,1.0823,1.08226,1500000,3100000
2019-06-18 12:33:39.708000,1.08231,1.08229,1000000,5550000
2019-06-18 12:33:39.861000,1.08231,1.08228,3750000,2100000
2019-06-18 12:33:39.963000,1.08231,1.08228,2250000,2470000
2019-06-18 12:33:40.175000,1.08231,1.08227,6000000,3040000
2019-06-18 12:33:40.277000,1.08231,1.08226,8500000,1450000
2019-06-18 12:33:40.911000,1.0823,1.08226,3190000,1250000
2019-06-18 12:33:41.014000,1.08226,1.08223,1870000,1000000
2019-06-18 12:33:41.065000,1.08226,1.08222,10040000,1200000
2019-06-18 12:33:41.167000,1.08224,1.08219,5850000,4200000
2019-06-18 12:33:41.307000,1.08224,1.08221,5440000,1250000
2019-06-18 12:33:41.409000,1.08224,1.0822,3250000,1250000
2019-06-18 12:33:41.511000,1.08224,1.0822,1750000,4850000
2019-06-18 12:33:41.619000,1.08224,1.0822,1750000,2510000
2019-06-18 12:33:41.732000,1.08237,1.08234,1000000,1500000
2019-06-18 12:33:41.835000,1.08238,1.08236,1500000,2620000
2019-06-18 12:33:41.887000,1.08239,1.08237,1000000,1870000
2019-06-18 12:33:41.995000,1.08242,1.08238,1000000,2700000
2019-06-18 12:33:42.097000,1.08242,1.08238,3250000,1950000
2019-06-18 12:33:42.199000,1.08242,1.08238,4310000,1250000
2019-06-18 12:33:42.368000,1.08242,1.0824,1690000,1000000
2019-06-18 12:33:42.419000,1.08244,1.08242,3250000,1500000
2019-06-18 12:33:42.470000,1.08246,1.08243,1000000,1500000
2019-06-18 12:33:42.643000,1.08246,1.08242,1500000,2320000
2019-06-18 12:33:42.695000,1.08246,1.08242,2500000,1570000
2019-06-18 12:33:42.797000,1.08245,1.08243,2250000,1250000
2019-06-18 12:33:42.848000,1.08245,1.08242,3500000,1250000
2019-06-18 12:33:42.964000,1.08244,1.08241,3040000,1010000
2019-06-18 12:33:43.015000,1.08243,1.08237,5550000,1720000
2019-06-18 12:33:43.118000,1.08243,1.08241,2250000,1250000
2019-06-18 12:33:43.169000,1.08245,1.08242,3320000,1250000
2019-06-18 12:33:43.282000,1.08248,1.08243,2720000,3000000
2019-06-18 12:33:43.386000,1.08248,1.08243,2250000,3370000
2019-06-18 12:33:43.522000,1.08249,1.08245,4570000,1000000
2019-06-18 12:33:43.626000,1.08253,1.08249,1500000,1870000
2019-06-18 12:33:43.732000,1.08257,1.08252,1720000,3120000
2019-06-18 12:33:43.840000,1.08258,1.08255,1000000,2100000
2019-06-18 12:33:44.044000,1.08259,1.08255,1250000,1620000
2019-06-18 12:33:44.145000,1.08258,1.08255,1000000,4120000
2019-06-18 12:33:44.266000,1.08257,1.08256,1000000,1250000
2019-06-18 12:33:44.321000,1.08255,1.08253,1000000,2510000
2019-06-18 12:33:44.592000,1.08251,1.08247,3420000,2700000
2019-06-18 12:33:44.698000,1.0825,1.08246,1000000,3000000
2019-06-18 12:33:44.800000,1.08249,1.08246,1000000,2320000
2019-06-18 12:33:44.969000,1.08249,1.08245,1870000,3000000
2019-06-18 12:33:45.071000,1.08251,1.08247,1500000,1690000
2019-06-18 12:33:45.173000,1.0825,1.08247,1250000,1090000
2019-06-18 12:33:45.284000,1.08248,1.08246,1250000,3750000
2019-06-18 12:33:45.386000,1.08246,1.08244,1000000,1000000
2019-06-18 12:33:45.539000,1.08246,1.08244,1000000,1750000
2019-06-18 12:33:45.710000,1.0825,1.08248,1000000,1000000
2019-06-18 12:33:45.819000,1.0825,1.08246,1000000,2850000
2019-06-18 12:33:45.872000,1.08248,1.08246,1000000,1300000
2019-06-18 12:33:45.923000,1.08247,1.08244,1690000,1250000
2019-06-18 12:33:46.026000,1.08248,1.08246,3070000,1250000
2019-06-18 12:33:46.077000,1.08248,1.08244,1000000,1690000
2019-06-18 12:33:46.179000,1.08249,1.08244,2320000,1000000
2019-06-18 12:33:46.230000,1.08247,1.08245,1500000,1250000
2019-06-18 12:33:46.332000,1.08248,1.08244,2950000,1250000
2019-06-18 12:33:46.440000,1.08249,1.08247,2500000,1000000
2019-06-18 12:33:46.491000,1.08249,1.08247,1690000,1250000
2019-06-18 12:33:46.594000,1.08249,1.08245,1750000,1770000
2019-06-18 12:33:46.696000,1.08246,1.08242,1500000,2100000
2019-06-18 12:33:46.814000,1.08242,1.08239,2100000,7500000
2019-06-18 12:33:46.921000,1.08242,1.08239,1500000,3560000
2019-06-18 12:33:47.027000,1.08243,1.08241,2850000,1250000
2019-06-18 12:33:47.079000,1.08245,1.08243,1250000,1000000
2019-06-18 12:33:47.181000,1.08246,1.08241,1850000,5960000
2019-06-18 12:33:47.283000,1.08244,1.08241,1250000,1220000
2019-06-18 12:33:47.404000,1.08241,1.0824,1500000,1650000
2019-06-18 12:33:47.507000,1.08241,1.08239,3000000,1000000
2019-06-18 12:33:47.611000,1.08243,1.08238,3070000,3750000
2019-06-18 12:33:47.727000,1.08242,1.08239,1250000,1000000
2019-06-18 12:33:47.890000,1.08242,1.08241,1250000,1000000
2019-06-18 12:33:47.993000,1.08244,1.08242,1250000,1000000
2019-06-18 12:33:48.044000,1.08246,1.08243,3750000,1000000
2019-06-18 12:33:48.171000,1.08243,1.08241,1250000,1000000
2019-06-18 12:33:48.222000,1.08245,1.08241,1820000,1250000
2019-06-18 12:33:48.273000,1.08245,1.08241,1000000,1750000
2019-06-18 12:33:48.375000,1.08242,1.08241,1000000,1250000
2019-06-18 12:33:48.478000,1.08243,1.08241,1570000,1250000
2019-06-18 12:33:48.639000,1.08244,1.0824,1100000,1690000
2019-06-18 12:33:48.793000,1.08243,1.0824,2370000,1250000
2019-06-18 12:33:48.844000,1.08243,1.0824,1010000,1500000
2019-06-18 12:33:49.049000,1.08244,1.0824,1010000,4000000
2019-06-18 12:33:49.151000,1.08244,1.0824,2500000,1250000
2019-06-18 12:33:49.253000,1.08242,1.08239,2250000,1470000
2019-06-18 12:33:49.387000,1.0824,1.08238,1000000,1250000
2019-06-18 12:33:49.541000,1.0824,1.08237,1000000,1000000
2019-06-18 12:33:49.643000,1.08242,1.08237,3290000,2900000
2019-06-18 12:33:49.784000,1.08242,1.0824,1250000,2700000
2019-06-18 12:33:49.836000,1.08245,1.0824,2890000,3750000
2019-06-18 12:33:49.887000,1.08241,1.08239,1250000,4570000
2019-06-18 12:33:49.989000,1.08242,1.0824,1250000,1870000
2019-06-18 12:33:50.109000,1.08244,1.08241,1250000,2560000
2019-06-18 12:33:50.212000,1.08245,1.08243,1250000,1000000
2019-06-18 12:33:50.264000,1.08247,1.08245,1100000,1500000
2019-06-18 12:33:50.315000,1.08249,1.08247,1000000,1000000
2019-06-18 12:33:50.417000,1.08246,1.08243,1250000,1200000
2019-06-18 12:33:50.523000,1.08246,1.08243,2700000,1870000
2019-06-18 12:33:50.625000,1.08247,1.08244,1200000,2620000
2019-06-18 12:33:50.728000,1.08246,1.08244,1250000,1000000
2019-06-18 12:33:50.837000,1.08246,1.08243,1250000,2560000
2019-06-18 12:33:50.942000,1.08246,1.08243,1000000,1870000
2019-06-18 12:33:51.044000,1.08246,1.08243,3000000,1870000
2019-06-18 12:33:51.206000,1.08245,1.08242,2450000,2500000
2019-06-18 12:33:51.308000,1.08245,1.08242,3370000,1250000
2019-06-18 12:33:51.416000,1.08243,1.08241,1000000,1370000
2019-06-18 12:33:51.573000,1.08241,1.0824,1350000,1650000
2019-06-18 12:33:51.625000,1.08239,1.08237,1000000,2960000
2019-06-18 12:33:51.729000,1.0824,1.08237,1000000,1870000
2019-06-18 12:33:51.780000,1.08239,1.08236,1000000,3720000
2019-06-18 12:33:52.028000,1.08239,1.08237,1000000,1370000
2019-06-18 12:33:52.135000,1.08239,1.08236,1690000,2620000
2019-06-18 12:33:52.495000,1.08237,1.08236,1120000,2060000
2019-06-18 12:33:52.546000,1.08235,1.08234,1000000,1500000
2019-06-18 12:33:52.597000,1.08235,1.08232,1000000,2440000
2019-06-18 12:33:52.758000,1.08234,1.08232,1000000,1250000
2019-06-18 12:33:52.860000,1.08234,1.08231,1250000,1750000
2019-06-18 12:33:53.738000,1.08234,1.08232,1250000,1250000
2019-06-18 12:33:53.891000,1.08233,1.0823,1620000,2370000
2019-06-18 12:33:54.033000,1.08228,1.08227,1000000,1250000
2019-06-18 12:33:54.135000,1.08232,1.0823,1120000,1250000
2019-06-18 12:33:54.484000,1.08233,1.08232,1250000,1000000
2019-06-18 12:33:54.587000,1.08236,1.08234,2620000,1500000
2019-06-18 12:33:54.638000,1.08237,1.08235,2890000,1000000
2019-06-18 12:33:54.791000,1.08238,1.08236,1750000,1000000
2019-06-18 12:33:54.893000,1.08239,1.08237,1250000,1000000
2019-06-18 12:33:54.996000,1.08237,1.08236,1000000,1690000
2019-06-18 12:33:55.048000,1.08235,1.08232,1000000,1100000
2019-06-18 12:33:55.177000,1.08236,1.08233,2250000,1000000
2019-06-18 12:33:55.280000,1.08236,1.08233,3250000,1000000
2019-06-18 12:33:55.958000,1.08237,1.08235,1200000,2350000
2019-06-18 12:33:56.011000,1.08239,1.08235,1120000,6470000
2019-06-18 12:33:56.063000,1.0824,1.08238,3260000,1000000
2019-06-18 12:33:56.223000,1.08242,1.0824,3250000,1000000
2019-06-18 12:33:56.275000,1.08242,1.08238,1750000,4610000
2019-06-18 12:33:56.327000,1.08242,1.0824,1250000,3750000
2019-06-18 12:33:56.430000,1.08245,1.08242,3820000,1000000
2019-06-18 12:33:56.638000,1.08245,1.08243,1390000,1000000
2019-06-18 12:33:56.740000,1.08247,1.08244,1870000,1000000
2019-06-18 12:33:56.843000,1.08246,1.08244,1000000,1000000
2019-06-18 12:33:56.914000,1.08243,1.08242,1000000,1000000
2019-06-18 12:33:56.968000,1.08242,1.0824,1000000,1870000
2019-06-18 12:33:57.020000,1.08241,1.08238,1000000,2620000
2019-06-18 12:33:57.122000,1.0824,1.08238,1000000,1000000
2019-06-18 12:33:57.224000,1.08239,1.08236,1120000,1620000
2019-06-18 12:33:57.343000,1.08239,1.08236,2070000,1000000
2019-06-18 12:33:57.445000,1.08237,1.08235,1620000,1500000
2019-06-18 12:33:57.599000,1.08236,1.08234,1870000,1500000
2019-06-18 12:33:57.712000,1.08237,1.08235,2000000,1000000
2019-06-18 12:33:57.816000,1.08239,1.08236,1510000,2500000
2019-06-18 12:33:57.918000,1.08241,1.08239,1500000,1000000
2019-06-18 12:33:58.027000,1.0824,1.08238,1120000,1000000
2019-06-18 12:33:58.238000,1.08241,1.08238,2320000,1870000
2019-06-18 12:33:58.340000,1.0824,1.08238,1690000,1250000
2019-06-18 12:33:58.443000,1.08239,1.08237,1100000,1250000
2019-06-18 12:33:58.597000,1.0824,1.08237,1000000,1870000
2019-06-18 12:33:58.700000,1.0824,1.08237,1250000,1250000
2019-06-18 12:33:59.335000,1.08239,1.08236,2820000,1250000
2019-06-18 12:33:59.438000,1.08237,1.08236,1000000,1250000
2019-06-18 12:33:59.599000,1.08237,1.08235,1950000,1000000
2019-06-18 12:33:59.753000,1.08237,1.08235,1500000,1810000
2019-06-18 12:33:59.856000,1.08238,1.08235,2140000,1810000
2019-06-18 12:34:00.062000,1.08239,1.08237,3850000,1000000
2019-06-18 12:34:00.114000,1.0824,1.08238,1870000,2370000
2019-06-18 12:34:00.217000,1.08241,1.0824,1500000,1000000
2019-06-18 12:34:00.336000,1.0824,1.08239,1000000,1120000
2019-06-18 12:34:00.439000,1.08239,1.08238,1000000,1690000
2019-06-18 12:34:00.707000,1.08238,1.08236,1500000,3150000
2019-06-18 12:34:00.860000,1.08238,1.08236,1870000,1250000
2019-06-18 12:34:00.962000,1.08236,1.08234,1500000,1500000
2019-06-18 12:34:01.014000,1.08234,1.08232,1500000,2070000
2019-06-18 12:34:01.089000,1.08232,1.08231,1120000,1120000
2019-06-18 12:34:01.141000,1.08232,1.0823,1620000,1120000
2019-06-18 12:34:01.243000,1.08233,1.0823,1870000,1370000
2019-06-18 12:34:01.346000,1.08233,1.0823,2060000,1370000
2019-06-18 12:34:01.448000,1.08235,1.08233,2810000,1000000
2019-06-18 12:34:01.559000,1.08234,1.08232,1000000,1120000
2019-06-18 12:34:01.662000,1.08236,1.08234,1570000,1120000
2019-06-18 12:34:01.715000,1.08234,1.08232,1250000,1750000
2019-06-18 12:34:01.817000,1.08235,1.08233,1500000,1750000
2019-06-18 12:34:01.940000,1.08236,1.08234,2250000,1250000
2019-06-18 12:34:02.042000,1.08235,1.08233,1250000,1500000
2019-06-18 12:34:02.144000,1.08236,1.08234,2440000,1500000
2019-06-18 12:34:02.270000,1.08239,1.08237,3000000,3870000
2019-06-18 12:34:02.375000,1.08243,1.0824,3750000,1120000
2019-06-18 12:34:02.428000,1.08244,1.08242,2700000,1500000
2019-06-18 12:34:02.593000,1.08241,1.08239,1500000,1620000
2019-06-18 12:34:02.695000,1.08243,1.08242,1690000,1000000
2019-06-18 12:34:02.797000,1.08245,1.08243,3750000,1000000
2019-06-18 12:34:02.999000,1.08243,1.08241,1310000,1000000
2019-06-18 12:34:03.102000,1.08245,1.08243,4070000,1120000
2019-06-18 12:34:03.204000,1.08245,1.08243,1250000,4870000
2019-06-18 12:34:03.255000,1.08248,1.08246,1570000,1000000
2019-06-18 12:34:03.370000,1.08248,1.08247,1000000,1120000
2019-06-18 12:34:03.472000,1.08249,1.08247,1100000,1500000
2019-06-18 12:34:03.575000,1.08248,1.08246,1690000,1510000
2019-06-18 12:34:03.626000,1.08246,1.08245,1500000,2020000
2019-06-18 12:34:03.740000,1.08246,1.08243,3870000,2640000
2019-06-18 12:34:03.842000,1.08244,1.08241,2370000,2070000
2019-06-18 12:34:03.944000,1.08241,1.0824,1500000,1950000
2019-06-18 12:34:04.066000,1.08241,1.08239,1000000,2700000
2019-06-18 12:34:04.179000,1.08246,1.08244,1250000,1950000
2019-06-18 12:34:04.282000,1.08247,1.08245,1200000,1000000
2019-06-18 12:34:04.399000,1.08246,1.08244,2250000,1000000
2019-06-18 12:34:04.504000,1.08247,1.08245,1000000,1250000
2019-06-18 12:34:04.659000,1.08247,1.08245,2060000,1000000
2019-06-18 12:34:04.779000,1.08243,1.08241,1000000,2250000
2019-06-18 12:34:04.882000,1.08241,1.08239,1000000,1120000
2019-06-18 12:34:04.984000,1.0824,1.08238,1500000,1350000
2019-06-18 12:34:05.087000,1.08241,1.08238,2250000,2120000
2019-06-18 12:34:05.236000,1.0824,1.08238,1000000,1390000
2019-06-18 12:34:05.650000,1.0824,1.08238,1000000,1600000
2019-06-18 12:34:05.703000,1.08243,1.08241,1390000,1000000
2019-06-18 12:34:05.909000,1.08244,1.08242,1750000,1120000
2019-06-18 12:34:06.013000,1.08245,1.08243,2570000,1000000
2019-06-18 12:34:06.177000,1.08242,1.08241,1000000,2060000
2019-06-18 12:34:06.280000,1.08242,1.08241,2320000,1000000
2019-06-18 12:34:06.382000,1.08239,1.08237,1500000,1120000
2019-06-18 12:34:06.495000,1.08238,1.08237,1000000,1000000
2019-06-18 12:34:06.598000,1.08239,1.08237,1250000,1000000
2019-06-18 12:34:07.013000,1.0824,1.08238,1250000,1000000
2019-06-18 12:34:07.272000,1.08239,1.08237,1120000,1310000
2019-06-18 12:34:07.381000,1.08238,1.08236,1000000,1250000
2019-06-18 12:34:07.585000,1.08238,1.08235,2940000,3250000
2019-06-18 12:34:07.740000,1.08238,1.08235,1500000,4000000
2019-06-18 12:34:07.795000,1.08239,1.08236,2890000,1250000
2019-06-18 12:34:07.900000,1.08241,1.08239,3750000,1620000
2019-06-18 12:34:08.114000,1.0824,1.08239,1690000,1120000
2019-06-18 12:34:08.234000,1.08239,1.08236,1120000,3400000
2019-06-18 12:34:08.285000,1.08238,1.08236,1870000,2400000
2019-06-18 12:34:08.490000,1.08238,1.08236,1600000,1000000
2019-06-18 12:34:08.542000,1.0824,1.08238,2320000,1000000
2019-06-18 12:34:08.696000,1.08239,1.08237,2500000,1000000
2019-06-18 12:34:08.907000,1.0824,1.08237,2720000,1000000
2019-06-18 12:34:09.010000,1.08238,1.08236,1500000,2870000
2019-06-18 12:34:09.112000,1.08238,1.08236,3450000,2120000
2019-06-18 12:34:09.269000,1.08234,1.08233,1000000,1870000
2019-06-18 12:34:09.320000,1.08234,1.08232,1120000,1120000
2019-06-18 12:34:09.371000,1.08236,1.08234,1000000,2060000
2019-06-18 12:34:09.423000,1.08237,1.08235,1250000,1500000
2019-06-18 12:34:09.525000,1.08241,1.08239,1120000,1000000
2019-06-18 12:34:09.700000,1.08243,1.08242,1950000,1000000
2019-06-18 12:34:09.751000,1.08245,1.08243,1200000,1000000
2019-06-18 12:34:09.854000,1.08244,1.08243,1000000,1100000
2019-06-18 12:34:09.955000,1.08244,1.08242,1120000,2250000
2019-06-18 12:34:10.057000,1.08243,1.08242,1000000,1250000
2019-06-18 12:34:10.166000,1.08245,1.08242,2370000,1250000
2019-06-18 12:34:10.269000,1.08245,1.08243,2810000,1000000
2019-06-18 12:34:10.372000,1.08244,1.08241,1000000,2600000
2019-06-18 12:34:10.474000,1.08243,1.08241,1000000,2140000
2019-06-18 12:34:10.613000,1.08243,1.08241,1000000,2500000
2019-06-18 12:34:11.095000,1.08243,1.0824,1500000,1950000
2019-06-18 12:34:11.198000,1.08244,1.08241,2320000,2190000
2019-06-18 12:34:11.301000,1.08244,1.08243,1250000,1000000
2019-06-18 12:34:11.404000,1.08244,1.08242,1000000,1750000
2019-06-18 12:34:11.562000,1.08245,1.08242,2890000,1750000
2019-06-18 12:34:11.668000,1.08242,1.0824,1000000,4500000
2019-06-18 12:34:11.770000,1.08241,1.08239,1250000,4220000
2019-06-18 12:34:11.872000,1.08239,1.08237,1000000,1390000
2019-06-18 12:34:12.023000,1.08235,1.08234,1000000,1000000
2019-06-18 12:34:12.075000,1.08234,1.08232,1500000,1000000
2019-06-18 12:34:12.178000,1.08233,1.08231,1500000,1220000
2019-06-18 12:34:12.332000,1.08234,1.08232,3000000,1250000
2019-06-18 12:34:12.439000,1.08233,1.08231,1690000,1250000
2019-06-18 12:34:12.751000,1.08232,1.08231,1500000,1250000
2019-06-18 12:34:12.854000,1.08229,1.08228,1870000,2620000
2019-06-18 12:34:13.088000,1.08229,1.08227,2250000,1820000
2019-06-18 12:34:13.190000,1.08228,1.08226,2500000,3560000
2019-06-18 12:34:13.293000,1.08228,1.08226,2250000,1750000
2019-06-18 12:34:13.568000,1.0823,1.08228,1750000,4350000
2019-06-18 12:34:13.619000,1.08232,1.0823,2700000,1000000
2019-06-18 12:34:13.733000,1.08232,1.0823,1570000,1000000
2019-06-18 12:34:13.784000,1.0823,1.08228,2440000,2250000
2019-06-18 12:34:13.836000,1.08228,1.08227,1000000,1010000
2019-06-18 12:34:13.939000,1.08227,1.08226,1120000,1000000
2019-06-18 12:34:14.102000,1.08228,1.08225,1000000,1950000
2019-06-18 12:34:14.259000,1.08227,1.08226,1000000,1310000
2019-06-18 12:34:14.361000,1.08229,1.08226,3320000,1000000
2019-06-18 12:34:14.516000,1.08229,1.08226,1690000,1890000
2019-06-18 12:34:14.618000,1.08229,1.08227,1350000,1090000
2019-06-18 12:34:14.720000,1.08229,1.08227,1690000,1250000
2019-06-18 12:34:14.947000,1.08229,1.08228,1690000,1000000
2019-06-18 12:34:15.052000,1.08231,1.0823,1690000,1000000
2019-06-18 12:34:15.223000,1.0823,1.08227,3000000,1750000
2019-06-18 12:34:15.329000,1.0823,1.08227,2250000,1250000
2019-06-18 12:34:15.432000,1.0823,1.08228,1120000,1250000
2019-06-18 12:34:15.553000,1.08233,1.08231,1870000,1000000
2019-06-18 12:34:15.654000,1.08235,1.08232,2850000,1500000
2019-06-18 12:34:15.756000,1.08235,1.08232,6100000,1000000
2019-06-18 12:34:15.976000,1.08233,1.08231,1200000,2120000
2019-06-18 12:34:16.281000,1.08233,1.0823,1250000,4140000
2019-06-18 12:34:16.421000,1.08233,1.0823,1000000,3450000
2019-06-18 12:34:16.785000,1.08233,1.0823,1120000,2250000
2019-06-18 12:34:16.889000,1.08233,1.0823,1500000,2120000
2019-06-18 12:34:16.991000,1.08232,1.0823,1100000,1250000
2019-06-18 12:34:17.093000,1.08231,1.08229,1100000,1750000
2019-06-18 12:34:17.354000,1.08229,1.08227,1000000,2250000
2019-06-18 12:34:17.405000,1.08228,1.08226,1120000,1000000
2019-06-18 12:34:17.456000,1.08227,1.08224,1870000,1620000
2019-06-18 12:34:17.559000,1.08225,1.08223,1000000,1120000
2019-06-18 12:34:17.665000,1.08223,1.08222,1000000,1000000
2019-06-18 12:34:17.767000,1.08221,1.08219,1000000,4720000
2019-06-18 12:34:17.871000,1.0822,1.08219,1000000,1000000
2019-06-18 12:34:17.973000,1.08219,1.08217,1000000,1500000
2019-06-18 12:34:18.079000,1.08219,1.08215,1000000,3970000
2019-06-18 12:34:18.182000,1.08217,1.08214,1120000,2120000
2019-06-18 12:34:18.285000,1.08215,1.08214,1000000,1000000
2019-06-18 12:34:18.438000,1.08216,1.08213,1500000,2060000
2019-06-18 12:34:18.540000,1.08219,1.08216,5250000,1500000
2019-06-18 12:34:18.642000,1.08217,1.08215,1870000,1620000
2019-06-18 12:34:18.744000,1.08214,1.08212,2000000,2440000
2019-06-18 12:34:18.826000,1.08211,1.08209,1000000,5100000
2019-06-18 12:34:18.929000,1.08211,1.08208,1620000,1120000
2019-06-18 12:34:19.032000,1.08211,1.08209,1000000,1120000
2019-06-18 12:34:19.084000,1.08212,1.08211,1570000,1000000
2019-06-18 12:34:19.135000,1.08219,1.08216,1000000,3600000
2019-06-18 12:34:19.244000,1.08221,1.08219,1000000,1120000
2019-06-18 12:34:19.347000,1.08223,1.0822,2470000,1000000
2019-06-18 12:34:19.624000,1.08222,1.0822,1820000,1000000
2019-06-18 12:34:19.726000,1.08222,1.0822,1690000,1250000
2019-06-18 12:34:20.613000,1.08221,1.08219,1000000,1850000
2019-06-18 12:34:20.766000,1.08223,1.0822,2620000,1100000
2019-06-18 12:34:20.940000,1.08223,1.08221,1690000,1250000
2019-06-18 12:34:21.093000,1.08223,1.0822,2640000,1250000
2019-06-18 12:34:21.212000,1.08223,1.08221,2320000,1500000
2019-06-18 12:34:21.317000,1.08224,1.08223,1250000,1120000
2019-06-18 12:34:21.420000,1.08226,1.08223,1950000,1500000
2019-06-18 12:34:21.472000,1.08224,1.08222,1370000,2470000
2019-06-18 12:34:21.575000,1.08225,1.08222,1870000,1910000
2019-06-18 12:34:21.770000,1.08225,1.08222,3450000,1250000
2019-06-18 12:34:21.821000,1.08224,1.08221,1250000,1750000
2019-06-18 12:34:21.873000,1.08225,1.08222,1390000,1250000
2019-06-18 12:34:21.976000,1.08226,1.08223,3370000,2820000
2019-06-18 12:34:22.122000,1.08225,1.08222,1250000,1390000
2019-06-18 12:34:22.173000,1.08226,1.08225,1250000,1000000
2019-06-18 12:34:22.276000,1.08226,1.08224,1820000,1000000
2019-06-18 12:34:22.377000,1.08226,1.08224,1010000,1000000
2019-06-18 12:34:22.657000,1.08225,1.08222,1000000,1950000
2019-06-18 12:34:22.812000,1.08224,1.08221,2370000,3320000
2019-06-18 12:34:22.914000,1.08224,1.08221,1010000,1750000
2019-06-18 12:34:23.062000,1.08226,1.08225,1690000,1000000
2019-06-18 12:34:23.164000,1.08226,1.08223,1500000,1600000
2019-06-18 12:34:23.317000,1.08226,1.08223,2700000,1870000
2019-06-18 12:34:23.369000,1.08226,1.08222,1600000,5100000
2019-06-18 12:34:23.528000,1.08223,1.08221,1000000,1970000
2019-06-18 12:34:23.733000,1.08223,1.08221,1000000,1370000
2019-06-18 12:34:23.887000,1.08224,1.08222,1750000,1000000
2019-06-18 12:34:24.038000,1.08224,1.08223,1500000,1100000
2019-06-18 12:34:24.091000,1.08224,1.08221,3450000,1690000
2019-06-18 12:34:24.193000,1.08224,1.08221,2450000,1250000
2019-06-18 12:34:24.295000,1.08225,1.08224,2700000,1000000
2019-06-18 12:34:24.548000,1.08225,1.08223,1120000,1250000
2019-06-18 12:34:24.650000,1.08226,1.08224,1310000,1000000
2019-06-18 12:34:24.803000,1.08224,1.08223,1000000,1250000
2019-06-18 12:34:24.916000,1.08224,1.08221,1570000,1250000
2019-06-18 12:34:25.272000,1.08225,1.08222,2250000,1350000
2019-06-18 12:34:25.376000,1.08224,1.08223,1250000,1000000
2019-06-18 12:34:25.581000,1.08223,1.08222,1000000,1200000
2019-06-18 12:34:25.692000,1.0822,1.08218,1620000,1500000
2019-06-18 12:34:25.961000,1.08221,1.08218,1000000,5120000
2019-06-18 12:34:26.012000,1.08221,1.08218,1870000,4120000
2019-06-18 12:34:26.138000,1.08219,1.08217,1120000,5260000
2019-06-18 12:34:26.241000,1.08218,1.08216,1500000,1250000
2019-06-18 12:34:26.445000,1.08219,1.08216,2250000,2570000
2019-06-18 12:34:26.759000,1.08218,1.08216,1120000,1690000
2019-06-18 12:34:27.070000,1.08218,1.08216,1120000,1820000
2019-06-18 12:34:27.793000,1.08221,1.08219,3000000,2120000
2019-06-18 12:34:27.847000,1.08222,1.08221,3750000,1390000
2019-06-18 12:34:28.003000,1.08223,1.0822,3940000,3010000
2019-06-18 12:34:28.165000,1.08223,1.0822,1810000,3070000
2019-06-18 12:34:28.268000,1.08222,1.08219,2370000,2700000
2019-06-18 12:34:28.883000,1.08223,1.08222,1250000,1000000
2019-06-18 12:34:28.985000,1.08224,1.08222,2060000,1250000
2019-06-18 12:34:29.114000,1.08223,1.0822,1000000,3970000
2019-06-18 12:34:29.217000,1.08222,1.0822,1620000,1250000
2019-06-18 12:34:29.371000,1.0822,1.08218,1500000,1350000
2019-06-18 12:34:29.531000,1.0822,1.08217,2440000,4270000
2019-06-18 12:34:29.634000,1.0822,1.08218,1250000,2640000
2019-06-18 12:34:29.838000,1.0822,1.08217,1500000,5850000
2019-06-18 12:34:29.956000,1.08218,1.08216,1620000,1100000
2019-06-18 12:34:30.060000,1.0822,1.08219,2060000,1120000
2019-06-18 12:34:30.163000,1.08223,1.08222,2250000,1000000
2019-06-18 12:34:30.274000,1.08222,1.08221,1310000,1000000
2019-06-18 12:34:30.377000,1.08222,1.0822,1500000,1350000
2019-06-18 12:34:30.530000,1.08223,1.0822,3450000,1370000
2019-06-18 12:34:30.683000,1.08222,1.08219,1000000,2320000
2019-06-18 12:34:30.734000,1.08223,1.0822,2700000,1370000
2019-06-18 12:34:30.785000,1.08222,1.08219,1500000,2700000
2019-06-18 12:34:30.887000,1.08224,1.08221,4470000,1620000
2019-06-18 12:34:30.989000,1.08223,1.08221,1250000,1500000
2019-06-18 12:34:31.346000,1.08223,1.08222,1000000,1690000
2019-06-18 12:34:31.449000,1.08225,1.08224,1690000,1120000
2019-06-18 12:34:31.603000,1.08228,1.08225,2640000,1500000
2019-06-18 12:34:31.655000,1.08226,1.08224,1250000,3070000
2019-06-18 12:34:31.758000,1.08228,1.08225,3370000,1570000
2019-06-18 12:34:31.911000,1.08228,1.08226,2700000,1000000
2019-06-18 12:34:32.060000,1.08228,1.08225,3370000,1570000
2019-06-18 12:34:32.468000,1.08225,1.08223,1120000,1570000
2019-06-18 12:34:32.579000,1.08225,1.08223,1690000,1250000
2019-06-18 12:34:32.684000,1.08223,1.0822,2560000,2950000
2019-06-18 12:34:32.787000,1.08223,1.0822,3560000,2260000
2019-06-18 12:34:32.890000,1.08222,1.0822,1000000,1250000
2019-06-18 12:34:33.009000,1.08221,1.08219,1000000,2870000
2019-06-18 12:34:33.366000,1.08221,1.08219,1000000,2060000
2019-06-18 12:34:33.516000,1.08219,1.08217,1000000,2120000
2019-06-18 12:34:33.619000,1.08217,1.08216,1500000,1250000
2019-06-18 12:34:33.671000,1.08216,1.08215,1000000,2060000
2019-06-18 12:34:33.891000,1.08219,1.08218,2440000,1000000
2019-06-18 12:34:33.994000,1.08219,1.08218,1000000,1270000
2019-06-18 12:34:34.096000,1.08217,1.08216,1120000,1200000
2019-06-18 12:34:34.226000,1.08218,1.08215,2370000,3320000
2019-06-18 12:34:34.532000,1.08218,1.08215,1500000,4220000
2019-06-18 12:34:34.634000,1.08218,1.08216,1000000,1750000
2019-06-18 12:34:34.806000,1.08219,1.08217,1310000,1390000
2019-06-18 12:34:35.483000,1.08219,1.08218,1250000,1000000
2019-06-18 12:34:35.586000,1.08221,1.08219,1500000,1250000
2019-06-18 12:34:35.811000,1.08219,1.08217,1250000,2490000
2019-06-18 12:34:35.913000,1.08219,1.08217,1250000,3190000
2019-06-18 12:34:36.857000,1.0822,1.08219,2440000,1000000
2019-06-18 12:34:36.961000,1.08221,1.0822,1120000,1000000
2019-06-18 12:34:37.063000,1.08223,1.0822,1760000,1620000
2019-06-18 12:34:37.180000,1.08222,1.0822,1000000,1310000
2019-06-18 12:34:37.699000,1.08221,1.08219,2620000,1000000
2019-06-18 12:34:37.801000,1.08219,1.08218,1690000,1000000
2019-06-18 12:34:37.853000,1.08218,1.08216,1000000,6970000
2019-06-18 12:34:38.069000,1.08221,1.08218,4320000,2870000
2019-06-18 12:34:38.171000,1.08223,1.0822,2440000,3070000
2019-06-18 12:34:38.273000,1.08224,1.08222,4000000,1000000
2019-06-18 12:34:38.685000,1.08224,1.08223,1500000,1250000
2019-06-18 12:34:38.789000,1.08226,1.08223,1370000,2140000
2019-06-18 12:34:39.104000,1.08225,1.08222,1810000,4850000
2019-06-18 12:34:39.257000,1.08225,1.08223,1250000,1870000
2019-06-18 12:34:39.365000,1.08226,1.08225,1250000,1000000
2019-06-18 12:34:39.416000,1.08227,1.08224,3000000,3000000
2019-06-18 12:34:39.519000,1.08219,1.08216,1250000,1690000
2019-06-18 12:34:39.621000,1.08217,1.08214,2870000,1870000
2019-06-18 12:34:39.672000,1.08216,1.08213,1000000,2340000
2019-06-18 12:34:39.816000,1.08215,1.08214,1000000,1000000
2019-06-18 12:34:39.919000,1.08217,1.08216,2440000,1500000
2019-06-18 12:34:40.022000,1.08218,1.08216,3120000,1250000
2019-06-18 12:34:40.125000,1.08216,1.08213,2370000,6100000
2019-06-18 12:34:40.258000,1.08216,1.08213,2370000,2350000
2019-06-18 12:34:40.360000,1.08217,1.08215,1100000,1690000
2019-06-18 12:34:40.462000,1.08218,1.08215,1500000,4200000
2019-06-18 12:34:40.616000,1.0822,1.08217,4500000,1250000
2019-06-18 12:34:41.799000,1.08219,1.08217,1000000,1750000
2019-06-18 12:34:41.901000,1.08222,1.0822,1820000,2250000
2019-06-18 12:34:42.004000,1.08225,1.08223,1000000,1510000
2019-06-18 12:34:42.107000,1.08226,1.08224,1690000,1000000
2019-06-18 12:34:42.702000,1.08226,1.08224,1120000,1250000
2019-06-18 12:34:42.913000,1.08225,1.08224,1000000,1000000
2019-06-18 12:34:43.015000,1.08224,1.08222,1690000,1850000
2019-06-18 12:34:43.118000,1.08224,1.08222,1250000,1250000
2019-06-18 12:34:43.241000,1.08225,1.08222,3870000,6470000
2019-06-18 12:34:43.759000,1.08223,1.08221,1250000,2890000
2019-06-18 12:34:44.690000,1.08224,1.08222,1500000,1250000
2019-06-18 12:34:44.894000,1.08224,1.08222,1250000,2660000
2019-06-18 12:34:45.259000,1.08224,1.08222,1500000,2500000
2019-06-18 12:34:45.674000,1.08227,1.08224,1810000,3260000
2019-06-18 12:34:45.827000,1.08226,1.08224,1690000,1750000
2019-06-18 12:34:45.930000,1.08225,1.08223,1690000,1250000
2019-06-18 12:34:46.084000,1.08225,1.08223,1620000,2440000
2019-06-18 12:34:46.244000,1.08225,1.08223,1500000,2570000
2019-06-18 12:34:46.572000,1.08225,1.08223,2500000,1100000
2019-06-18 12:34:46.675000,1.08225,1.08222,3940000,1510000
2019-06-18 12:34:46.783000,1.08224,1.08221,1690000,4450000
2019-06-18 12:34:46.886000,1.08223,1.08221,1690000,2060000
2019-06-18 12:34:47.092000,1.08227,1.08225,2360000,2060000
2019-06-18 12:34:47.203000,1.08229,1.08228,1690000,1000000
2019-06-18 12:34:47.305000,1.08229,1.08226,1250000,4540000
2019-06-18 12:34:47.408000,1.08229,1.08227,1250000,1000000
2019-06-18 12:34:47.667000,1.0823,1.08228,1250000,1500000
2019-06-18 12:34:48.151000,1.0823,1.08228,1250000,2140000
2019-06-18 12:34:48.255000,1.08235,1.08232,3450000,1690000
2019-06-18 12:34:48.357000,1.08235,1.08234,1250000,1000000
2019-06-18 12:34:48.725000,1.08235,1.08232,2440000,5100000
2019-06-18 12:34:48.878000,1.08234,1.08232,1810000,1250000
2019-06-18 12:34:49.032000,1.08232,1.08231,1870000,1200000
2019-06-18 12:34:49.084000,1.08231,1.08229,1000000,1760000
2019-06-18 12:34:49.289000,1.0823,1.08228,1500000,1100000
2019-06-18 12:34:49.341000,1.08229,1.08227,1810000,1090000
2019-06-18 12:34:49.443000,1.08229,1.08227,1250000,2140000
2019-06-18 12:34:49.553000,1.08229,1.08227,1250000,2160000
2019-06-18 12:34:50.018000,1.08228,1.08226,1310000,1850000
2019-06-18 12:34:50.121000,1.08227,1.08225,1810000,2660000
2019-06-18 12:34:50.325000,1.08228,1.08226,1950000,1000000
2019-06-18 12:34:50.433000,1.08229,1.08226,3790000,1870000
2019-06-18 12:34:50.586000,1.08227,1.08225,1000000,3950000
2019-06-18 12:34:50.638000,1.08227,1.08225,1000000,2810000
2019-06-18 12:34:50.746000,1.08227,1.08226,1000000,1000000
2019-06-18 12:34:50.849000,1.08227,1.08225,1500000,1250000
2019-06-18 12:34:51.746000,1.08228,1.08226,1200000,1250000
2019-06-18 12:34:51.849000,1.08227,1.08225,2250000,2120000
2019-06-18 12:34:51.951000,1.08227,1.08225,1500000,2950000
2019-06-18 12:34:52.085000,1.08228,1.08225,3370000,2700000
2019-06-18 12:34:52.187000,1.08228,1.08226,1000000,1750000
2019-06-18 12:34:52.289000,1.08228,1.08225,1810000,2890000
2019-06-18 12:34:52.392000,1.08228,1.08225,1570000,3620000
2019-06-18 12:34:52.443000,1.08228,1.08225,1810000,2890000
2019-06-18 12:34:52.912000,1.08228,1.08226,1250000,1250000
2019-06-18 12:34:53.015000,1.0823,1.08227,2060000,2140000
2019-06-18 12:34:53.118000,1.0823,1.08228,1870000,1010000
2019-06-18 12:34:53.253000,1.08229,1.08227,1250000,1510000
2019-06-18 12:34:53.507000,1.0823,1.08229,1010000,1000000
2019-06-18 12:34:53.559000,1.08232,1.08229,1250000,3070000
2019-06-18 12:34:53.677000,1.08233,1.08231,2510000,1250000
2019-06-18 12:34:53.728000,1.08233,1.0823,1390000,1310000
2019-06-18 12:34:53.882000,1.08234,1.08232,3320000,1500000
2019-06-18 12:34:53.984000,1.08235,1.08233,2870000,1000000
2019-06-18 12:34:54.608000,1.08235,1.08233,2810000,1250000
2019-06-18 12:34:54.756000,1.08235,1.08233,2870000,1000000
2019-06-18 12:34:54.859000,1.08237,1.08235,6640000,1250000
2019-06-18 12:34:54.961000,1.08237,1.08236,1000000,1250000
2019-06-18 12:34:55.099000,1.08238,1.08236,3640000,1250000
2019-06-18 12:34:55.757000,1.08238,1.08236,2700000,1250000
2019-06-18 12:34:56.291000,1.08237,1.08235,1120000,2500000
2019-06-18 12:34:56.342000,1.08239,1.08237,1390000,1250000
2019-06-18 12:34:56.451000,1.08239,1.08237,1370000,1500000
2019-06-18 12:34:56.555000,1.0824,1.08237,2940000,2200000
2019-06-18 12:34:56.760000,1.08238,1.08236,1000000,2440000
2019-06-18 12:34:56.862000,1.08237,1.08236,1120000,1000000
2019-06-18 12:34:57.033000,1.08238,1.08236,1250000,1250000
2019-06-18 12:34:57.441000,1.08237,1.08236,1000000,1310000
2019-06-18 12:34:57.595000,1.08237,1.08235,2060000,1250000
2019-06-18 12:34:57.748000,1.08237,1.08236,1000000,1310000
2019-06-18 12:34:57.799000,1.08238,1.08237,1100000,1120000
2019-06-18 12:34:57.903000,1.08239,1.08237,1310000,2190000
2019-06-18 12:34:58.006000,1.08238,1.08236,1390000,1870000
2019-06-18 12:34:58.109000,1.08235,1.08234,1250000,2250000
2019-06-18 12:34:58.211000,1.08235,1.08233,1310000,2320000
2019-06-18 12:34:58.570000,1.08237,1.08234,4570000,1120000
2019-06-18 12:34:58.672000,1.08237,1.08236,1000000,1250000
2019-06-18 12:34:58.724000,1.08238,1.08237,1950000,1250000
2019-06-18 12:34:58.860000,1.0824,1.08238,3320000,1000000
2019-06-18 12:34:59.013000,1.08241,1.08238,4570000,1250000
2019-06-18 12:34:59.115000,1.08239,1.08238,1000000,1250000
2019-06-18 12:34:59.353000,1.08241,1.0824,1100000,1000000
2019-06-18 12:34:59.506000,1.08243,1.08241,3320000,1000000
2019-06-18 12:34:59.608000,1.08243,1.08241,1120000,1250000
2019-06-18 12:34:59.716000,1.08243,1.08241,1200000,1000000
2019-06-18 12:35:00.208000,1.08242,1.0824,1250000,1000000
2019-06-18 12:35:00.295000,1.08241,1.08239,1000000,3070000
2019-06-18 12:35:00.397000,1.08242,1.08239,2440000,1950000
2019-06-18 12:35:00.499000,1.08243,1.08241,4570000,1120000
2019-06-18 12:35:00.601000,1.08244,1.08243,2440000,1000000
2019-06-18 12:35:00.708000,1.08246,1.08243,4970000,1310000
2019-06-18 12:35:00.911000,1.08244,1.08243,1250000,1120000
2019-06-18 12:35:01.013000,1.08244,1.08242,1690000,2140000
2019-06-18 12:35:01.872000,1.08237,1.08236,1350000,1500000
2019-06-18 12:35:01.923000,1.08236,1.08233,1000000,2250000
2019-06-18 12:35:02.025000,1.08236,1.08233,1500000,3720000
2019-06-18 12:35:02.128000,1.08235,1.08233,1500000,2950000
2019-06-18 12:35:02.262000,1.08235,1.08232,1760000,2620000
2019-06-18 12:35:02.364000,1.08234,1.08231,1000000,4270000
2019-06-18 12:35:02.517000,1.08233,1.08232,1000000,1310000
2019-06-18 12:35:02.624000,1.08235,1.08232,2560000,1950000
2019-06-18 12:35:02.727000,1.08234,1.08232,1370000,1120000
2019-06-18 12:35:02.829000,1.08232,1.0823,1000000,1250000
2019-06-18 12:35:02.931000,1.08231,1.0823,1000000,1250000
2019-06-18 12:35:03.077000,1.08233,1.0823,3040000,2870000
2019-06-18 12:35:03.230000,1.08233,1.0823,1000000,2320000
2019-06-18 12:35:03.332000,1.08233,1.0823,1250000,2570000
2019-06-18 12:35:03.435000,1.08228,1.08226,1870000,1950000
2019-06-18 12:35:03.538000,1.08226,1.08224,1000000,3820000
2019-06-18 12:35:03.589000,1.08222,1.0822,1000000,2720000
2019-06-18 12:35:03.691000,1.08222,1.0822,1500000,3000000
2019-06-18 12:35:03.948000,1.08222,1.0822,1000000,3470000
2019-06-18 12:35:04.202000,1.08223,1.0822,1760000,3750000
2019-06-18 12:35:04.438000,1.08222,1.0822,1000000,2250000
2019-06-18 12:35:04.809000,1.08223,1.0822,3120000,2890000
2019-06-18 12:35:04.962000,1.08223,1.0822,2320000,1310000
2019-06-18 12:35:05.013000,1.08223,1.08222,1100000,1000000
2019-06-18 12:35:05.116000,1.08225,1.08223,1500000,1620000
2019-06-18 12:35:05.434000,1.08226,1.08222,3010000,2320000
2019-06-18 12:35:05.536000,1.08223,1.08222,1250000,1500000
2019-06-18 12:35:05.688000,1.08224,1.08221,2510000,1690000
2019-06-18 12:35:05.790000,1.08223,1.08221,1250000,1000000
2019-06-18 12:35:05.892000,1.08222,1.08221,1000000,1000000
2019-06-18 12:35:05.994000,1.08221,1.08219,1000000,1810000
2019-06-18 12:35:06.098000,1.08219,1.08218,2250000,1390000
2019-06-18 12:35:06.200000,1.08218,1.08216,1000000,1950000
2019-06-18 12:35:06.251000,1.08219,1.08217,3190000,1000000
2019-06-18 12:35:06.354000,1.08218,1.08215,1620000,3260000
2019-06-18 12:35:06.503000,1.08216,1.08214,1000000,3210000
2019-06-18 12:35:06.614000,1.08218,1.08216,1410000,1690000
2019-06-18 12:35:06.717000,1.08218,1.08216,1250000,1690000
2019-06-18 12:35:07.096000,1.08218,1.08217,1250000,2620000
2019-06-18 12:35:07.199000,1.08221,1.08219,3190000,1120000
2019-06-18 12:35:07.339000,1.08223,1.0822,1620000,2890000
2019-06-18 12:35:07.442000,1.08222,1.0822,1000000,2190000
2019-06-18 12:35:07.494000,1.0822,1.08219,1000000,1310000
2019-06-18 12:35:07.778000,1.08221,1.08219,1690000,1000000
2019-06-18 12:35:07.880000,1.08223,1.0822,4870000,1690000
2019-06-18 12:35:07.983000,1.08222,1.0822,1120000,2500000
2019-06-18 12:35:08.089000,1.08223,1.0822,4200000,1500000
2019-06-18 12:35:08.192000,1.08222,1.08219,2260000,2810000
2019-06-18 12:35:08.447000,1.08222,1.08221,1000000,1250000
2019-06-18 12:35:08.499000,1.08223,1.08221,1390000,1250000
2019-06-18 12:35:08.602000,1.08224,1.08222,1890000,1500000
2019-06-18 12:35:08.711000,1.08225,1.08223,1250000,1000000
2019-06-18 12:35:08.767000,1.08225,1.08222,1500000,2820000
2019-06-18 12:35:08.870000,1.08223,1.08221,1000000,1370000
2019-06-18 12:35:08.972000,1.08224,1.08221,3820000,1250000
2019-06-18 12:35:09.103000,1.08223,1.0822,1620000,4200000
2019-06-18 12:35:09.154000,1.08223,1.0822,1120000,2510000
2019-06-18 12:35:09.307000,1.08223,1.0822,1120000,3320000
2019-06-18 12:35:09.358000,1.08223,1.0822,2120000,2510000
2019-06-18 12:35:09.460000,1.08222,1.0822,1000000,2570000
2019-06-18 12:35:09.683000,1.08223,1.0822,1310000,2950000
2019-06-18 12:35:09.836000,1.08224,1.08222,3700000,1000000
2019-06-18 12:35:09.887000,1.08227,1.08224,1500000,3570000
2019-06-18 12:35:10.032000,1.08228,1.08225,3820000,1620000
2019-06-18 12:35:10.832000,1.08229,1.08227,1010000,2120000
2019-06-18 12:35:10.932000,1.0823,1.08229,1000000,1000000
2019-06-18 12:35:11.035000,1.0823,1.08228,1750000,1120000
2019-06-18 12:35:11.138000,1.0823,1.08228,1000000,1750000
2019-06-18 12:35:11.292000,1.08227,1.08226,1000000,1090000
2019-06-18 12:35:11.398000,1.08227,1.08224,3620000,1720000
2019-06-18 12:35:11.500000,1.08227,1.08224,2890000,1250000
2019-06-18 12:35:11.551000,1.08227,1.08225,1200000,1370000
2019-06-18 12:35:11.857000,1.08228,1.08225,2250000,3320000
2019-06-18 12:35:12.358000,1.0823,1.08228,1950000,4220000
2019-06-18 12:35:12.409000,1.08231,1.0823,3190000,1870000
2019-06-18 12:35:12.515000,1.08232,1.08231,1500000,1310000
2019-06-18 12:35:12.567000,1.08234,1.08233,1250000,1000000
2019-06-18 12:35:12.720000,1.08233,1.08232,1250000,1000000
2019-06-18 12:35:13.136000,1.08235,1.08233,2060000,1000000
2019-06-18 12:35:13.571000,1.08234,1.08232,1690000,1000000
2019-06-18 12:35:13.725000,1.08234,1.08231,1810000,3820000
2019-06-18 12:35:14.033000,1.08234,1.08232,1310000,2060000
2019-06-18 12:35:14.183000,1.08235,1.08233,1250000,1120000
2019-06-18 12:35:14.387000,1.08235,1.08233,3310000,1250000
2019-06-18 12:35:14.597000,1.08236,1.08234,2140000,1000000
2019-06-18 12:35:14.700000,1.08241,1.08239,2500000,1120000
2019-06-18 12:35:15.169000,1.08239,1.08238,1000000,1120000
2019-06-18 12:35:15.271000,1.08237,1.08235,1750000,1870000
2019-06-18 12:35:15.425000,1.08238,1.08236,1310000,1390000
2019-06-18 12:35:15.549000,1.08237,1.08235,1690000,3260000
2019-06-18 12:35:15.651000,1.08236,1.08234,1000000,1570000
2019-06-18 12:35:15.753000,1.08235,1.08233,1000000,3310000
2019-06-18 12:35:16.109000,1.08236,1.08234,1000000,1690000
2019-06-18 12:35:16.650000,1.08237,1.08234,3010000,2190000
2019-06-18 12:35:16.759000,1.08234,1.08233,1250000,1000000
2019-06-18 12:35:16.862000,1.0823,1.08229,1000000,1500000
2019-06-18 12:35:16.914000,1.08229,1.08227,1000000,1200000
2019-06-18 12:35:16.966000,1.0823,1.08228,2250000,1000000
2019-06-18 12:35:17.017000,1.08229,1.08226,1310000,3900000
2019-06-18 12:35:17.178000,1.08229,1.08227,1310000,1250000
2019-06-18 12:35:17.435000,1.08232,1.0823,2250000,2370000
2019-06-18 12:35:17.487000,1.08234,1.08233,1500000,1120000
2019-06-18 12:35:17.590000,1.08236,1.08233,1200000,1620000
2019-06-18 12:35:17.731000,1.08235,1.08233,1750000,1120000
2019-06-18 12:35:17.935000,1.08235,1.08233,2060000,1310000
2019-06-18 12:35:18.088000,1.08235,1.08233,2870000,1120000
2019-06-18 12:35:18.198000,1.08235,1.08234,1310000,1000000
2019-06-18 12:35:18.302000,1.08236,1.08235,1000000,1000000
2019-06-18 12:35:18.353000,1.08237,1.08235,2250000,1120000
2019-06-18 12:35:18.455000,1.08235,1.08232,1750000,4910000
2019-06-18 12:35:18.557000,1.08235,1.08233,1250000,2890000
2019-06-18 12:35:18.686000,1.08237,1.08234,2250000,2950000
2019-06-18 12:35:18.789000,1.08236,1.08234,1750000,4200000
2019-06-18 12:35:18.891000,1.08236,1.08235,1250000,1120000
2019-06-18 12:35:19.301000,1.08237,1.08235,1250000,1500000
2019-06-18 12:35:19.406000,1.08239,1.08237,3070000,1370000
2019-06-18 12:35:19.508000,1.0824,1.08238,2560000,1310000
2019-06-18 12:35:19.716000,1.08239,1.08237,1310000,2510000
2019-06-18 12:35:19.820000,1.08239,1.08237,2190000,1310000
2019-06-18 12:35:19.922000,1.08237,1.08235,1000000,3070000
2019-06-18 12:35:20.025000,1.08236,1.08234,1000000,2510000
2019-06-18 12:35:20.127000,1.08235,1.08234,1000000,1000000
2019-06-18 12:35:20.243000,1.08235,1.08232,1810000,4200000
2019-06-18 12:35:20.396000,1.08235,1.08233,1760000,1000000
2019-06-18 12:35:21.035000,1.08235,1.08233,1750000,1000000
2019-06-18 12:35:21.454000,1.08236,1.08233,3370000,2140000
2019-06-18 12:35:21.637000,1.08236,1.08233,4120000,1950000
2019-06-18 12:35:21.944000,1.08233,1.08232,1120000,1250000
2019-06-18 12:35:22.253000,1.08231,1.0823,1000000,1160000
2019-06-18 12:35:22.406000,1.08231,1.08228,2500000,4200000
2019-06-18 12:35:22.508000,1.08232,1.0823,1250000,1000000
2019-06-18 12:35:22.675000,1.08232,1.08229,1950000,1690000
2019-06-18 12:35:22.729000,1.0823,1.08229,1000000,1250000
2019-06-18 12:35:22.983000,1.0823,1.08228,1690000,1250000
2019-06-18 12:35:23.171000,1.08229,1.08227,1250000,3790000
2019-06-18 12:35:23.274000,1.08229,1.08227,1250000,1690000
2019-06-18 12:35:23.744000,1.0823,1.08228,3250000,1000000
2019-06-18 12:35:23.898000,1.08229,1.08226,1810000,3720000
2019-06-18 12:35:24.265000,1.08229,1.08227,1690000,1890000
2019-06-18 12:35:24.571000,1.0823,1.08228,1690000,1250000
2019-06-18 12:35:24.825000,1.0823,1.08228,2500000,1120000
2019-06-18 12:35:25.194000,1.08229,1.08227,1310000,2590000
2019-06-18 12:35:27.015000,1.08228,1.08227,1000000,1310000
2019-06-18 12:35:29.335000,1.08229,1.08227,1310000,2060000
2019-06-18 12:35:29.436000,1.08229,1.08227,1310000,2710000
2019-06-18 12:35:29.751000,1.08228,1.08226,1120000,1350000
2019-06-18 12:35:29.855000,1.08225,1.08223,2310000,1000000
2019-06-18 12:35:29.957000,1.08225,1.08223,1450000,1500000
2019-06-18 12:35:30.012000,1.08226,1.08224,1120000,2060000
2019-06-18 12:35:30.127000,1.08226,1.08225,1250000,1950000
2019-06-18 12:35:30.179000,1.08228,1.08225,3000000,2950000
2019-06-18 12:35:31.108000,1.08229,1.08226,5260000,2120000
2019-06-18 12:35:31.939000,1.08229,1.08227,3190000,1310000
2019-06-18 12:35:32.092000,1.0823,1.08228,3120000,9600000
2019-06-18 12:35:32.194000,1.08232,1.08231,6190000,1000000
2019-06-18 12:35:32.245000,1.08233,1.08231,1690000,2190000
2019-06-18 12:35:32.356000,1.08234,1.08233,1250000,1500000
2019-06-18 12:35:32.458000,1.08235,1.08233,1310000,1620000
2019-06-18 12:35:32.611000,1.08237,1.08235,3820000,1620000
2019-06-18 12:35:32.713000,1.08239,1.08238,3750000,1120000
2019-06-18 12:35:32.835000,1.0824,1.08238,2440000,1120000
2019-06-18 12:35:32.938000,1.08241,1.08239,1690000,1700000
2019-06-18 12:35:33.040000,1.08242,1.08241,1500000,1120000
2019-06-18 12:35:33.357000,1.08241,1.08239,1000000,2890000
2019-06-18 12:35:33.460000,1.08238,1.08235,2250000,1220000
2019-06-18 12:35:33.554000,1.08236,1.08234,1000000,2000000
2019-06-18 12:35:33.657000,1.08241,1.08239,2510000,1810000
2019-06-18 12:35:33.811000,1.08241,1.08239,1000000,1500000
2019-06-18 12:35:33.966000,1.08241,1.08239,1250000,1200000
2019-06-18 12:35:34.067000,1.08241,1.08239,1250000,1510000
2019-06-18 12:35:34.375000,1.0824,1.08239,1000000,1310000
2019-06-18 12:35:34.523000,1.08238,1.08236,1000000,1000000
2019-06-18 12:35:34.575000,1.08239,1.08237,2440000,1750000
2019-06-18 12:35:34.680000,1.08239,1.08237,5700000,1000000
2019-06-18 12:35:34.783000,1.08238,1.08236,1310000,2560000
2019-06-18 12:35:34.940000,1.08236,1.08234,1000000,3800000
2019-06-18 12:35:35.906000,1.08238,1.08236,3940000,1810000
2019-06-18 12:35:36.059000,1.08235,1.08234,1000000,2440000
2019-06-18 12:35:36.169000,1.08235,1.08234,1310000,1120000
2019-06-18 12:35:38.996000,1.08234,1.08232,1120000,1770000
2019-06-18 12:35:39.517000,1.08232,1.08231,1250000,1100000
2019-06-18 12:35:39.621000,1.08232,1.0823,2560000,1250000
2019-06-18 12:35:39.755000,1.08233,1.08232,4690000,1120000
2019-06-18 12:35:39.857000,1.08235,1.08232,3170000,2060000
2019-06-18 12:35:40.240000,1.08235,1.08232,3450000,2640000
2019-06-18 12:35:40.841000,1.08235,1.08233,1010000,1690000
2019-06-18 12:35:40.978000,1.08236,1.08234,2510000,1500000
2019-06-18 12:35:41.600000,1.08236,1.08234,1010000,2260000
2019-06-18 12:35:41.856000,1.08236,1.08234,1690000,1250000
2019-06-18 12:35:41.963000,1.08235,1.08234,1690000,1000000
2019-06-18 12:35:42.065000,1.08235,1.08233,1450000,1500000
2019-06-18 12:35:42.219000,1.08235,1.08233,1200000,1890000
2019-06-18 12:35:42.780000,1.08235,1.08233,1450000,1500000
2019-06-18 12:35:43.088000,1.08234,1.08233,1690000,1120000
2019-06-18 12:35:43.231000,1.08232,1.0823,1120000,1810000
2019-06-18 12:35:43.333000,1.08231,1.0823,1250000,1120000
2019-06-18 12:35:43.435000,1.08231,1.0823,1250000,1000000
2019-06-18 12:35:43.711000,1.08231,1.08229,1310000,1750000
2019-06-18 12:35:43.813000,1.08231,1.08229,4070000,1500000
2019-06-18 12:35:43.915000,1.0823,1.08228,5700000,1000000
2019-06-18 12:35:44.511000,1.08229,1.08226,1850000,2560000
2019-06-18 12:35:44.614000,1.08227,1.08225,1000000,1620000
2019-06-18 12:35:44.805000,1.08229,1.08227,1690000,2560000
2019-06-18 12:35:44.907000,1.08229,1.08228,1310000,1000000
2019-06-18 12:35:45.489000,1.08231,1.08228,3050000,1810000
2019-06-18 12:35:46.057000,1.08231,1.08228,7820000,1500000
2019-06-18 12:35:46.109000,1.08228,1.08227,1000000,1200000
2019-06-18 12:35:46.212000,1.08227,1.08225,2500000,3750000
2019-06-18 12:35:46.477000,1.08228,1.08226,1250000,1310000
2019-06-18 12:35:46.631000,1.08228,1.08226,1000000,2620000
2019-06-18 12:35:47.373000,1.08229,1.08227,1760000,1690000
2019-06-18 12:35:48.471000,1.0823,1.08227,1350000,3390000
2019-06-18 12:35:48.523000,1.08231,1.08229,2320000,1500000
2019-06-18 12:35:48.625000,1.0823,1.08228,3250000,3070000
2019-06-18 12:35:48.783000,1.08228,1.08227,1250000,1120000
2019-06-18 12:35:48.892000,1.08227,1.08226,1000000,1250000
2019-06-18 12:35:48.994000,1.08227,1.08225,2440000,1250000
2019-06-18 12:35:49.759000,1.08227,1.08224,2640000,4200000
2019-06-18 12:35:50.303000,1.08225,1.08224,1870000,1390000
2019-06-18 12:35:50.421000,1.08225,1.08223,3190000,1810000
2019-06-18 12:35:51.143000,1.08226,1.08224,1100000,1000000
2019-06-18 12:35:51.237000,1.08227,1.08224,5140000,1620000
2019-06-18 12:35:51.351000,1.08226,1.08224,1000000,1810000
2019-06-18 12:35:51.454000,1.08225,1.08224,1000000,1250000
2019-06-18 12:35:51.557000,1.08226,1.08224,4110000,1250000
2019-06-18 12:35:51.873000,1.08227,1.08225,3640000,1000000
2019-06-18 12:35:51.975000,1.08226,1.08224,1120000,1810000
2019-06-18 12:35:54.661000,1.08227,1.08225,3320000,2250000
2019-06-18 12:35:54.773000,1.08227,1.08226,1000000,1310000
2019-06-18 12:35:54.875000,1.08228,1.08227,1000000,2060000
2019-06-18 12:35:54.977000,1.08229,1.08227,1690000,2060000
2019-06-18 12:35:55.078000,1.08227,1.08226,1000000,1250000
2019-06-18 12:35:55.180000,1.08228,1.08226,1390000,1750000
2019-06-18 12:35:55.516000,1.08229,1.08227,1390000,1310000
2019-06-18 12:35:55.620000,1.08232,1.0823,3940000,2190000
2019-06-18 12:35:55.723000,1.08232,1.08231,1000000,2060000
2019-06-18 12:35:55.837000,1.08233,1.08231,3190000,2060000
2019-06-18 12:35:55.940000,1.08235,1.08233,2120000,1500000
2019-06-18 12:35:56.042000,1.08236,1.08234,3640000,1620000
2019-06-18 12:35:56.144000,1.08236,1.08234,2910000,1500000
2019-06-18 12:35:56.907000,1.08234,1.08233,1000000,1310000
2019-06-18 12:35:57.014000,1.08233,1.08232,1000000,3560000
2019-06-18 12:35:57.066000,1.08231,1.0823,1870000,2250000
2019-06-18 12:35:57.170000,1.08232,1.0823,5320000,1370000
2019-06-18 12:35:57.272000,1.08231,1.08229,1120000,1810000
2019-06-18 12:35:59.251000,1.08232,1.0823,1200000,2120000
2019-06-18 12:35:59.451000,1.08234,1.08231,4120000,2060000
2019-06-18 12:35:59.919000,1.08234,1.08231,1700000,2560000
2019-06-18 12:36:00.072000,1.08233,1.0823,5560000,2810000
2019-06-18 12:36:00.174000,1.08231,1.0823,1000000,1250000
2019-06-18 12:36:00.337000,1.08232,1.08231,1000000,1500000
2019-06-18 12:36:00.442000,1.08233,1.08231,4570000,2120000
