time,ask,bid,ask_volume,bid_volume
2022-01-06 14:55:00.081000,1.15799,1.15794,1200000,2750000
2022-01-06 14:55:00.133000,1.158,1.15797,2700000,1000000
2022-01-06 14:55:00.286000,1.158,1.15798,1500000,1000000
2022-01-06 14:55:02.629000,1.15801,1.15798,1500000,1000000
2022-01-06 14:55:02.731000,1.15803,1.15801,1000000,1000000
2022-01-06 14:55:02.834000,1.15804,1.15801,1000000,1570000
2022-01-06 14:55:02.936000,1.15806,1.15803,1870000,1000000
2022-01-06 14:55:03.038000,1.15808,1.15806,1120000,1250000
2022-01-06 14:55:03.141000,1.15809,1.15806,2250000,1000000
2022-01-06 14:55:03.771000,1.1581,1.15807,1120000,1000000
2022-01-06 14:55:04.081000,1.1581,1.15807,2870000,1000000
2022-01-06 14:55:04.133000,1.15805,1.15803,1000000,1620000
2022-01-06 14:55:04.235000,1.15805,1.15801,1500000,1100000
2022-01-06 14:55:04.286000,1.15802,1.15799,1250000,1000000
2022-01-06 14:55:04.389000,1.15798,1.15795,1000000,1950000
2022-01-06 14:55:09.094000,1.15797,1.15794,1000000,2100000
2022-01-06 14:55:09.284000,1.15797,1.15794,1000000,1570000
2022-01-06 14:55:10.613000,1.158,1.15798,1000000,2690000
2022-01-06 14:55:10.664000,1.15803,1.158,1500000,1200000
2022-01-06 14:55:10.767000,1.15801,1.15799,1000000,1120000
2022-01-06 14:55:10.869000,1.15801,1.15797,1000000,1950000
2022-01-06 14:55:10.971000,1.158,1.15797,1000000,1950000
2022-01-06 14:55:11.276000,1.15799,1.15796,1000000,1950000
2022-01-06 14:55:12.327000,1.15799,1.15796,1000000,2100000
2022-01-06 14:55:12.430000,1.15799,1.15796,1000000,1950000
2022-01-06 14:55:13.597000,1.15799,1.15796,1000000,2100000
2022-01-06 14:55:13.699000,1.15799,1.15796,1000000,1950000
2022-01-06 14:55:15.825000,1.15799,1.15796,1750000,1500000
2022-01-06 14:55:15.927000,1.15798,1.15795,1250000,1100000
2022-01-06 14:55:18.648000,1.15802,1.158,3120000,1950000
2022-01-06 14:55:18.699000,1.15803,1.15801,3000000,1200000
2022-01-06 14:55:18.801000,1.15804,1.15801,1000000,1500000
2022-01-06 14:55:19.171000,1.15805,1.15802,1250000,1000000
2022-01-06 14:55:21.928000,1.15807,1.15802,1000000,1950000
2022-01-06 14:55:23.554000,1.15809,1.15806,1870000,1600000
2022-01-06 14:55:23.656000,1.15811,1.15806,1000000,2850000
2022-01-06 14:55:24.707000,1.15811,1.15808,1000000,1200000
2022-01-06 14:55:24.817000,1.15811,1.15808,1000000,2470000
2022-01-06 14:55:25.021000,1.15811,1.15808,1000000,2320000
2022-01-06 14:55:25.137000,1.15813,1.1581,2440000,1200000
2022-01-06 14:55:25.239000,1.15812,1.15809,1000000,1200000
2022-01-06 14:55:26.258000,1.15811,1.15808,1250000,1200000
2022-01-06 14:55:26.361000,1.1581,1.15807,1000000,1200000
2022-01-06 14:55:26.565000,1.15808,1.15805,1750000,1000000
2022-01-06 14:55:26.667000,1.15807,1.15804,1250000,1950000
2022-01-06 14:55:27.901000,1.15809,1.15806,2810000,1200000
2022-01-06 14:55:28.004000,1.15806,1.15804,1690000,1000000
2022-01-06 14:55:28.106000,1.15808,1.15805,2060000,1000000
2022-01-06 14:55:28.646000,1.15807,1.15804,1000000,1200000
2022-01-06 14:55:29.752000,1.15811,1.15808,1120000,2390000
2022-01-06 14:55:29.854000,1.15812,1.15809,1000000,1950000
2022-01-06 14:55:29.957000,1.15814,1.15811,1500000,1000000
2022-01-06 14:55:30.059000,1.15815,1.15812,1500000,1000000
2022-01-06 14:55:30.161000,1.15814,1.15811,1000000,1200000
2022-01-06 14:55:30.264000,1.15815,1.15812,1000000,1600000
2022-01-06 14:55:30.366000,1.15816,1.15813,1500000,1200000
2022-01-06 14:55:30.468000,1.15817,1.15814,1000000,2470000
2022-01-06 14:55:30.621000,1.15817,1.15814,1000000,2320000
2022-01-06 14:55:31.604000,1.15818,1.15815,1500000,1000000
2022-01-06 14:55:32.568000,1.15818,1.15816,1000000,1000000
2022-01-06 14:55:32.670000,1.15819,1.15814,1000000,1200000
2022-01-06 14:55:34.347000,1.15818,1.15815,1000000,2200000
2022-01-06 14:55:34.449000,1.15818,1.15815,1000000,1100000
2022-01-06 14:55:35.688000,1.15817,1.15814,1000000,1970000
2022-01-06 14:55:36.253000,1.15817,1.15814,1000000,1200000
2022-01-06 14:55:38.477000,1.15817,1.15814,1000000,1220000
2022-01-06 14:55:38.579000,1.15819,1.15814,1000000,1100000
2022-01-06 14:55:43.665000,1.15815,1.15812,1500000,1000000
2022-01-06 14:55:43.869000,1.15814,1.15811,1000000,1500000
2022-01-06 14:55:48.402000,1.15815,1.15813,1000000,1200000
2022-01-06 14:55:48.505000,1.15816,1.15813,1000000,1570000
2022-01-06 14:55:49.300000,1.15821,1.15816,6870000,1120000
2022-01-06 14:55:49.351000,1.15821,1.15818,1500000,1950000
2022-01-06 14:55:49.555000,1.15822,1.1582,1500000,1100000
2022-01-06 14:55:49.678000,1.15823,1.1582,1000000,2470000
2022-01-06 14:55:50.631000,1.15824,1.15821,1000000,1200000
2022-01-06 14:55:52.971000,1.15823,1.1582,1000000,1970000
2022-01-06 14:55:53.278000,1.15824,1.15821,1120000,1100000
2022-01-06 14:55:54.549000,1.15824,1.15821,1000000,1700000
2022-01-06 14:55:54.651000,1.15824,1.15821,1000000,1100000
2022-01-06 14:55:54.857000,1.15823,1.15822,1000000,1000000
2022-01-06 14:55:54.908000,1.15823,1.1582,1000000,1200000
2022-01-06 14:55:54.960000,1.1582,1.15818,1690000,1120000
2022-01-06 14:55:55.062000,1.1582,1.15817,1250000,1200000
2022-01-06 14:55:59.158000,1.15819,1.15816,1000000,2470000
2022-01-06 14:56:00.620000,1.1582,1.15817,1000000,1350000
2022-01-06 14:56:00.723000,1.15822,1.1582,1000000,1250000
2022-01-06 14:56:00.825000,1.15823,1.15821,1000000,1010000
2022-01-06 14:56:00.927000,1.15823,1.15821,1000000,1810000
2022-01-06 14:56:01.080000,1.15824,1.15822,1000000,1100000
2022-01-06 14:56:01.234000,1.15827,1.15824,1000000,1850000
2022-01-06 14:56:01.336000,1.15827,1.15824,1000000,4500000
2022-01-06 14:56:01.438000,1.15828,1.15825,1000000,1600000
2022-01-06 14:56:01.541000,1.15829,1.15826,1000000,1720000
2022-01-06 14:56:03.067000,1.1583,1.15827,1000000,1790000
2022-01-06 14:56:03.169000,1.1583,1.15827,1000000,1690000
2022-01-06 14:56:03.875000,1.1583,1.15827,1000000,1910000
2022-01-06 14:56:03.992000,1.1583,1.15827,1000000,1760000
2022-01-06 14:56:04.142000,1.1583,1.15827,1000000,1790000
2022-01-06 14:56:05.689000,1.1583,1.15827,1000000,1200000
2022-01-06 14:56:05.791000,1.1583,1.15827,1000000,1850000
2022-01-06 14:56:06.299000,1.15829,1.15826,1600000,1310000
2022-01-06 14:56:06.351000,1.15827,1.15824,1000000,1200000
2022-01-06 14:56:06.453000,1.15826,1.15823,1000000,1570000
2022-01-06 14:56:07.178000,1.15825,1.15822,1000000,3040000
2022-01-06 14:56:07.280000,1.15827,1.15822,1000000,1200000
2022-01-06 14:56:07.754000,1.15825,1.15821,1000000,3760000
2022-01-06 14:56:07.857000,1.15824,1.15821,1000000,2140000
2022-01-06 14:56:08.572000,1.15824,1.15822,1000000,1390000
2022-01-06 14:56:09.870000,1.15824,1.15821,1000000,2510000
2022-01-06 14:56:10.380000,1.15823,1.1582,1000000,1000000
2022-01-06 14:56:10.804000,1.15822,1.15818,1000000,2660000
2022-01-06 14:56:10.855000,1.15824,1.15818,3120000,3040000
2022-01-06 14:56:11.018000,1.15821,1.15818,1000000,3040000
2022-01-06 14:56:11.120000,1.15822,1.15819,1120000,1200000
2022-01-06 14:56:11.656000,1.15822,1.15818,1000000,2660000
2022-01-06 14:56:11.758000,1.15823,1.1582,1000000,1220000
2022-01-06 14:56:12.033000,1.15826,1.15821,1000000,1850000
2022-01-06 14:56:12.830000,1.15829,1.15826,5370000,1850000
2022-01-06 14:56:12.932000,1.15829,1.15827,1000000,1310000
2022-01-06 14:56:13.034000,1.1583,1.15827,1000000,3040000
2022-01-06 14:56:14.601000,1.15831,1.15828,1000000,1200000
2022-01-06 14:56:18.201000,1.15832,1.15829,1000000,1000000
2022-01-06 14:56:18.406000,1.15831,1.15828,1000000,1200000
2022-01-06 14:56:18.559000,1.15829,1.15826,1870000,1200000
2022-01-06 14:56:19.938000,1.15828,1.15825,1120000,1000000
2022-01-06 14:56:20.040000,1.15827,1.15824,1500000,1000000
2022-01-06 14:56:20.396000,1.15827,1.15823,1870000,1200000
2022-01-06 14:56:20.498000,1.15826,1.15822,1870000,1100000
2022-01-06 14:56:20.600000,1.15825,1.15822,1120000,1000000
2022-01-06 14:56:21.092000,1.15825,1.15822,1000000,1600000
2022-01-06 14:56:22.261000,1.15826,1.15823,1500000,1000000
2022-01-06 14:56:24.373000,1.15825,1.15822,1000000,1000000
2022-01-06 14:56:25.094000,1.15823,1.15821,1000000,1000000
2022-01-06 14:56:25.598000,1.15822,1.15818,2060000,2100000
2022-01-06 14:56:25.649000,1.1582,1.15817,1120000,1200000
2022-01-06 14:56:26.751000,1.15819,1.15816,1000000,1390000
2022-01-06 14:56:27.442000,1.15818,1.15815,1000000,1390000
2022-01-06 14:56:27.545000,1.15816,1.15813,1500000,1200000
2022-01-06 14:56:27.647000,1.15815,1.15813,1000000,1000000
2022-01-06 14:56:27.855000,1.15817,1.15812,2620000,1000000
2022-01-06 14:56:27.958000,1.15816,1.15811,1250000,1000000
2022-01-06 14:56:28.060000,1.15814,1.15811,2250000,1000000
2022-01-06 14:56:28.162000,1.15812,1.15809,1000000,1000000
2022-01-06 14:56:28.265000,1.15813,1.15808,4820000,1000000
2022-01-06 14:56:29.153000,1.1581,1.15807,1000000,1000000
2022-01-06 14:56:30.506000,1.15809,1.15806,1500000,1000000
2022-01-06 14:56:30.609000,1.15812,1.15807,1500000,1000000
2022-01-06 14:56:31.375000,1.15811,1.15808,1500000,2070000
2022-01-06 14:56:31.477000,1.1581,1.15808,1000000,1000000
2022-01-06 14:56:31.883000,1.15811,1.15808,1500000,1000000
2022-01-06 14:56:33.795000,1.15811,1.15808,1000000,1600000
2022-01-06 14:56:35.663000,1.15812,1.15809,1000000,1200000
2022-01-06 14:56:37.266000,1.1581,1.15808,1120000,1000000
2022-01-06 14:56:37.368000,1.15811,1.15808,1500000,1000000
2022-01-06 14:56:37.914000,1.15809,1.15806,1000000,1000000
2022-01-06 14:56:38.169000,1.15807,1.15804,1000000,1600000
2022-01-06 14:56:38.272000,1.15807,1.15804,1000000,1200000
2022-01-06 14:56:41.872000,1.15808,1.15803,2310000,1100000
2022-01-06 14:56:41.924000,1.15805,1.158,1500000,1950000
2022-01-06 14:56:43.644000,1.15808,1.15805,3370000,1720000
2022-01-06 14:56:43.746000,1.15809,1.15806,1000000,1910000
2022-01-06 14:56:43.848000,1.1581,1.15807,1000000,1200000
2022-01-06 14:56:43.951000,1.1581,1.15807,1000000,1790000
2022-01-06 14:56:44.053000,1.15812,1.15807,1000000,2410000
2022-01-06 14:56:44.311000,1.15813,1.15808,1000000,3290000
2022-01-06 14:56:44.617000,1.15812,1.15808,1000000,3560000
2022-01-06 14:56:44.719000,1.15812,1.15809,1000000,2120000
2022-01-06 14:56:44.770000,1.15815,1.15812,1000000,1600000
2022-01-06 14:56:44.975000,1.15815,1.15811,1000000,3790000
2022-01-06 14:56:45.077000,1.15814,1.1581,1000000,1600000
2022-01-06 14:56:45.688000,1.15815,1.15812,1000000,1000000
2022-01-06 14:56:45.739000,1.15817,1.15812,1000000,1850000
2022-01-06 14:56:45.841000,1.15814,1.15811,1000000,1200000
2022-01-06 14:56:45.944000,1.15815,1.15812,1500000,1200000
2022-01-06 14:56:46.046000,1.15815,1.15812,1500000,1600000
2022-01-06 14:56:46.200000,1.15812,1.15809,1000000,1200000
2022-01-06 14:56:46.354000,1.15812,1.15808,1000000,2290000
2022-01-06 14:56:46.456000,1.15811,1.15808,1000000,1200000
2022-01-06 14:56:46.660000,1.15811,1.15808,1000000,1850000
2022-01-06 14:56:46.762000,1.15812,1.15809,1000000,1200000
2022-01-06 14:56:47.348000,1.15813,1.1581,1000000,2910000
2022-01-06 14:56:47.451000,1.15813,1.1581,1000000,1390000
2022-01-06 14:56:47.604000,1.15812,1.15808,1000000,1760000
2022-01-06 14:56:47.707000,1.15812,1.15809,1000000,1850000
2022-01-06 14:56:48.266000,1.15811,1.15808,1000000,1390000
2022-01-06 14:56:48.571000,1.15811,1.15808,1000000,1850000
2022-01-06 14:56:48.673000,1.15811,1.15806,1000000,1350000
2022-01-06 14:56:48.902000,1.1581,1.15806,1000000,3660000
2022-01-06 14:56:49.454000,1.1581,1.15807,1000000,2100000
2022-01-06 14:56:49.709000,1.15812,1.15806,2250000,3660000
2022-01-06 14:56:50.766000,1.1581,1.15806,1000000,4560000
2022-01-06 14:56:51.925000,1.1581,1.15807,1000000,2100000
2022-01-06 14:56:59.459000,1.15809,1.15806,1000000,2570000
2022-01-06 14:56:59.562000,1.15809,1.15806,1500000,1200000
2022-01-06 14:56:59.664000,1.15808,1.15805,1000000,1200000
2022-01-06 14:56:59.867000,1.15808,1.15805,1000000,1910000
2022-01-06 14:57:02.056000,1.15808,1.15805,1000000,1100000
2022-01-06 14:57:02.160000,1.15808,1.15805,1000000,2100000
2022-01-06 14:57:02.262000,1.15806,1.15803,1000000,3040000
2022-01-06 14:57:02.364000,1.15803,1.15801,1000000,1600000
2022-01-06 14:57:02.466000,1.15804,1.15799,1000000,1600000
2022-01-06 14:57:04.475000,1.15804,1.158,1000000,1570000
2022-01-06 14:57:04.577000,1.15804,1.15799,1000000,1200000
2022-01-06 14:57:05.035000,1.15803,1.15798,1000000,1100000
2022-01-06 14:57:05.137000,1.15802,1.15799,1000000,1600000
2022-01-06 14:57:05.240000,1.158,1.15797,1000000,1910000
2022-01-06 14:57:05.342000,1.15799,1.15796,1000000,1200000
2022-01-06 14:57:06.532000,1.15802,1.15799,1120000,1640000
2022-01-06 14:57:06.635000,1.15803,1.158,1000000,1600000
2022-01-06 14:57:08.377000,1.15804,1.158,1000000,1600000
2022-01-06 14:57:08.966000,1.15803,1.15799,1000000,2660000
2022-01-06 14:57:14.182000,1.15803,1.15799,1000000,2850000
2022-01-06 14:57:14.285000,1.15802,1.15799,1000000,2100000
2022-01-06 14:57:14.759000,1.15801,1.15799,1000000,1200000
2022-01-06 14:57:15.366000,1.15803,1.15798,1000000,1600000
2022-01-06 14:57:15.742000,1.15804,1.15798,4950000,1100000
2022-01-06 14:57:15.963000,1.15803,1.15798,1500000,1100000
2022-01-06 14:57:16.428000,1.158,1.15797,1250000,1950000
2022-01-06 14:57:16.530000,1.15798,1.15796,1000000,1100000
2022-01-06 14:57:16.863000,1.158,1.15795,1310000,1350000
2022-01-06 14:57:16.915000,1.15798,1.15795,1000000,1910000
2022-01-06 14:57:18.918000,1.158,1.15796,1000000,2660000
2022-01-06 14:57:19.183000,1.15801,1.15797,1250000,2100000
2022-01-06 14:57:19.336000,1.15802,1.15797,3070000,1200000
2022-01-06 14:57:19.438000,1.158,1.15795,1000000,2850000
2022-01-06 14:57:19.490000,1.15798,1.15795,1000000,2470000
2022-01-06 14:57:20.128000,1.15797,1.15794,1000000,2070000
2022-01-06 14:57:20.230000,1.15796,1.15793,1000000,1000000
2022-01-06 14:57:20.434000,1.15797,1.15794,1000000,1600000
2022-01-06 14:57:20.485000,1.158,1.15795,3000000,1000000
2022-01-06 14:57:20.871000,1.15799,1.15797,2250000,1000000
2022-01-06 14:57:22.599000,1.15799,1.15797,1120000,1000000
2022-01-06 14:57:22.701000,1.15799,1.15797,1500000,1000000
2022-01-06 14:57:24.054000,1.15798,1.15796,1000000,1000000
2022-01-06 14:57:25.116000,1.15799,1.15796,1500000,1000000
2022-01-06 14:57:25.442000,1.15796,1.15792,2250000,1000000
2022-01-06 14:57:25.494000,1.15792,1.15788,1620000,1950000
2022-01-06 14:57:25.545000,1.15792,1.1579,1000000,1000000
2022-01-06 14:57:25.597000,1.15793,1.1579,1120000,1000000
2022-01-06 14:57:25.902000,1.15794,1.15792,2370000,1000000
2022-01-06 14:57:26.004000,1.15794,1.15792,1000000,1000000
2022-01-06 14:57:26.106000,1.15795,1.15792,3820000,1000000
2022-01-06 14:57:27.633000,1.15795,1.15792,1000000,1350000
2022-01-06 14:57:27.685000,1.15798,1.15796,2320000,1000000
2022-01-06 14:57:29.262000,1.15799,1.15797,3370000,1200000
2022-01-06 14:57:29.314000,1.15801,1.15798,2250000,1200000
2022-01-06 14:57:29.416000,1.15802,1.15798,1200000,1120000
2022-01-06 14:57:29.468000,1.15801,1.15798,1600000,1000000
2022-01-06 14:57:29.773000,1.15801,1.15798,4120000,1000000
2022-01-06 14:57:30.028000,1.158,1.15796,1390000,1000000
2022-01-06 14:57:30.130000,1.158,1.15797,1200000,1000000
2022-01-06 14:57:30.770000,1.158,1.15797,2070000,1000000
2022-01-06 14:57:32.253000,1.158,1.15798,1000000,1000000
2022-01-06 14:57:33.423000,1.15799,1.15797,1120000,1000000
2022-01-06 14:57:34.371000,1.15802,1.15799,1000000,1910000
2022-01-06 14:57:34.427000,1.15804,1.15801,2750000,1000000
2022-01-06 14:57:34.529000,1.15804,1.158,4510000,1000000
2022-01-06 14:57:34.631000,1.15804,1.15801,2960000,1000000
2022-01-06 14:57:34.835000,1.15804,1.15801,4210000,1000000
2022-01-06 14:57:34.886000,1.15804,1.15798,2360000,1720000
2022-01-06 14:57:35.168000,1.15804,1.15801,1120000,1000000
2022-01-06 14:57:35.321000,1.15804,1.158,3570000,1000000
2022-01-06 14:57:35.423000,1.15804,1.15798,4050000,1100000
2022-01-06 14:57:35.684000,1.15804,1.15801,1600000,1000000
2022-01-06 14:57:36.494000,1.15804,1.15801,3150000,1000000
2022-01-06 14:57:36.824000,1.15803,1.158,1000000,1000000
2022-01-06 14:57:36.926000,1.15804,1.15801,3650000,1000000
2022-01-06 14:57:37.039000,1.15804,1.158,3650000,1000000
2022-01-06 14:57:37.267000,1.15804,1.158,3820000,1000000
2022-01-06 14:57:37.370000,1.15804,1.15801,1120000,1000000
2022-01-06 14:57:37.634000,1.15805,1.15802,1870000,1000000
2022-01-06 14:57:37.837000,1.15806,1.15803,2620000,1000000
2022-01-06 14:57:38.308000,1.15807,1.15802,2000000,1000000
2022-01-06 14:57:40.157000,1.15805,1.15802,1120000,1000000
2022-01-06 14:57:40.732000,1.15805,1.15801,1000000,1000000
2022-01-06 14:57:43.109000,1.15806,1.15802,3870000,1000000
2022-01-06 14:57:47.406000,1.15806,1.15803,1870000,1750000
2022-01-06 14:57:47.509000,1.15809,1.15806,1000000,1700000
2022-01-06 14:57:48.266000,1.15809,1.15806,1000000,1200000
2022-01-06 14:57:48.368000,1.15814,1.15811,1620000,1000000
2022-01-06 14:57:48.420000,1.15813,1.15808,1820000,1570000
2022-01-06 14:57:48.471000,1.15811,1.15808,1250000,1570000
2022-01-06 14:57:53.938000,1.15809,1.15806,1500000,1200000
2022-01-06 14:57:54.530000,1.1581,1.15808,1250000,1000000
2022-01-06 14:57:55.098000,1.1581,1.15805,3940000,1720000
2022-01-06 14:57:55.150000,1.15808,1.15806,3010000,1000000
2022-01-06 14:57:55.252000,1.15807,1.15803,1000000,1100000
2022-01-06 14:57:55.783000,1.15807,1.15802,1120000,1100000
2022-01-06 14:57:57.686000,1.15806,1.15802,1000000,1570000
2022-01-06 14:57:58.709000,1.15807,1.15802,1120000,1570000
2022-01-06 14:57:59.581000,1.15807,1.15804,1000000,1600000
2022-01-06 14:57:59.684000,1.1581,1.15808,2500000,1000000
2022-01-06 14:57:59.888000,1.15811,1.15808,4370000,1000000
2022-01-06 14:58:00.041000,1.1581,1.15808,1250000,1000000
2022-01-06 14:58:02.137000,1.15811,1.15808,2870000,1000000
2022-01-06 14:58:02.239000,1.15811,1.15809,1120000,1950000
2022-01-06 14:58:02.342000,1.15811,1.15808,1250000,2320000
2022-01-06 14:58:02.444000,1.15813,1.1581,4010000,1000000
2022-01-06 14:58:02.546000,1.15813,1.15809,1250000,1200000
2022-01-06 14:58:02.648000,1.15814,1.1581,3890000,1000000
2022-01-06 14:58:03.452000,1.15816,1.15813,5060000,1000000
2022-01-06 14:58:03.554000,1.15817,1.15814,1690000,1000000
2022-01-06 14:58:03.707000,1.15817,1.15815,1250000,1000000
2022-01-06 14:58:03.809000,1.15816,1.15811,1000000,1600000
2022-01-06 14:58:04.533000,1.15818,1.15815,2060000,1000000
2022-01-06 14:58:06.184000,1.15818,1.15815,3060000,1000000
2022-01-06 14:58:06.286000,1.15818,1.15815,2810000,1000000
2022-01-06 14:58:07.407000,1.15817,1.15813,2010000,1000000
2022-01-06 14:58:07.509000,1.15816,1.15813,1940000,1000000
2022-01-06 14:58:07.611000,1.15814,1.1581,1950000,1000000
2022-01-06 14:58:07.713000,1.15813,1.15809,1690000,1200000
2022-01-06 14:58:07.816000,1.15813,1.15809,2190000,1200000
2022-01-06 14:58:07.969000,1.15811,1.15809,2450000,1000000
2022-01-06 14:58:08.071000,1.15811,1.15808,4760000,1000000
2022-01-06 14:58:08.465000,1.15809,1.15807,1000000,1000000
2022-01-06 14:58:08.720000,1.15809,1.15806,3190000,1000000
2022-01-06 14:58:08.826000,1.15808,1.15804,1000000,1000000
2022-01-06 14:58:09.586000,1.15808,1.15802,1000000,1200000
2022-01-06 14:58:09.638000,1.15808,1.15806,1000000,1000000
2022-01-06 14:58:09.943000,1.1581,1.15808,1750000,1000000
2022-01-06 14:58:13.119000,1.1581,1.15807,3000000,1000000
2022-01-06 14:58:13.938000,1.1581,1.15808,1370000,1000000
2022-01-06 14:58:14.040000,1.1581,1.15807,2120000,1200000
2022-01-06 14:58:19.915000,1.1581,1.15807,1310000,1200000
2022-01-06 14:58:21.115000,1.1581,1.15807,2500000,1910000
2022-01-06 14:58:21.218000,1.15812,1.15809,1690000,1200000
2022-01-06 14:58:21.269000,1.15811,1.15806,1500000,2070000
2022-01-06 14:58:21.457000,1.1581,1.15807,1500000,1200000
2022-01-06 14:58:21.660000,1.1581,1.15806,1250000,1120000
2022-01-06 14:58:22.359000,1.15809,1.15805,2440000,2470000
2022-01-06 14:58:22.490000,1.15808,1.15805,1000000,2470000
2022-01-06 14:58:23.629000,1.15802,1.158,1000000,1120000
2022-01-06 14:58:23.732000,1.15803,1.15798,1000000,4350000
2022-01-06 14:58:23.834000,1.15802,1.15798,1000000,2000000
2022-01-06 14:58:23.954000,1.15802,1.15799,1000000,1720000
2022-01-06 14:58:27.641000,1.15802,1.15798,1250000,1100000
2022-01-06 14:58:27.743000,1.15801,1.15798,1000000,1200000
2022-01-06 14:58:27.845000,1.15801,1.15798,1000000,1600000
2022-01-06 14:58:30.611000,1.15803,1.15798,1310000,1100000
2022-01-06 14:58:30.815000,1.15799,1.15797,1250000,1100000
2022-01-06 14:58:30.917000,1.158,1.15797,1000000,1600000
2022-01-06 14:58:31.837000,1.158,1.15797,1000000,1120000
2022-01-06 14:58:32.158000,1.15801,1.15798,1000000,1600000
2022-01-06 14:58:33.912000,1.15797,1.15796,1000000,1000000
2022-01-06 14:58:34.014000,1.15797,1.15794,1000000,1200000
2022-01-06 14:58:34.117000,1.158,1.15791,3010000,3220000
2022-01-06 14:58:36.159000,1.15796,1.15793,1000000,1720000
2022-01-06 14:58:38.400000,1.15796,1.15793,1000000,1000000
2022-01-06 14:58:38.824000,1.15795,1.15792,1000000,1950000
2022-01-06 14:58:39.519000,1.15795,1.15791,1000000,1570000
2022-01-06 14:58:40.691000,1.15793,1.1579,1950000,1000000
2022-01-06 14:58:40.742000,1.15792,1.15789,2310000,2410000
2022-01-06 14:58:40.793000,1.1579,1.15787,1000000,1250000
2022-01-06 14:58:41.763000,1.15789,1.15786,1250000,1200000
2022-01-06 14:58:45.326000,1.15786,1.15784,1310000,1000000
2022-01-06 14:58:45.378000,1.15785,1.15783,1000000,2580000
2022-01-06 14:58:45.481000,1.15785,1.15782,1000000,1000000
2022-01-06 14:58:48.925000,1.15784,1.15781,1000000,1000000
2022-01-06 14:58:51.558000,1.15785,1.15782,1000000,1000000
2022-01-06 14:58:52.777000,1.15788,1.15783,1620000,1000000
2022-01-06 14:58:52.829000,1.15788,1.15785,1000000,1200000
2022-01-06 14:58:53.957000,1.15789,1.15786,1690000,1000000
2022-01-06 14:58:55.847000,1.15788,1.15785,1000000,1000000
2022-01-06 14:58:55.950000,1.15787,1.15785,1370000,1000000
2022-01-06 14:58:56.052000,1.15788,1.15783,2810000,1000000
2022-01-06 14:58:56.805000,1.15787,1.15782,1310000,1000000
2022-01-06 14:58:57.647000,1.15784,1.15782,1250000,1000000
2022-01-06 14:58:58.102000,1.15784,1.15782,1250000,1620000
2022-01-06 14:58:58.204000,1.15784,1.15782,1250000,1000000
2022-01-06 14:58:59.158000,1.15784,1.15781,1690000,1000000
2022-01-06 14:59:00.937000,1.15784,1.15781,1750000,1000000
2022-01-06 14:59:00.989000,1.15781,1.15778,1250000,1950000
2022-01-06 14:59:01.633000,1.1578,1.15778,1250000,1000000
2022-01-06 14:59:04.134000,1.1578,1.15777,1250000,1570000
2022-01-06 14:59:04.430000,1.15774,1.15772,1690000,1570000
2022-01-06 14:59:05.231000,1.15774,1.15771,1250000,1200000
2022-01-06 14:59:06.237000,1.15773,1.1577,1000000,1600000
2022-01-06 14:59:06.503000,1.15772,1.1577,1310000,1000000
2022-01-06 14:59:06.554000,1.15771,1.15768,1000000,1000000
2022-01-06 14:59:09.617000,1.15773,1.1577,1500000,1200000
2022-01-06 14:59:09.719000,1.15773,1.15771,1000000,1200000
2022-01-06 14:59:11.324000,1.15774,1.15771,1250000,1200000
2022-01-06 14:59:11.473000,1.15774,1.15771,1250000,1600000
2022-01-06 14:59:11.579000,1.15775,1.15772,1000000,1570000
2022-01-06 14:59:11.681000,1.15778,1.15775,1000000,1200000
2022-01-06 14:59:11.834000,1.15777,1.15774,1000000,1950000
2022-01-06 14:59:13.813000,1.15776,1.15773,1000000,1000000
2022-01-06 14:59:14.520000,1.15776,1.15773,1940000,1000000
2022-01-06 14:59:15.108000,1.15775,1.15773,1250000,1000000
2022-01-06 14:59:15.160000,1.15776,1.15773,1120000,1000000
2022-01-06 14:59:19.716000,1.15776,1.15773,1250000,1000000
2022-01-06 14:59:20.168000,1.15776,1.15773,1000000,1000000
2022-01-06 14:59:22.656000,1.15776,1.15773,1250000,1000000
2022-01-06 14:59:22.758000,1.15775,1.15772,1250000,1200000
2022-01-06 14:59:25.094000,1.15779,1.15774,8670000,1500000
2022-01-06 14:59:25.146000,1.15782,1.15779,1120000,1120000
2022-01-06 14:59:25.197000,1.15787,1.15784,1500000,1000000
2022-01-06 14:59:25.299000,1.15786,1.15781,1870000,1000000
2022-01-06 14:59:25.402000,1.15784,1.15781,1000000,1000000
2022-01-06 14:59:30.248000,1.15785,1.15781,1310000,1500000
2022-01-06 14:59:31.240000,1.15785,1.1578,1000000,1000000
2022-01-06 14:59:32.470000,1.15784,1.15781,1250000,1000000
2022-01-06 14:59:34.007000,1.15783,1.15781,1560000,1000000
2022-01-06 14:59:34.110000,1.15783,1.1578,1310000,1000000
2022-01-06 14:59:34.212000,1.15784,1.15781,2690000,1000000
2022-01-06 14:59:35.050000,1.15783,1.15781,1500000,1000000
2022-01-06 14:59:36.141000,1.15781,1.15777,1250000,1500000
2022-01-06 14:59:36.243000,1.1578,1.15777,1250000,1500000
2022-01-06 14:59:36.345000,1.1578,1.15776,1250000,1000000
2022-01-06 14:59:36.447000,1.15781,1.15777,1250000,1000000
2022-01-06 14:59:36.699000,1.1578,1.15776,1250000,1000000
2022-01-06 14:59:37.106000,1.15781,1.15776,1870000,1500000
2022-01-06 14:59:37.208000,1.15782,1.15779,2810000,1000000
2022-01-06 14:59:37.311000,1.15782,1.15779,1500000,1000000
2022-01-06 14:59:37.470000,1.15783,1.15779,1000000,1000000
2022-01-06 14:59:38.395000,1.15783,1.1578,2440000,1000000
2022-01-06 14:59:38.447000,1.15786,1.15783,1000000,2000000
2022-01-06 14:59:38.498000,1.1579,1.15786,2620000,1000000
2022-01-06 14:59:38.549000,1.1579,1.15786,1500000,1000000
2022-01-06 14:59:38.652000,1.15786,1.15781,1660000,1870000
2022-01-06 14:59:38.805000,1.15786,1.1578,1000000,1120000
2022-01-06 14:59:39.887000,1.15784,1.15781,1000000,1000000
2022-01-06 14:59:44.869000,1.15782,1.15778,1000000,3000000
2022-01-06 14:59:44.921000,1.15781,1.15775,1000000,1120000
2022-01-06 14:59:45.023000,1.15781,1.15776,1500000,1120000
2022-01-06 14:59:45.175000,1.15781,1.15779,1000000,1000000
2022-01-06 14:59:45.430000,1.15777,1.15775,1000000,1000000
2022-01-06 14:59:45.533000,1.15776,1.1577,1000000,1000000
2022-01-06 14:59:45.584000,1.15778,1.15776,1000000,1000000
2022-01-06 14:59:45.686000,1.15779,1.15776,1000000,1000000
2022-01-06 14:59:48.503000,1.15773,1.15769,1000000,1500000
2022-01-06 14:59:48.605000,1.15772,1.15769,1000000,1500000
2022-01-06 14:59:48.707000,1.15774,1.15771,1000000,1000000
2022-01-06 14:59:49.192000,1.15773,1.1577,1000000,1000000
2022-01-06 14:59:50.543000,1.15777,1.15767,3000000,1150000
2022-01-06 14:59:50.645000,1.15778,1.15767,1250000,1000000
2022-01-06 14:59:50.747000,1.15778,1.15765,1890000,1500000
2022-01-06 14:59:50.798000,1.15778,1.15768,1310000,1000000
2022-01-06 14:59:50.900000,1.15782,1.15771,6000000,1000000
2022-01-06 14:59:51.002000,1.15782,1.15771,2440000,1000000
2022-01-06 14:59:51.121000,1.15782,1.15771,2500000,1000000
2022-01-06 14:59:51.488000,1.15777,1.15769,1000000,1080000
2022-01-06 14:59:51.540000,1.15777,1.15767,1000000,1000000
2022-01-06 14:59:51.754000,1.15779,1.15767,1250000,1000000
2022-01-06 14:59:52.101000,1.15782,1.15771,2440000,1000000
2022-01-06 14:59:52.531000,1.1578,1.15769,1250000,1000000
2022-01-06 14:59:52.633000,1.15779,1.15768,1250000,1000000
2022-01-06 14:59:52.837000,1.15772,1.15765,1000000,1000000
2022-01-06 14:59:52.939000,1.1577,1.15765,1000000,1000000
2022-01-06 14:59:53.041000,1.15775,1.15766,1290000,1000000
2022-01-06 14:59:53.323000,1.15775,1.15765,1080000,1000000
2022-01-06 14:59:53.986000,1.15774,1.15761,1250000,1500000
2022-01-06 14:59:54.189000,1.15775,1.15764,2250000,1000000
2022-01-06 14:59:55.466000,1.15775,1.15765,1450000,1000000
2022-01-06 14:59:55.568000,1.15775,1.15764,1690000,1000000
2022-01-06 14:59:55.796000,1.15775,1.15766,1500000,1000000
2022-01-06 14:59:56.050000,1.15775,1.1577,1450000,1000000
2022-01-06 14:59:56.102000,1.15779,1.1577,3370000,1000000
2022-01-06 14:59:56.204000,1.1578,1.15769,1000000,1000000
2022-01-06 14:59:56.377000,1.15779,1.15769,1000000,1000000
2022-01-06 14:59:56.580000,1.1578,1.15769,1250000,1000000
2022-01-06 14:59:57.183000,1.15781,1.1577,1750000,1000000
2022-01-06 14:59:57.868000,1.15781,1.15775,1000000,1000000
2022-01-06 14:59:57.920000,1.15787,1.15776,3950000,1000000
2022-01-06 14:59:58.091000,1.15786,1.15776,1200000,1000000
2022-01-06 14:59:59.102000,1.15784,1.15778,1000000,1000000
2022-01-06 14:59:59.153000,1.15783,1.15773,2000000,1000000
2022-01-06 14:59:59.874000,1.15783,1.15772,1000000,1000000
2022-01-06 15:00:00.042000,1.15772,1.15767,1250000,2250000
2022-01-06 15:00:00.094000,1.15743,1.15726,1250000,1000000
2022-01-06 15:00:00.146000,1.15723,1.15706,1000000,1500000
2022-01-06 15:00:00.197000,1.15731,1.15721,1000000,370000
2022-01-06 15:00:00.336000,1.15726,1.15709,1000000,1000000
2022-01-06 15:00:00.388000,1.15724,1.15713,1500000,1650000
2022-01-06 15:00:00.439000,1.15725,1.15707,1500000,1650000
2022-01-06 15:00:00.490000,1.15722,1.15714,1120000,2440000
2022-01-06 15:00:00.599000,1.15716,1.15702,1370000,3120000
2022-01-06 15:00:00.651000,1.15717,1.15704,3250000,1750000
2022-01-06 15:00:00.702000,1.15716,1.15708,1250000,1120000
2022-01-06 15:00:00.804000,1.15711,1.15699,1000000,1500000
2022-01-06 15:00:00.855000,1.15692,1.1569,1000000,2250000
2022-01-06 15:00:00.957000,1.15687,1.15675,1120000,1000000
2022-01-06 15:00:01.008000,1.15687,1.15679,1120000,1000000
2022-01-06 15:00:01.059000,1.15695,1.15686,1500000,1000000
2022-01-06 15:00:01.110000,1.15703,1.15692,1000000,1000000
2022-01-06 15:00:01.162000,1.15694,1.15689,7500000,1780000
2022-01-06 15:00:01.263000,1.15713,1.15698,2000000,1500000
2022-01-06 15:00:01.365000,1.15707,1.15696,1250000,1120000
2022-01-06 15:00:01.417000,1.15706,1.15693,1000000,1500000
2022-01-06 15:00:01.468000,1.15706,1.15692,1500000,1500000
2022-01-06 15:00:01.621000,1.15706,1.15697,1000000,1500000
2022-01-06 15:00:01.672000,1.15706,1.15696,1000000,1000000
2022-01-06 15:00:01.774000,1.15696,1.15691,1000000,1120000
2022-01-06 15:00:01.877000,1.157,1.15694,1500000,1000000
2022-01-06 15:00:01.978000,1.15701,1.15695,3000000,1000000
2022-01-06 15:00:02.030000,1.15699,1.15695,1000000,1000000
2022-01-06 15:00:02.132000,1.15709,1.15701,1500000,1000000
2022-01-06 15:00:02.183000,1.15707,1.15701,1120000,1250000
2022-01-06 15:00:02.234000,1.15704,1.15697,7500000,1690000
2022-01-06 15:00:02.285000,1.15709,1.15699,1000000,1250000
2022-01-06 15:00:02.392000,1.15714,1.15707,1500000,1000000
2022-01-06 15:00:02.443000,1.15716,1.15709,1000000,1000000
2022-01-06 15:00:02.596000,1.15717,1.1571,1000000,1500000
2022-01-06 15:00:02.698000,1.15721,1.15711,1120000,1000000
2022-01-06 15:00:02.749000,1.15715,1.15711,1000000,1000000
2022-01-06 15:00:02.800000,1.15714,1.15707,1000000,1000000
2022-01-06 15:00:02.851000,1.15711,1.15707,1000000,1000000
2022-01-06 15:00:02.953000,1.15715,1.15707,3900000,1620000
2022-01-06 15:00:03.004000,1.15722,1.15709,1620000,1500000
2022-01-06 15:00:03.106000,1.15725,1.15716,1620000,3000000
2022-01-06 15:00:03.158000,1.15726,1.15719,2000000,1000000
2022-01-06 15:00:03.260000,1.15723,1.15718,1000000,1000000
2022-01-06 15:00:03.311000,1.15723,1.15716,1000000,1080000
2022-01-06 15:00:03.413000,1.15727,1.15716,1000000,1620000
2022-01-06 15:00:03.515000,1.15727,1.15716,1000000,3370000
2022-01-06 15:00:03.566000,1.15729,1.15719,1620000,1250000
2022-01-06 15:00:03.617000,1.15729,1.15718,1000000,1000000
2022-01-06 15:00:03.668000,1.15731,1.15719,1120000,1000000
2022-01-06 15:00:03.719000,1.15731,1.15722,1000000,1080000
2022-01-06 15:00:03.822000,1.15732,1.15722,1000000,1080000
2022-01-06 15:00:03.924000,1.15728,1.15719,1750000,2000000
2022-01-06 15:00:03.975000,1.15728,1.15716,1930000,3000000
2022-01-06 15:00:04.077000,1.15728,1.15714,1000000,3750000
2022-01-06 15:00:04.179000,1.15727,1.15716,1500000,4390000
2022-01-06 15:00:04.281000,1.15726,1.15713,2000000,1860000
2022-01-06 15:00:04.384000,1.15715,1.15706,1250000,3750000
2022-01-06 15:00:04.435000,1.15714,1.15704,1500000,1000000
2022-01-06 15:00:04.487000,1.15714,1.15702,1500000,1140000
2022-01-06 15:00:04.538000,1.15714,1.15707,1000000,1000000
2022-01-06 15:00:04.589000,1.15719,1.15715,3750000,1000000
2022-01-06 15:00:04.640000,1.15725,1.15714,1620000,1500000
2022-01-06 15:00:04.691000,1.15729,1.15722,1500000,1180000
2022-01-06 15:00:04.793000,1.15729,1.15722,1000000,1180000
2022-01-06 15:00:04.904000,1.15733,1.15722,1000000,1180000
2022-01-06 15:00:05.006000,1.15733,1.15722,1620000,1000000
2022-01-06 15:00:05.108000,1.15727,1.15716,2370000,1230000
2022-01-06 15:00:05.233000,1.15727,1.15716,1500000,1230000
2022-01-06 15:00:05.334000,1.15728,1.15714,1690000,2620000
2022-01-06 15:00:05.386000,1.15727,1.15718,1000000,1000000
2022-01-06 15:00:05.437000,1.1573,1.15719,1120000,1000000
2022-01-06 15:00:05.539000,1.15731,1.15719,1000000,1000000
2022-01-06 15:00:05.742000,1.1573,1.15719,2190000,1000000
2022-01-06 15:00:05.844000,1.15728,1.15718,1080000,1500000
2022-01-06 15:00:05.895000,1.1573,1.15718,1000000,1000000
2022-01-06 15:00:05.997000,1.1573,1.15717,1250000,1500000
2022-01-06 15:00:06.150000,1.15729,1.15717,1250000,1500000
2022-01-06 15:00:06.252000,1.15722,1.15717,2250000,1500000
2022-01-06 15:00:06.303000,1.15721,1.15709,1500000,3230000
2022-01-06 15:00:06.464000,1.15721,1.15714,1500000,2000000
2022-01-06 15:00:06.516000,1.15727,1.15716,2690000,1140000
2022-01-06 15:00:06.617000,1.15727,1.15714,1940000,2000000
2022-01-06 15:00:06.719000,1.15727,1.15716,1500000,1710000
2022-01-06 15:00:06.834000,1.15729,1.15718,1000000,1000000
2022-01-06 15:00:06.936000,1.1573,1.15718,1250000,1500000
2022-01-06 15:00:07.038000,1.15731,1.15719,1940000,2250000
2022-01-06 15:00:07.140000,1.15731,1.1572,1000000,2100000
2022-01-06 15:00:07.242000,1.15731,1.15718,1250000,2100000
2022-01-06 15:00:07.452000,1.15731,1.1572,1500000,2100000
2022-01-06 15:00:07.605000,1.15731,1.1572,1120000,2100000
2022-01-06 15:00:07.903000,1.15731,1.15718,1500000,4350000
2022-01-06 15:00:07.954000,1.15731,1.15719,1000000,2100000
2022-01-06 15:00:08.107000,1.15732,1.15722,1120000,1830000
2022-01-06 15:00:08.407000,1.15732,1.1572,1120000,2100000
2022-01-06 15:00:08.593000,1.15731,1.1572,1120000,2100000
2022-01-06 15:00:08.695000,1.1573,1.15719,1000000,2100000
2022-01-06 15:00:08.867000,1.15732,1.15722,1120000,2470000
2022-01-06 15:00:09.040000,1.1573,1.15718,1500000,1600000
2022-01-06 15:00:09.409000,1.15732,1.15721,1000000,2470000
2022-01-06 15:00:09.511000,1.15732,1.15722,1870000,5310000
2022-01-06 15:00:09.613000,1.15731,1.15721,1870000,2850000
2022-01-06 15:00:09.715000,1.15729,1.15721,1000000,2850000
2022-01-06 15:00:09.817000,1.15731,1.15722,1000000,6220000
2022-01-06 15:00:09.920000,1.15732,1.15721,1000000,2470000
2022-01-06 15:00:10.022000,1.1573,1.15722,1000000,2470000
2022-01-06 15:00:10.703000,1.15728,1.1572,1000000,1600000
2022-01-06 15:00:10.806000,1.15727,1.15718,2250000,2850000
2022-01-06 15:00:10.959000,1.15726,1.15719,1000000,1600000
2022-01-06 15:00:11.010000,1.15726,1.1572,1000000,2850000
2022-01-06 15:00:11.243000,1.15728,1.15721,1000000,1600000
2022-01-06 15:00:11.294000,1.15725,1.15719,1000000,2250000
2022-01-06 15:00:11.346000,1.15728,1.15722,1750000,1620000
2022-01-06 15:00:11.448000,1.15732,1.15729,1000000,1080000
2022-01-06 15:00:11.550000,1.15733,1.15726,1000000,1720000
2022-01-06 15:00:11.653000,1.15731,1.15725,1000000,2850000
2022-01-06 15:00:12.059000,1.15728,1.15722,1000000,1230000
2022-01-06 15:00:12.111000,1.15728,1.15723,1000000,2100000
2022-01-06 15:00:12.264000,1.15729,1.15723,1000000,2850000
2022-01-06 15:00:12.380000,1.1573,1.15723,1000000,2850000
2022-01-06 15:00:12.431000,1.15732,1.15725,1000000,1000000
2022-01-06 15:00:12.483000,1.15734,1.15727,1000000,2100000
2022-01-06 15:00:12.585000,1.15735,1.1573,1500000,1600000
2022-01-06 15:00:12.637000,1.15738,1.1573,1000000,1600000
2022-01-06 15:00:12.688000,1.15736,1.15732,1000000,1000000
2022-01-06 15:00:12.740000,1.15735,1.15729,1000000,1000000
2022-01-06 15:00:12.791000,1.15735,1.15728,1000000,2100000
2022-01-06 15:00:12.893000,1.15737,1.15729,1000000,1600000
2022-01-06 15:00:13.097000,1.15736,1.15728,1000000,2470000
2022-01-06 15:00:13.199000,1.15739,1.15728,2620000,1600000
2022-01-06 15:00:13.403000,1.15738,1.15731,2250000,2100000
2022-01-06 15:00:13.759000,1.15742,1.15736,2250000,4410000
2022-01-06 15:00:13.861000,1.15744,1.15739,1500000,2850000
2022-01-06 15:00:13.964000,1.15748,1.15741,6000000,2100000
2022-01-06 15:00:14.074000,1.15743,1.1574,1250000,1600000
2022-01-06 15:00:14.287000,1.15744,1.15739,1250000,2100000
2022-01-06 15:00:14.389000,1.15745,1.15739,1250000,2100000
2022-01-06 15:00:14.492000,1.15748,1.15744,2350000,2250000
2022-01-06 15:00:14.594000,1.15748,1.15744,1500000,2850000
2022-01-06 15:00:14.645000,1.15749,1.15744,1120000,1600000
2022-01-06 15:00:14.747000,1.1575,1.15742,2440000,2100000
2022-01-06 15:00:14.852000,1.15749,1.15742,1250000,2100000
2022-01-06 15:00:14.903000,1.15744,1.1574,1500000,2100000
2022-01-06 15:00:15.005000,1.15745,1.15738,1500000,1600000
2022-01-06 15:00:15.107000,1.15743,1.15738,1250000,1600000
2022-01-06 15:00:15.444000,1.15745,1.15738,1250000,2100000
2022-01-06 15:00:15.628000,1.15743,1.15739,1250000,2100000
2022-01-06 15:00:15.730000,1.15745,1.15738,1750000,1600000
2022-01-06 15:00:15.883000,1.15748,1.1574,2250000,1600000
2022-01-06 15:00:15.984000,1.15748,1.1574,1000000,1600000
2022-01-06 15:00:16.231000,1.15749,1.1574,3190000,1600000
2022-01-06 15:00:16.383000,1.15748,1.1574,2350000,1200000
2022-01-06 15:00:16.485000,1.15747,1.15739,3040000,1200000
2022-01-06 15:00:16.588000,1.15741,1.15737,1720000,2250000
2022-01-06 15:00:16.690000,1.15741,1.15736,1000000,1200000
2022-01-06 15:00:16.792000,1.15743,1.15735,2440000,1600000
2022-01-06 15:00:16.902000,1.15743,1.15734,2440000,1600000
2022-01-06 15:00:17.004000,1.15743,1.15735,2440000,1600000
2022-01-06 15:00:17.219000,1.15744,1.15732,3190000,2100000
2022-01-06 15:00:17.473000,1.15742,1.15733,4410000,1200000
2022-01-06 15:00:17.575000,1.15739,1.1573,1940000,2100000
2022-01-06 15:00:17.627000,1.15739,1.15731,1000000,1600000
2022-01-06 15:00:17.729000,1.1574,1.15731,1000000,1600000
2022-01-06 15:00:17.831000,1.1574,1.15733,1000000,1600000
2022-01-06 15:00:17.933000,1.15738,1.15731,1500000,2100000
2022-01-06 15:00:18.045000,1.15738,1.15731,2000000,1200000
2022-01-06 15:00:18.567000,1.1574,1.15731,1120000,1850000
2022-01-06 15:00:18.771000,1.15741,1.15732,1570000,1600000
2022-01-06 15:00:18.873000,1.15738,1.1573,1940000,3220000
2022-01-06 15:00:19.261000,1.15738,1.1573,1690000,1600000
2022-01-06 15:00:19.443000,1.15738,1.1573,2500000,1600000
2022-01-06 15:00:20.411000,1.15737,1.15728,1870000,2640000
2022-01-06 15:00:20.513000,1.15732,1.15729,1000000,1000000
2022-01-06 15:00:20.565000,1.15735,1.15728,1000000,1200000
2022-01-06 15:00:21.024000,1.15735,1.15724,4010000,1600000
2022-01-06 15:00:21.126000,1.15733,1.15725,2500000,1600000
2022-01-06 15:00:21.279000,1.15733,1.15725,1000000,1600000
2022-01-06 15:00:21.590000,1.15733,1.15725,1120000,1720000
2022-01-06 15:00:22.725000,1.15734,1.15727,2250000,1200000
2022-01-06 15:00:22.827000,1.15736,1.15728,1390000,1600000
2022-01-06 15:00:23.104000,1.15738,1.1573,2250000,1720000
2022-01-06 15:00:23.206000,1.15738,1.15731,1940000,1600000
2022-01-06 15:00:23.360000,1.1574,1.15731,1100000,3220000
2022-01-06 15:00:23.462000,1.15743,1.15736,2620000,1750000
2022-01-06 15:00:23.564000,1.15743,1.15736,1500000,1600000
2022-01-06 15:00:23.718000,1.15742,1.15735,1250000,1720000
2022-01-06 15:00:23.820000,1.15743,1.15736,1250000,1850000
2022-01-06 15:00:23.922000,1.15744,1.15737,2500000,1100000
2022-01-06 15:00:24.075000,1.15744,1.15737,1940000,1720000
2022-01-06 15:00:24.723000,1.15745,1.15738,1540000,3040000
2022-01-06 15:00:24.825000,1.15746,1.15739,1350000,1100000
2022-01-06 15:00:25.182000,1.15745,1.1574,1350000,1100000
2022-01-06 15:00:27.625000,1.15745,1.1574,1350000,2850000
2022-01-06 15:00:27.893000,1.15746,1.15741,1350000,1680000
2022-01-06 15:00:27.944000,1.15749,1.15745,1870000,1720000
2022-01-06 15:00:27.995000,1.15754,1.15745,3070000,4350000
2022-01-06 15:00:28.047000,1.1575,1.15745,1270000,5100000
2022-01-06 15:00:28.149000,1.15751,1.15744,1270000,2470000
2022-01-06 15:00:28.263000,1.15752,1.15749,1270000,1100000
2022-01-06 15:00:28.893000,1.15752,1.15749,1270000,1940000
2022-01-06 15:00:28.945000,1.1575,1.15747,1270000,1200000
2022-01-06 15:00:28.996000,1.1575,1.15744,1270000,3970000
2022-01-06 15:00:29.149000,1.1575,1.15742,2940000,6550000
2022-01-06 15:00:29.252000,1.1575,1.15742,3370000,1200000
2022-01-06 15:00:29.354000,1.1575,1.15742,2970000,1600000
2022-01-06 15:00:29.873000,1.1575,1.15742,2470000,1720000
2022-01-06 15:00:29.925000,1.1575,1.15743,1270000,2100000
2022-01-06 15:00:30.964000,1.1575,1.15745,1270000,2100000
2022-01-06 15:00:31.422000,1.1575,1.15745,1270000,1100000
2022-01-06 15:00:32.993000,1.1575,1.15743,1100000,1120000
2022-01-06 15:00:33.095000,1.15751,1.15741,2850000,1720000
2022-01-06 15:00:33.197000,1.1575,1.15742,3000000,2100000
2022-01-06 15:00:33.401000,1.15748,1.15742,1100000,1200000
2022-01-06 15:00:33.504000,1.15748,1.15739,3970000,1120000
2022-01-06 15:00:33.606000,1.15746,1.15738,2470000,1720000
2022-01-06 15:00:35.266000,1.15744,1.15738,1250000,2660000
2022-01-06 15:00:35.368000,1.15739,1.15733,1500000,1100000
2022-01-06 15:00:35.521000,1.1574,1.15732,1000000,1720000
2022-01-06 15:00:35.935000,1.1574,1.15732,1100000,1720000
2022-01-06 15:00:36.363000,1.15742,1.15735,3600000,1100000
2022-01-06 15:00:36.466000,1.15743,1.15736,2470000,1100000
2022-01-06 15:00:36.618000,1.15743,1.15736,1570000,1100000
2022-01-06 15:00:37.050000,1.15743,1.15736,1600000,1100000
2022-01-06 15:00:37.152000,1.15743,1.15737,1200000,1100000
2022-01-06 15:00:37.531000,1.15743,1.15736,1600000,1100000
2022-01-06 15:00:37.710000,1.15743,1.15735,1100000,2100000
2022-01-06 15:00:37.812000,1.15745,1.15738,1570000,1600000
2022-01-06 15:00:38.460000,1.15748,1.15742,1000000,1100000
2022-01-06 15:00:39.349000,1.15748,1.15743,1000000,1100000
2022-01-06 15:00:39.451000,1.15748,1.15742,1000000,1620000
2022-01-06 15:00:40.151000,1.15748,1.15742,1200000,1100000
2022-01-06 15:00:40.456000,1.1575,1.15747,1270000,1100000
2022-01-06 15:00:40.610000,1.1575,1.15745,1460000,2330000
2022-01-06 15:00:40.712000,1.1575,1.15743,2910000,3970000
2022-01-06 15:00:40.814000,1.15751,1.15742,4190000,1100000
2022-01-06 15:00:40.916000,1.1575,1.15743,3660000,1100000
2022-01-06 15:00:41.131000,1.1575,1.15743,1910000,1910000
2022-01-06 15:00:41.538000,1.1575,1.15743,2810000,1010000
2022-01-06 15:00:44.092000,1.15751,1.15741,3040000,2910000
2022-01-06 15:00:45.734000,1.15751,1.15743,1650000,1720000
2022-01-06 15:00:45.838000,1.1575,1.15747,1270000,1450000
2022-01-06 15:00:45.991000,1.1575,1.15747,1460000,1100000
2022-01-06 15:00:46.195000,1.1575,1.15745,1270000,3600000
2022-01-06 15:00:46.297000,1.15755,1.1575,1510000,1010000
2022-01-06 15:00:46.400000,1.15755,1.1575,1010000,1010000
2022-01-06 15:00:46.502000,1.15754,1.15748,1500000,1600000
2022-01-06 15:00:46.655000,1.15754,1.15747,1700000,1700000
2022-01-06 15:00:46.910000,1.15754,1.15748,1000000,1200000
2022-01-06 15:00:47.013000,1.15758,1.15755,1000000,1250000
2022-01-06 15:00:47.064000,1.1576,1.15752,1570000,2070000
2022-01-06 15:00:47.115000,1.15759,1.15752,2510000,1850000
2022-01-06 15:00:47.168000,1.15757,1.15752,1000000,1390000
2022-01-06 15:00:47.270000,1.15754,1.15749,1600000,3450000
2022-01-06 15:00:47.322000,1.15753,1.15746,1700000,1600000
2022-01-06 15:00:47.424000,1.15752,1.15744,1950000,2850000
2022-01-06 15:00:47.526000,1.15752,1.15744,2450000,2470000
2022-01-06 15:00:47.679000,1.15752,1.15743,1200000,2100000
2022-01-06 15:00:47.781000,1.1575,1.15744,1000000,1600000
2022-01-06 15:00:48.470000,1.15749,1.15742,1950000,3010000
2022-01-06 15:00:48.572000,1.15749,1.15741,1700000,1600000
2022-01-06 15:00:48.623000,1.15747,1.1574,1200000,1200000
2022-01-06 15:00:48.725000,1.15747,1.15738,1720000,4720000
2022-01-06 15:00:49.742000,1.15747,1.15739,1950000,2100000
2022-01-06 15:00:50.208000,1.15745,1.15738,1000000,1100000
2022-01-06 15:00:50.310000,1.15745,1.15738,1200000,1100000
2022-01-06 15:00:50.719000,1.15744,1.15738,1500000,1600000
2022-01-06 15:00:51.864000,1.15745,1.15737,2320000,1200000
2022-01-06 15:00:51.967000,1.15738,1.15735,1570000,2040000
2022-01-06 15:00:52.018000,1.15738,1.15732,1200000,2720000
2022-01-06 15:00:52.121000,1.15739,1.15733,3370000,1200000
2022-01-06 15:00:52.223000,1.15739,1.15733,1500000,1720000
2022-01-06 15:00:52.581000,1.15738,1.15732,1950000,3100000
2022-01-06 15:00:52.684000,1.15738,1.15732,1950000,2910000
2022-01-06 15:00:52.735000,1.15741,1.15735,3450000,1570000
2022-01-06 15:00:52.837000,1.15741,1.15735,2010000,1570000
2022-01-06 15:00:52.940000,1.15739,1.15733,1000000,2260000
2022-01-06 15:00:53.610000,1.15738,1.15732,1950000,1200000
2022-01-06 15:00:53.864000,1.15737,1.15732,1000000,1200000
2022-01-06 15:00:54.837000,1.15737,1.15732,1700000,1000000
2022-01-06 15:00:54.888000,1.15735,1.1573,1100000,1500000
2022-01-06 15:00:54.990000,1.15733,1.15729,1000000,1000000
2022-01-06 15:00:55.143000,1.15734,1.15729,1950000,1000000
2022-01-06 15:00:55.296000,1.15733,1.15727,1000000,1000000
2022-01-06 15:00:55.348000,1.15731,1.15726,1000000,1000000
2022-01-06 15:00:56.005000,1.15731,1.15725,2820000,1000000
2022-01-06 15:00:56.107000,1.15731,1.15725,1870000,1200000
2022-01-06 15:00:56.357000,1.15732,1.15726,2700000,1000000
2022-01-06 15:00:56.743000,1.15732,1.15728,1200000,1000000
2022-01-06 15:00:56.845000,1.15738,1.15732,3820000,1570000
2022-01-06 15:00:56.998000,1.1574,1.15735,2170000,1100000
2022-01-06 15:00:57.101000,1.15741,1.15736,1000000,1100000
2022-01-06 15:00:57.203000,1.15743,1.15735,1870000,1570000
2022-01-06 15:00:57.407000,1.15741,1.15736,1000000,1000000
2022-01-06 15:00:57.675000,1.15744,1.15739,1200000,1100000
2022-01-06 15:00:57.930000,1.15743,1.15739,1000000,1100000
2022-01-06 15:00:58.161000,1.15742,1.15736,2320000,1000000
2022-01-06 15:00:58.212000,1.1574,1.15734,2250000,1200000
2022-01-06 15:00:58.314000,1.1574,1.15735,1500000,1000000
2022-01-06 15:00:58.975000,1.1574,1.15734,2320000,1000000
2022-01-06 15:00:59.077000,1.1574,1.15735,1570000,1000000
2022-01-06 15:00:59.397000,1.15743,1.15737,3070000,1220000
2022-01-06 15:00:59.499000,1.15744,1.15738,2320000,1790000
2022-01-06 15:01:00.505000,1.15746,1.1574,4050000,3350000
2022-01-06 15:01:00.611000,1.15745,1.1574,1200000,1600000
2022-01-06 15:01:00.713000,1.15745,1.15739,1200000,2540000
2022-01-06 15:01:01.497000,1.15745,1.15739,1200000,2600000
2022-01-06 15:01:01.701000,1.15745,1.15739,1200000,3290000
2022-01-06 15:01:02.004000,1.15747,1.15744,3420000,1450000
2022-01-06 15:01:02.055000,1.15751,1.15746,1000000,1970000
2022-01-06 15:01:02.107000,1.15754,1.1575,1120000,1660000
2022-01-06 15:01:02.209000,1.15754,1.1575,1120000,2660000
2022-01-06 15:01:02.261000,1.15756,1.1575,2620000,1570000
2022-01-06 15:01:02.363000,1.15758,1.15754,1000000,3290000
2022-01-06 15:01:02.465000,1.15761,1.15754,1650000,1010000
2022-01-06 15:01:02.938000,1.1576,1.15757,1100000,2100000
2022-01-06 15:01:03.040000,1.15761,1.15756,1100000,1200000
2022-01-06 15:01:03.558000,1.1576,1.15758,1100000,1000000
2022-01-06 15:01:04.548000,1.15764,1.15759,1000000,3100000
2022-01-06 15:01:05.030000,1.15766,1.15759,1100000,2510000
2022-01-06 15:01:05.163000,1.15765,1.1576,1000000,2660000
2022-01-06 15:01:05.269000,1.15767,1.15763,1000000,2390000
2022-01-06 15:01:05.371000,1.15767,1.15763,1000000,1200000
2022-01-06 15:01:05.475000,1.15768,1.15763,1500000,1200000
2022-01-06 15:01:05.839000,1.15769,1.15765,1000000,1000000
2022-01-06 15:01:05.941000,1.1577,1.15765,1800000,2100000
2022-01-06 15:01:07.479000,1.15771,1.15769,1050000,1820000
2022-01-06 15:01:07.531000,1.15775,1.15772,1680000,1000000
2022-01-06 15:01:07.583000,1.15774,1.15769,1950000,2500000
2022-01-06 15:01:07.685000,1.15774,1.15769,3470000,1000000
2022-01-06 15:01:08.041000,1.15772,1.15768,1100000,1500000
2022-01-06 15:01:08.949000,1.15773,1.15768,1000000,2390000
2022-01-06 15:01:09.435000,1.15771,1.15767,1000000,1120000
2022-01-06 15:01:09.746000,1.15771,1.15766,1000000,1950000
2022-01-06 15:01:11.410000,1.15771,1.15767,1000000,1100000
2022-01-06 15:01:11.866000,1.15771,1.15767,1000000,1100000
2022-01-06 15:01:11.968000,1.15772,1.15767,1200000,1200000
2022-01-06 15:01:12.146000,1.15773,1.15768,1950000,1390000
2022-01-06 15:01:12.527000,1.15773,1.15768,2350000,1250000
2022-01-06 15:01:12.812000,1.15772,1.15767,1570000,1950000
2022-01-06 15:01:12.965000,1.15772,1.15765,1000000,2100000
2022-01-06 15:01:13.067000,1.15771,1.15766,1000000,1950000
2022-01-06 15:01:15.710000,1.15771,1.15766,2000000,1200000
2022-01-06 15:01:15.813000,1.15767,1.15763,1000000,1010000
2022-01-06 15:01:16.176000,1.15762,1.15759,1000000,1100000
2022-01-06 15:01:16.285000,1.15763,1.1576,1000000,1000000
2022-01-06 15:01:16.387000,1.15764,1.15761,1000000,1000000
2022-01-06 15:01:16.717000,1.15764,1.1576,1000000,1250000
2022-01-06 15:01:16.874000,1.15764,1.1576,1000000,1810000
2022-01-06 15:01:17.008000,1.15764,1.1576,1000000,1250000
2022-01-06 15:01:19.660000,1.15764,1.15761,1000000,2570000
2022-01-06 15:01:19.762000,1.15764,1.15761,1000000,1760000
2022-01-06 15:01:20.490000,1.15764,1.15761,1000000,2120000
2022-01-06 15:01:21.110000,1.15765,1.15761,1000000,2570000
2022-01-06 15:01:22.170000,1.15765,1.15761,1000000,1200000
2022-01-06 15:01:23.152000,1.15764,1.15761,1000000,1200000
2022-01-06 15:01:23.442000,1.15762,1.15759,1000000,2460000
2022-01-06 15:01:23.493000,1.15761,1.15757,5000000,1500000
2022-01-06 15:01:23.554000,1.15759,1.15755,1000000,3000000
2022-01-06 15:01:23.658000,1.15758,1.15755,1000000,1000000
2022-01-06 15:01:24.406000,1.15761,1.15758,1120000,1000000
2022-01-06 15:01:24.509000,1.15763,1.15759,1000000,1000000
2022-01-06 15:01:25.235000,1.15764,1.15762,1000000,1000000
2022-01-06 15:01:25.287000,1.15764,1.1576,1000000,1000000
2022-01-06 15:01:28.209000,1.15768,1.15765,1000000,1000000
2022-01-06 15:01:28.311000,1.15766,1.15762,1000000,1000000
2022-01-06 15:01:29.502000,1.15769,1.15765,1000000,1250000
2022-01-06 15:01:29.604000,1.15769,1.15766,1000000,1200000
2022-01-06 15:01:29.706000,1.15768,1.15765,1000000,3040000
2022-01-06 15:01:30.310000,1.1577,1.15766,1000000,1200000
2022-01-06 15:01:30.502000,1.1577,1.15767,1000000,1000000
2022-01-06 15:01:30.604000,1.15771,1.15768,1000000,1200000
2022-01-06 15:01:36.422000,1.15772,1.15769,1000000,1120000
2022-01-06 15:01:40.144000,1.15774,1.15769,1000000,1760000
2022-01-06 15:01:40.195000,1.15775,1.15771,1250000,1390000
2022-01-06 15:01:40.297000,1.15775,1.15771,1120000,1620000
2022-01-06 15:01:40.713000,1.15774,1.1577,1250000,1000000
2022-01-06 15:01:40.818000,1.15773,1.15769,1000000,3820000
2022-01-06 15:01:41.949000,1.15773,1.15769,1000000,2070000
2022-01-06 15:01:42.350000,1.15774,1.15771,1000000,1000000
2022-01-06 15:01:42.452000,1.15774,1.1577,1000000,1000000
2022-01-06 15:01:42.829000,1.15773,1.1577,1000000,1000000
2022-01-06 15:01:44.522000,1.15775,1.15771,1000000,2510000
2022-01-06 15:01:44.624000,1.15777,1.15772,1000000,2260000
2022-01-06 15:01:44.727000,1.15776,1.15773,1000000,3820000
2022-01-06 15:01:44.829000,1.15777,1.15773,1000000,4760000
2022-01-06 15:01:44.931000,1.15778,1.15775,1000000,1000000
2022-01-06 15:01:45.033000,1.15778,1.15774,1000000,1570000
2022-01-06 15:01:45.241000,1.15778,1.15775,1000000,1120000
2022-01-06 15:01:45.538000,1.15781,1.15778,1000000,1200000
2022-01-06 15:01:45.640000,1.15783,1.1578,1000000,1570000
2022-01-06 15:01:45.793000,1.15785,1.15782,1000000,1200000
2022-01-06 15:01:46.088000,1.15786,1.15782,1000000,1200000
2022-01-06 15:01:47.572000,1.15787,1.15782,1000000,1000000
2022-01-06 15:01:47.876000,1.1579,1.15786,1500000,1760000
2022-01-06 15:01:47.978000,1.15792,1.15787,1000000,1000000
2022-01-06 15:01:48.233000,1.15792,1.15787,1000000,2070000
2022-01-06 15:01:48.335000,1.15792,1.15788,1000000,1570000
2022-01-06 15:01:48.437000,1.15794,1.15791,1500000,1000000
2022-01-06 15:01:48.896000,1.15795,1.15791,1250000,1570000
2022-01-06 15:01:49.930000,1.15794,1.15791,1000000,1200000
2022-01-06 15:01:50.083000,1.15794,1.15791,1000000,3160000
2022-01-06 15:01:50.185000,1.15795,1.15792,1000000,2390000
2022-01-06 15:01:50.541000,1.15794,1.15791,1000000,1570000
2022-01-06 15:01:50.643000,1.15792,1.15789,1000000,2590000
2022-01-06 15:01:50.745000,1.15791,1.15788,1000000,1390000
2022-01-06 15:01:50.847000,1.15791,1.15788,1000000,1910000
2022-01-06 15:01:51.307000,1.15794,1.1579,1000000,2100000
2022-01-06 15:01:51.460000,1.15791,1.15789,1500000,2620000
2022-01-06 15:01:51.511000,1.15789,1.15784,1000000,1100000
2022-01-06 15:01:51.614000,1.1579,1.15787,1000000,1100000
2022-01-06 15:01:51.716000,1.15788,1.15786,1000000,1000000
2022-01-06 15:01:51.920000,1.15789,1.15786,1000000,1200000
2022-01-06 15:01:52.174000,1.15788,1.15785,1000000,3200000
2022-01-06 15:01:52.276000,1.15788,1.15785,1000000,1570000
2022-01-06 15:01:52.659000,1.1579,1.15786,1000000,2390000
2022-01-06 15:01:53.490000,1.15793,1.1579,1000000,1200000
2022-01-06 15:01:53.601000,1.15792,1.15788,1000000,1200000
2022-01-06 15:01:53.703000,1.15792,1.15786,1000000,1760000
2022-01-06 15:01:54.317000,1.15791,1.15788,1000000,1000000
2022-01-06 15:01:54.421000,1.1579,1.15787,1000000,1000000
2022-01-06 15:01:54.574000,1.15789,1.15786,1000000,1950000
2022-01-06 15:01:54.779000,1.1579,1.15787,1000000,1000000
2022-01-06 15:01:54.881000,1.15791,1.15788,1000000,1200000
2022-01-06 15:01:54.983000,1.15791,1.15787,1000000,1570000
2022-01-06 15:01:55.578000,1.1579,1.15787,1000000,1200000
2022-01-06 15:01:56.461000,1.15792,1.15787,1000000,1000000
2022-01-06 15:01:59.073000,1.15791,1.15788,1000000,1850000
2022-01-06 15:01:59.202000,1.15793,1.15789,1000000,2290000
2022-01-06 15:02:00.113000,1.15791,1.15788,1000000,1200000
2022-01-06 15:02:00.623000,1.15791,1.15788,1000000,1600000
2022-01-06 15:02:01.383000,1.15791,1.15788,1000000,1200000
2022-01-06 15:02:02.500000,1.15794,1.1579,1500000,1250000
2022-01-06 15:02:02.551000,1.15791,1.15789,1000000,3000000
2022-01-06 15:02:02.654000,1.15789,1.15787,1000000,1100000
2022-01-06 15:02:02.806000,1.15789,1.15786,1000000,1760000
2022-01-06 15:02:03.770000,1.1579,1.15787,1000000,2440000
2022-01-06 15:02:03.905000,1.15792,1.15789,1200000,1000000
2022-01-06 15:02:04.228000,1.15793,1.1579,1200000,1000000
2022-01-06 15:02:04.431000,1.15793,1.1579,1720000,1000000
2022-01-06 15:02:04.483000,1.15791,1.15788,1200000,1120000
2022-01-06 15:02:04.635000,1.15791,1.15787,1200000,1250000
2022-01-06 15:02:04.852000,1.15789,1.15785,1200000,1000000
2022-01-06 15:02:04.954000,1.15789,1.15785,1000000,1810000
2022-01-06 15:02:05.189000,1.15789,1.15785,1000000,2560000
2022-01-06 15:02:05.240000,1.15791,1.15788,1200000,1000000
2022-01-06 15:02:05.348000,1.15792,1.15789,1200000,1000000
2022-01-06 15:02:05.450000,1.15791,1.15788,1000000,1000000
2022-01-06 15:02:06.273000,1.1579,1.15786,1200000,1500000
2022-01-06 15:02:06.812000,1.15788,1.15785,1600000,1120000
2022-01-06 15:02:06.864000,1.15787,1.15783,1200000,1250000
2022-01-06 15:02:07.242000,1.15784,1.15782,1200000,1000000
2022-01-06 15:02:07.345000,1.15784,1.15781,1200000,1000000
2022-01-06 15:02:08.001000,1.15787,1.15784,2070000,1000000
2022-01-06 15:02:08.103000,1.15787,1.15784,1200000,1120000
2022-01-06 15:02:08.205000,1.15784,1.15781,1000000,1500000
2022-01-06 15:02:08.768000,1.15784,1.15781,1000000,1250000
2022-01-06 15:02:08.871000,1.15785,1.15782,1000000,1750000
2022-01-06 15:02:09.744000,1.15784,1.15781,1000000,1620000
2022-01-06 15:02:09.947000,1.15785,1.15782,1000000,1000000
2022-01-06 15:02:10.917000,1.15784,1.15781,1000000,1120000
2022-01-06 15:02:11.019000,1.15783,1.1578,1000000,2000000
2022-01-06 15:02:11.172000,1.15783,1.1578,1000000,1000000
2022-01-06 15:02:11.528000,1.15783,1.1578,2100000,1000000
2022-01-06 15:02:11.629000,1.15782,1.15777,1000000,1000000
2022-01-06 15:02:12.373000,1.1578,1.15777,1200000,1000000
2022-01-06 15:02:13.325000,1.15781,1.15778,1000000,1690000
2022-01-06 15:02:13.440000,1.15782,1.15779,1000000,1000000
2022-01-06 15:02:13.593000,1.15782,1.1578,1000000,1500000
2022-01-06 15:02:13.815000,1.15783,1.1578,1000000,2250000
2022-01-06 15:02:13.968000,1.15785,1.1578,1000000,1310000
2022-01-06 15:02:14.547000,1.15783,1.1578,1000000,2250000
2022-01-06 15:02:14.672000,1.15783,1.15779,1000000,1950000
2022-01-06 15:02:15.846000,1.15783,1.1578,1000000,1000000
2022-01-06 15:02:16.296000,1.15781,1.15778,1000000,1500000
2022-01-06 15:02:16.398000,1.15779,1.15776,1000000,2850000
2022-01-06 15:02:16.500000,1.15779,1.15776,1000000,1100000
2022-01-06 15:02:16.952000,1.15777,1.15774,1000000,1690000
2022-01-06 15:02:17.054000,1.15776,1.15773,1000000,1200000
2022-01-06 15:02:18.937000,1.15775,1.15769,3450000,1620000
2022-01-06 15:02:18.989000,1.15771,1.15767,1750000,2700000
2022-01-06 15:02:19.649000,1.15772,1.15769,1120000,1200000
2022-01-06 15:02:20.147000,1.15774,1.15771,1500000,1000000
2022-01-06 15:02:20.249000,1.15773,1.1577,1120000,1200000
2022-01-06 15:02:21.378000,1.15777,1.15772,1000000,2100000
2022-01-06 15:02:21.533000,1.15777,1.15774,1000000,1200000
2022-01-06 15:02:27.991000,1.15779,1.15776,1000000,2060000
2022-01-06 15:02:28.577000,1.15778,1.15775,1000000,1200000
2022-01-06 15:02:29.397000,1.15777,1.15774,1000000,2140000
2022-01-06 15:02:29.622000,1.15777,1.15774,1000000,3010000
2022-01-06 15:02:30.058000,1.15779,1.15776,1500000,1000000
2022-01-06 15:02:30.935000,1.15778,1.15775,1000000,1000000
2022-01-06 15:02:31.259000,1.15779,1.15774,1000000,1620000
2022-01-06 15:02:31.312000,1.15778,1.15775,1000000,1000000
2022-01-06 15:02:35.551000,1.15778,1.15775,1000000,2200000
2022-01-06 15:02:37.188000,1.15778,1.15775,1000000,1200000
2022-01-06 15:02:38.305000,1.15778,1.15775,1000000,2200000
2022-01-06 15:02:38.725000,1.15778,1.15775,1000000,1000000
2022-01-06 15:02:40.259000,1.15778,1.15773,1500000,1270000
2022-01-06 15:02:40.311000,1.15775,1.15772,1000000,1000000
2022-01-06 15:02:40.515000,1.15774,1.15771,1000000,1000000
2022-01-06 15:02:40.668000,1.15773,1.1577,1000000,1000000
2022-01-06 15:02:41.894000,1.15773,1.15771,1000000,1000000
2022-01-06 15:02:41.946000,1.15776,1.15774,1120000,1200000
2022-01-06 15:02:42.048000,1.15778,1.15775,1000000,1570000
2022-01-06 15:02:42.252000,1.15777,1.15774,1000000,2320000
2022-01-06 15:02:52.875000,1.15778,1.15775,1000000,1000000
2022-01-06 15:02:53.027000,1.15778,1.15776,1000000,1000000
2022-01-06 15:02:53.079000,1.15778,1.15775,1000000,1000000
2022-01-06 15:02:53.130000,1.15781,1.15776,1690000,1000000
2022-01-06 15:02:53.334000,1.15779,1.15776,1000000,1000000
2022-01-06 15:02:56.922000,1.1578,1.15777,2250000,1000000
2022-01-06 15:02:58.047000,1.15781,1.15778,2620000,1000000
2022-01-06 15:02:58.150000,1.15783,1.1578,3750000,1000000
2022-01-06 15:02:58.505000,1.15784,1.15781,1500000,1000000
2022-01-06 15:02:59.684000,1.15785,1.15783,1500000,1000000
2022-01-06 15:02:59.786000,1.15786,1.15783,1000000,1000000
2022-01-06 15:02:59.889000,1.15787,1.15784,1000000,1250000
2022-01-06 15:02:59.992000,1.15792,1.15789,1500000,1000000
2022-01-06 15:03:00.247000,1.15794,1.15791,1000000,1000000
2022-01-06 15:03:01.031000,1.15792,1.15788,1500000,1310000
2022-01-06 15:03:01.133000,1.15792,1.15789,1500000,1000000
2022-01-06 15:03:01.318000,1.15794,1.1579,1500000,1250000
2022-01-06 15:03:01.421000,1.15793,1.1579,1000000,1250000
2022-01-06 15:03:02.034000,1.15794,1.15791,1500000,1000000
2022-01-06 15:03:02.238000,1.15792,1.15789,1000000,1000000
2022-01-06 15:03:03.742000,1.15791,1.15788,1000000,1000000
2022-01-06 15:03:04.220000,1.15787,1.15784,1500000,2620000
2022-01-06 15:03:04.322000,1.15784,1.15782,1000000,1000000
2022-01-06 15:03:04.425000,1.15785,1.15782,1000000,1000000
2022-01-06 15:03:04.527000,1.15787,1.15783,1870000,1000000
2022-01-06 15:03:04.629000,1.15787,1.15784,1870000,1000000
2022-01-06 15:03:04.781000,1.15786,1.15783,1000000,1000000
2022-01-06 15:03:06.444000,1.15786,1.15781,1000000,1000000
2022-01-06 15:03:06.951000,1.15782,1.1578,1000000,1000000
2022-01-06 15:03:07.053000,1.15782,1.15779,2370000,1000000
2022-01-06 15:03:07.792000,1.15783,1.15778,1950000,1000000
2022-01-06 15:03:08.095000,1.15782,1.15777,1000000,1000000
2022-01-06 15:03:08.331000,1.1578,1.15775,1500000,1000000
2022-01-06 15:03:08.585000,1.15776,1.15774,1000000,1000000
2022-01-06 15:03:10.152000,1.15775,1.15773,1000000,1000000
2022-01-06 15:03:10.204000,1.15778,1.15775,3370000,1950000
2022-01-06 15:03:10.307000,1.15779,1.15776,1500000,1100000
2022-01-06 15:03:10.358000,1.15781,1.15778,1500000,1000000
2022-01-06 15:03:10.664000,1.15783,1.1578,1000000,1000000
2022-01-06 15:03:10.869000,1.15785,1.15781,1500000,1250000
2022-01-06 15:03:11.073000,1.15788,1.15784,1700000,1450000
2022-01-06 15:03:11.175000,1.15788,1.15785,1000000,1000000
2022-01-06 15:03:11.227000,1.15786,1.15783,1000000,1000000
2022-01-06 15:03:11.482000,1.15785,1.15782,1000000,1250000
2022-01-06 15:03:12.619000,1.15784,1.15781,1000000,1000000
2022-01-06 15:03:12.950000,1.15784,1.15781,1000000,1620000
2022-01-06 15:03:13.052000,1.15785,1.1578,1000000,1000000
2022-01-06 15:03:13.205000,1.15782,1.15779,1000000,1000000
2022-01-06 15:03:13.671000,1.15783,1.1578,1500000,1000000
2022-01-06 15:03:13.976000,1.15784,1.15781,1000000,1000000
2022-01-06 15:03:14.576000,1.15784,1.15781,1000000,1620000
2022-01-06 15:03:14.681000,1.15785,1.1578,1000000,1000000
2022-01-06 15:03:15.530000,1.15785,1.15782,1500000,1000000
2022-01-06 15:03:15.632000,1.15786,1.15783,1500000,1000000
2022-01-06 15:03:15.835000,1.15785,1.15782,1000000,1000000
2022-01-06 15:03:15.937000,1.15784,1.15781,1000000,1690000
2022-01-06 15:03:16.591000,1.15785,1.15782,1000000,1250000
2022-01-06 15:03:16.949000,1.15784,1.15781,1000000,1000000
2022-01-06 15:03:18.790000,1.15783,1.1578,1620000,1000000
2022-01-06 15:03:18.944000,1.15782,1.15779,1500000,1000000
2022-01-06 15:03:20.388000,1.15778,1.15775,1500000,3750000
2022-01-06 15:03:20.491000,1.15778,1.15776,1000000,1000000
2022-01-06 15:03:20.593000,1.15779,1.15776,1000000,1000000
2022-01-06 15:03:20.695000,1.15781,1.15778,1000000,1000000
2022-01-06 15:03:20.797000,1.15784,1.15781,3000000,1000000
2022-01-06 15:03:21.578000,1.15786,1.15783,2250000,1000000
2022-01-06 15:03:21.680000,1.15789,1.15782,2000000,1640000
2022-01-06 15:03:21.782000,1.15787,1.15784,1000000,1000000
2022-01-06 15:03:21.884000,1.15787,1.15783,1000000,1390000
2022-01-06 15:03:22.237000,1.15786,1.15783,1000000,1750000
2022-01-06 15:03:23.062000,1.15786,1.15783,1120000,1000000
2022-01-06 15:03:23.164000,1.15784,1.15781,1000000,2510000
2022-01-06 15:03:23.454000,1.15784,1.15781,1000000,2950000
2022-01-06 15:03:23.557000,1.15784,1.15781,1000000,1000000
2022-01-06 15:03:23.668000,1.15786,1.15781,1500000,1000000
2022-01-06 15:03:23.922000,1.15786,1.15783,1500000,1000000
2022-01-06 15:03:27.270000,1.15787,1.15784,1120000,1000000
2022-01-06 15:03:27.513000,1.15786,1.15784,1000000,1000000
2022-01-06 15:03:27.564000,1.15785,1.15782,1870000,1000000
2022-01-06 15:03:27.615000,1.15782,1.15779,1870000,1000000
2022-01-06 15:03:27.718000,1.15781,1.15778,3450000,1000000
2022-01-06 15:03:27.820000,1.15778,1.15775,3120000,1000000
2022-01-06 15:03:27.922000,1.15779,1.15774,2810000,1000000
2022-01-06 15:03:28.024000,1.15775,1.15773,1120000,1000000
2022-01-06 15:03:28.228000,1.15775,1.15772,1870000,1000000
2022-01-06 15:03:28.330000,1.15774,1.15772,1120000,1000000
2022-01-06 15:03:29.075000,1.15772,1.15769,1000000,1000000
2022-01-06 15:03:29.177000,1.15771,1.15768,1000000,1000000
2022-01-06 15:03:29.279000,1.1577,1.15768,1000000,1000000
2022-01-06 15:03:29.381000,1.15769,1.15768,1000000,1000000
2022-01-06 15:03:29.432000,1.15771,1.15768,1870000,1250000
2022-01-06 15:03:29.636000,1.15773,1.1577,1000000,1000000
2022-01-06 15:03:29.738000,1.15775,1.15772,1000000,1000000
2022-01-06 15:03:30.257000,1.15776,1.15773,1000000,1000000
2022-01-06 15:03:33.390000,1.15776,1.15774,1000000,1620000
2022-01-06 15:03:33.492000,1.15777,1.15774,1000000,1000000
2022-01-06 15:03:34.119000,1.15776,1.15774,1000000,1120000
2022-01-06 15:03:34.222000,1.15776,1.15773,1500000,1500000
2022-01-06 15:03:34.670000,1.15781,1.15778,1500000,1000000
2022-01-06 15:03:34.772000,1.15781,1.15778,1000000,1700000
2022-01-06 15:03:35.039000,1.15782,1.15779,2250000,1120000
2022-01-06 15:03:35.090000,1.15779,1.15776,1000000,1690000
2022-01-06 15:03:37.778000,1.1578,1.15778,1000000,1120000
2022-01-06 15:03:37.880000,1.15781,1.15778,2250000,1120000
2022-01-06 15:03:38.096000,1.15779,1.15776,1500000,1000000
2022-01-06 15:03:39.690000,1.1578,1.15777,1000000,1100000
2022-01-06 15:03:39.742000,1.15784,1.15779,1000000,1500000
2022-01-06 15:03:39.946000,1.15784,1.15781,1000000,1120000
2022-01-06 15:03:40.048000,1.15786,1.15784,1000000,1000000
2022-01-06 15:03:40.150000,1.15787,1.15784,3000000,1000000
2022-01-06 15:03:40.933000,1.15788,1.15786,1870000,1000000
2022-01-06 15:03:41.035000,1.1579,1.15787,2250000,1000000
2022-01-06 15:03:41.224000,1.15789,1.15787,1000000,1000000
2022-01-06 15:03:41.424000,1.1579,1.15787,2250000,1000000
2022-01-06 15:03:43.192000,1.15789,1.15787,1000000,1000000
2022-01-06 15:03:44.291000,1.15791,1.15786,2440000,1000000
2022-01-06 15:03:44.554000,1.1579,1.15787,2500000,1000000
2022-01-06 15:03:45.008000,1.15789,1.15785,1250000,1000000
2022-01-06 15:03:45.544000,1.15788,1.15786,1750000,1000000
2022-01-06 15:03:45.595000,1.15787,1.15784,2440000,1000000
2022-01-06 15:03:47.811000,1.1579,1.15785,3370000,1000000
2022-01-06 15:03:48.961000,1.1579,1.15787,2250000,1120000
2022-01-06 15:03:49.172000,1.1579,1.15787,1000000,2120000
2022-01-06 15:03:49.275000,1.1579,1.15787,1500000,1120000
2022-01-06 15:03:51.557000,1.15786,1.15782,1500000,1620000
2022-01-06 15:03:51.659000,1.15786,1.15782,1870000,1000000
2022-01-06 15:03:52.034000,1.15786,1.15783,1870000,1000000
2022-01-06 15:03:52.727000,1.15789,1.15786,2370000,1000000
2022-01-06 15:03:52.829000,1.15789,1.15786,1000000,1000000
2022-01-06 15:03:54.839000,1.1579,1.15787,1000000,1250000
2022-01-06 15:03:56.431000,1.1579,1.15787,3600000,1000000
2022-01-06 15:03:58.146000,1.15789,1.15786,1120000,1000000
2022-01-06 15:03:58.248000,1.15787,1.15784,1500000,1000000
2022-01-06 15:04:01.142000,1.15785,1.15782,1870000,1250000
2022-01-06 15:04:01.193000,1.15782,1.1578,2870000,2250000
2022-01-06 15:04:01.295000,1.15781,1.15779,1000000,1000000
2022-01-06 15:04:02.361000,1.15782,1.1578,1500000,1000000
2022-01-06 15:04:02.463000,1.15783,1.15781,1500000,1000000
2022-01-06 15:04:02.944000,1.15783,1.1578,1500000,1000000
2022-01-06 15:04:03.727000,1.15785,1.15782,2320000,1250000
2022-01-06 15:04:04.363000,1.15785,1.15782,1570000,1620000
2022-01-06 15:04:04.414000,1.15784,1.15781,1000000,1000000
2022-01-06 15:04:05.119000,1.15786,1.15781,1000000,1250000
2022-01-06 15:04:05.222000,1.15785,1.15783,1000000,1000000
2022-01-06 15:04:06.058000,1.15786,1.15783,1950000,1000000
2022-01-06 15:04:06.314000,1.15789,1.15784,3370000,1250000
2022-01-06 15:04:06.417000,1.1579,1.15787,1200000,2120000
2022-01-06 15:04:06.519000,1.1579,1.15787,1200000,1000000
2022-01-06 15:04:09.379000,1.15788,1.15786,1100000,1000000
2022-01-06 15:04:09.532000,1.15789,1.15784,1570000,1000000
2022-01-06 15:04:09.721000,1.15788,1.15786,1000000,1000000
2022-01-06 15:04:10.271000,1.15789,1.15786,1500000,1000000
2022-01-06 15:04:11.017000,1.15788,1.15785,1570000,1000000
2022-01-06 15:04:11.862000,1.15788,1.15787,1000000,1000000
2022-01-06 15:04:12.216000,1.15788,1.15786,1000000,1000000
2022-01-06 15:04:12.267000,1.15787,1.15783,1200000,1120000
2022-01-06 15:04:12.521000,1.15786,1.15781,1000000,1000000
2022-01-06 15:04:12.877000,1.15785,1.15781,1000000,1000000
2022-01-06 15:04:14.295000,1.15784,1.15781,1500000,1000000
2022-01-06 15:04:14.835000,1.15783,1.15781,1120000,1000000
2022-01-06 15:04:15.140000,1.15784,1.15781,1870000,1000000
2022-01-06 15:04:15.242000,1.15782,1.15779,2320000,1000000
2022-01-06 15:04:16.280000,1.15781,1.15778,1570000,1000000
2022-01-06 15:04:16.432000,1.15784,1.15779,3200000,1000000
2022-01-06 15:04:17.136000,1.15785,1.15782,1500000,1000000
2022-01-06 15:04:17.726000,1.15785,1.15782,1120000,1250000
2022-01-06 15:04:18.234000,1.15784,1.15781,1200000,1120000
2022-01-06 15:04:19.221000,1.15783,1.1578,1000000,1000000
2022-01-06 15:04:19.775000,1.15783,1.1578,3200000,1000000
2022-01-06 15:04:22.255000,1.15781,1.15779,1000000,1000000
2022-01-06 15:04:22.306000,1.15781,1.15776,1390000,1000000
2022-01-06 15:04:23.948000,1.15781,1.15778,1100000,1000000
2022-01-06 15:04:24.050000,1.15782,1.15779,1000000,1000000
2022-01-06 15:04:24.304000,1.15783,1.1578,1950000,1000000
2022-01-06 15:04:26.317000,1.15782,1.15779,1870000,1000000
2022-01-06 15:04:28.092000,1.15783,1.1578,1570000,1000000
2022-01-06 15:04:28.474000,1.15786,1.15783,3870000,1000000
2022-01-06 15:04:28.576000,1.15786,1.15783,1000000,1120000
2022-01-06 15:04:29.400000,1.15785,1.15782,1100000,1000000
2022-01-06 15:04:29.502000,1.15784,1.15781,1870000,1000000
2022-01-06 15:04:29.810000,1.15784,1.1578,1500000,1000000
2022-01-06 15:04:30.840000,1.15783,1.1578,2250000,1000000
2022-01-06 15:04:32.681000,1.15781,1.15775,1570000,1810000
2022-01-06 15:04:32.783000,1.15779,1.15776,1570000,1000000
2022-01-06 15:04:32.885000,1.15779,1.15776,2070000,1000000
2022-01-06 15:04:32.989000,1.15779,1.15776,1950000,1000000
2022-01-06 15:04:33.360000,1.15779,1.15777,1000000,1000000
2022-01-06 15:04:33.462000,1.1578,1.15777,1760000,1000000
2022-01-06 15:04:34.227000,1.1578,1.15777,2470000,1000000
2022-01-06 15:04:34.329000,1.1578,1.15777,1950000,1000000
2022-01-06 15:04:35.355000,1.15781,1.15779,1000000,1000000
2022-01-06 15:04:37.099000,1.15782,1.15779,2700000,1000000
2022-01-06 15:04:37.201000,1.15782,1.1578,1100000,1000000
2022-01-06 15:04:39.236000,1.15779,1.15776,1200000,1120000
2022-01-06 15:04:39.339000,1.15777,1.15776,1000000,1000000
2022-01-06 15:04:39.390000,1.15778,1.15773,1950000,1000000
2022-01-06 15:04:42.586000,1.15774,1.15771,1000000,1390000
2022-01-06 15:04:42.689000,1.15771,1.15768,3220000,1000000
2022-01-06 15:04:43.004000,1.15772,1.15767,2320000,1000000
2022-01-06 15:04:43.219000,1.15771,1.15768,3390000,1000000
2022-01-06 15:04:43.322000,1.15769,1.15767,1000000,1000000
2022-01-06 15:04:43.373000,1.15768,1.15765,1500000,1000000
2022-01-06 15:04:45.200000,1.15769,1.15766,1000000,1000000
2022-01-06 15:04:45.933000,1.15768,1.15765,1620000,1000000
2022-01-06 15:04:46.049000,1.15768,1.15765,1000000,1000000
2022-01-06 15:04:46.354000,1.15767,1.15764,1000000,1000000
2022-01-06 15:04:46.456000,1.15765,1.1576,1000000,1120000
2022-01-06 15:04:47.488000,1.15763,1.1576,1000000,1000000
2022-01-06 15:04:47.540000,1.15766,1.15764,1000000,1200000
2022-01-06 15:04:47.642000,1.1577,1.15767,1200000,1000000
2022-01-06 15:04:47.744000,1.15771,1.15766,1700000,1100000
2022-01-06 15:04:47.796000,1.15771,1.15768,1120000,1000000
2022-01-06 15:04:47.898000,1.15773,1.15768,1500000,1000000
2022-01-06 15:04:48.408000,1.15772,1.15769,1000000,1000000
2022-01-06 15:04:48.510000,1.15771,1.15768,1570000,1000000
2022-01-06 15:04:49.953000,1.15771,1.15768,2850000,1000000
2022-01-06 15:04:50.376000,1.15771,1.15768,2250000,1000000
2022-01-06 15:04:51.323000,1.15772,1.15767,1970000,1000000
2022-01-06 15:04:52.410000,1.15768,1.15765,1950000,1000000
2022-01-06 15:04:52.512000,1.15768,1.15765,2350000,1000000
2022-01-06 15:04:52.959000,1.15768,1.15765,1870000,1000000
2022-01-06 15:04:53.369000,1.15765,1.15762,1570000,1000000
2022-01-06 15:04:54.317000,1.15766,1.15763,1870000,2250000
2022-01-06 15:04:54.683000,1.15769,1.15765,1100000,1000000
2022-01-06 15:04:54.785000,1.1577,1.15765,1760000,1000000
2022-01-06 15:04:54.893000,1.15768,1.15765,1000000,1000000
2022-01-06 15:04:55.107000,1.15767,1.15765,1000000,1000000
2022-01-06 15:04:57.451000,1.15768,1.15765,1000000,1000000
2022-01-06 15:04:58.071000,1.15769,1.15766,1120000,1000000
2022-01-06 15:04:59.651000,1.1577,1.15767,1100000,1000000
2022-01-06 15:05:00.167000,1.1577,1.15767,1720000,1000000
2022-01-06 15:05:00.269000,1.15769,1.15766,1000000,1310000
2022-01-06 15:05:01.279000,1.15766,1.15763,1200000,1120000
2022-01-06 15:05:01.381000,1.15768,1.15765,1500000,3070000
2022-01-06 15:05:02.744000,1.1577,1.15768,1000000,1870000
2022-01-06 15:05:02.846000,1.15771,1.15768,1200000,3820000
2022-01-06 15:05:03.058000,1.1577,1.15767,1000000,1810000
2022-01-06 15:05:03.161000,1.1577,1.15767,1200000,1120000
2022-01-06 15:05:03.263000,1.15768,1.15766,1000000,1000000
2022-01-06 15:05:03.365000,1.15769,1.15766,1570000,1120000
2022-01-06 15:05:04.652000,1.15769,1.15766,1000000,2640000
2022-01-06 15:05:05.409000,1.15769,1.15766,1000000,1120000
2022-01-06 15:05:05.887000,1.15769,1.15766,1000000,1700000
2022-01-06 15:05:06.547000,1.15769,1.15767,1000000,1250000
2022-01-06 15:05:06.649000,1.1577,1.15767,1000000,2510000
2022-01-06 15:05:06.802000,1.15769,1.15766,1000000,1500000
2022-01-06 15:05:08.461000,1.15769,1.15767,1000000,1750000
2022-01-06 15:05:08.513000,1.15771,1.15769,1120000,2570000
2022-01-06 15:05:08.564000,1.15773,1.1577,1500000,1500000
2022-01-06 15:05:09.092000,1.15775,1.15772,1500000,1000000
2022-01-06 15:05:09.501000,1.15774,1.15771,1570000,1000000
2022-01-06 15:05:09.603000,1.15773,1.1577,1000000,1000000
2022-01-06 15:05:09.806000,1.15771,1.15768,1000000,1250000
2022-01-06 15:05:10.984000,1.1577,1.15767,1000000,1000000
2022-01-06 15:05:11.509000,1.15769,1.15766,1620000,1000000
2022-01-06 15:05:11.611000,1.15769,1.15766,1000000,1000000
2022-01-06 15:05:13.946000,1.15768,1.15765,1120000,1000000
2022-01-06 15:05:14.256000,1.15765,1.15762,1950000,1500000
2022-01-06 15:05:14.358000,1.15764,1.15761,1000000,1000000
2022-01-06 15:05:14.511000,1.15763,1.1576,1500000,1000000
2022-01-06 15:05:14.765000,1.15763,1.1576,1000000,1620000
2022-01-06 15:05:14.868000,1.15764,1.15759,1000000,1620000
2022-01-06 15:05:14.970000,1.15764,1.15759,1000000,1000000
2022-01-06 15:05:15.566000,1.15762,1.15759,1000000,1000000
2022-01-06 15:05:16.024000,1.15761,1.15758,1000000,1200000
2022-01-06 15:05:16.234000,1.1576,1.15757,1000000,1570000
2022-01-06 15:05:16.286000,1.15758,1.15756,1000000,1390000
2022-01-06 15:05:16.337000,1.15757,1.15754,1000000,1000000
2022-01-06 15:05:16.642000,1.15756,1.15753,1000000,1000000
2022-01-06 15:05:17.113000,1.15756,1.15751,1500000,1000000
2022-01-06 15:05:17.215000,1.15754,1.15751,1000000,1000000
2022-01-06 15:05:17.318000,1.15753,1.1575,1000000,1000000
2022-01-06 15:05:17.420000,1.15752,1.15749,1000000,1000000
2022-01-06 15:05:18.219000,1.15747,1.15746,1000000,1120000
2022-01-06 15:05:18.270000,1.15747,1.15744,1500000,1200000
2022-01-06 15:05:18.372000,1.15744,1.15742,1000000,1230000
2022-01-06 15:05:18.424000,1.15742,1.15739,1000000,1200000
2022-01-06 15:05:18.729000,1.15741,1.15738,1500000,1000000
2022-01-06 15:05:18.831000,1.15741,1.15738,1000000,1000000
2022-01-06 15:05:18.984000,1.15738,1.15736,1000000,1080000
2022-01-06 15:05:19.086000,1.15738,1.15735,1000000,1570000
2022-01-06 15:05:19.391000,1.1574,1.15737,1000000,1200000
2022-01-06 15:05:19.494000,1.15741,1.15736,1000000,2100000
2022-01-06 15:05:19.813000,1.15742,1.15739,1000000,1000000
2022-01-06 15:05:20.248000,1.15738,1.15736,1120000,1600000
2022-01-06 15:05:20.300000,1.15732,1.15731,1250000,1000000
2022-01-06 15:05:20.351000,1.15734,1.15731,1500000,1500000
2022-01-06 15:05:20.402000,1.15729,1.15727,1000000,3070000
2022-01-06 15:05:20.454000,1.15728,1.15727,1000000,1500000
2022-01-06 15:05:20.607000,1.15724,1.15722,1000000,1080000
2022-01-06 15:05:20.709000,1.15722,1.1572,1250000,2000000
2022-01-06 15:05:20.761000,1.15722,1.15719,1760000,1000000
2022-01-06 15:05:20.863000,1.1572,1.15717,1200000,1000000
2022-01-06 15:05:20.965000,1.15721,1.15718,1950000,1000000
2022-01-06 15:05:21.169000,1.1572,1.15717,1500000,1000000
2022-01-06 15:05:21.792000,1.15719,1.15716,1000000,1000000
2022-01-06 15:05:21.996000,1.15715,1.15712,1000000,3220000
2022-01-06 15:05:22.098000,1.15715,1.15712,1000000,1200000
2022-01-06 15:05:22.454000,1.15716,1.15713,1000000,1200000
2022-01-06 15:05:22.557000,1.15714,1.15712,1000000,3000000
2022-01-06 15:05:22.658000,1.15711,1.15708,1000000,1200000
2022-01-06 15:05:22.709000,1.15714,1.15711,2250000,2760000
2022-01-06 15:05:22.811000,1.15715,1.15712,1000000,1390000
2022-01-06 15:05:22.914000,1.15716,1.15713,1160000,1000000
2022-01-06 15:05:22.965000,1.15712,1.15709,1000000,1640000
2022-01-06 15:05:23.016000,1.15713,1.1571,1000000,1000000
2022-01-06 15:05:23.068000,1.15716,1.15711,1000000,1000000
2022-01-06 15:05:23.170000,1.15716,1.15713,1000000,1000000
2022-01-06 15:05:24.032000,1.15717,1.15714,1000000,1000000
2022-01-06 15:05:24.134000,1.1572,1.15717,1000000,1000000
2022-01-06 15:05:24.236000,1.15721,1.15718,1000000,1000000
2022-01-06 15:05:24.338000,1.15723,1.1572,1000000,1000000
2022-01-06 15:05:24.694000,1.15724,1.15721,1870000,1000000
2022-01-06 15:05:24.887000,1.15727,1.15725,4120000,1560000
2022-01-06 15:05:24.990000,1.1573,1.15727,1000000,1200000
2022-01-06 15:05:25.352000,1.15729,1.15724,1600000,1000000
2022-01-06 15:05:25.403000,1.15715,1.15712,2320000,1000000
2022-01-06 15:05:25.505000,1.1571,1.15709,1000000,2440000
2022-01-06 15:05:25.608000,1.15711,1.15708,2890000,2250000
2022-01-06 15:05:25.710000,1.1571,1.15707,1200000,1000000
2022-01-06 15:05:25.812000,1.15709,1.15706,1000000,1000000
2022-01-06 15:05:26.360000,1.15714,1.15711,1120000,2200000
2022-01-06 15:05:26.411000,1.15716,1.15713,1000000,1000000
2022-01-06 15:05:27.582000,1.15717,1.15714,1000000,1000000
2022-01-06 15:05:27.922000,1.15716,1.15713,1100000,1000000
2022-01-06 15:05:28.611000,1.15715,1.15713,1000000,1000000
2022-01-06 15:05:28.994000,1.15713,1.1571,1570000,1000000
2022-01-06 15:05:29.097000,1.15712,1.15709,1570000,1000000
2022-01-06 15:05:29.300000,1.15713,1.1571,1570000,1250000
2022-01-06 15:05:29.605000,1.15714,1.15712,1000000,1000000
2022-01-06 15:05:29.708000,1.15715,1.15713,1160000,1000000
2022-01-06 15:05:29.810000,1.15715,1.15712,1240000,1000000
2022-01-06 15:05:29.913000,1.15712,1.15709,1000000,1000000
2022-01-06 15:05:32.740000,1.15711,1.15708,1500000,1000000
2022-01-06 15:05:32.893000,1.15712,1.15709,1200000,1000000
2022-01-06 15:05:33.468000,1.15712,1.15709,1220000,1000000
2022-01-06 15:05:33.751000,1.15711,1.15708,1100000,1000000
2022-01-06 15:05:34.204000,1.15709,1.15704,1100000,1200000
2022-01-06 15:05:34.255000,1.15709,1.15707,1100000,1000000
2022-01-06 15:05:34.357000,1.15709,1.15706,3850000,1000000
2022-01-06 15:05:34.459000,1.15708,1.15701,1100000,1430000
2022-01-06 15:05:34.510000,1.15706,1.15702,1220000,1230000
2022-01-06 15:05:34.612000,1.15706,1.15702,1970000,1000000
2022-01-06 15:05:34.765000,1.15708,1.15705,1600000,1000000
2022-01-06 15:05:34.867000,1.15708,1.15705,1100000,1000000
2022-01-06 15:05:35.071000,1.15708,1.15703,1000000,1000000
2022-01-06 15:05:35.173000,1.15706,1.15702,1970000,1000000
2022-01-06 15:05:37.056000,1.15706,1.15703,1600000,1000000
2022-01-06 15:05:37.158000,1.15707,1.15704,3100000,1000000
2022-01-06 15:05:37.427000,1.15707,1.15703,1000000,1450000
2022-01-06 15:05:37.529000,1.15709,1.15704,1570000,1000000
2022-01-06 15:05:38.184000,1.1571,1.15707,3100000,1000000
2022-01-06 15:05:38.490000,1.15709,1.15706,1200000,1000000
2022-01-06 15:05:39.220000,1.15708,1.15706,1000000,1000000
2022-01-06 15:05:39.581000,1.15708,1.15705,1570000,1000000
2022-01-06 15:05:39.683000,1.15705,1.15703,1570000,1000000
2022-01-06 15:05:39.785000,1.15705,1.15702,1570000,1000000
2022-01-06 15:05:40.078000,1.15704,1.15702,1100000,1000000
2022-01-06 15:05:40.180000,1.15704,1.15701,3370000,1000000
2022-01-06 15:05:40.282000,1.15704,1.15699,3100000,1000000
2022-01-06 15:05:40.435000,1.15703,1.15698,1220000,1310000
2022-01-06 15:05:40.487000,1.15704,1.15701,1970000,1000000
2022-01-06 15:05:41.147000,1.15702,1.15699,1970000,1000000
2022-01-06 15:05:41.503000,1.15699,1.15696,1100000,1000000
2022-01-06 15:05:41.605000,1.15699,1.15696,2850000,1000000
2022-01-06 15:05:41.708000,1.15697,1.15694,1120000,1000000
2022-01-06 15:05:41.759000,1.15696,1.15693,1100000,1000000
2022-01-06 15:05:42.160000,1.15697,1.15694,1200000,1000000
2022-01-06 15:05:42.947000,1.15685,1.15683,1000000,1000000
2022-01-06 15:05:42.999000,1.1568,1.15678,1250000,5200000
2022-01-06 15:05:43.101000,1.15683,1.1568,1000000,1870000
2022-01-06 15:05:43.204000,1.15682,1.15678,1120000,1200000
2022-01-06 15:05:43.255000,1.15683,1.1568,3200000,1000000
2022-01-06 15:05:43.357000,1.15682,1.15679,1940000,1000000
2022-01-06 15:05:43.459000,1.15682,1.15678,1940000,1200000
2022-01-06 15:05:43.662000,1.15682,1.15678,1120000,1200000
2022-01-06 15:05:44.038000,1.15683,1.15677,1000000,3450000
2022-01-06 15:05:44.140000,1.15683,1.1568,2390000,1000000
2022-01-06 15:05:44.344000,1.15682,1.15678,1250000,1200000
2022-01-06 15:05:45.650000,1.15681,1.15678,1000000,1000000
2022-01-06 15:05:45.904000,1.15681,1.15678,2980000,1000000
2022-01-06 15:05:46.006000,1.1568,1.15677,1200000,1000000
2022-01-06 15:05:46.415000,1.1568,1.15677,1220000,1000000
2022-01-06 15:05:46.881000,1.15678,1.15675,1570000,1000000
2022-01-06 15:05:46.933000,1.15674,1.15672,1000000,1000000
2022-01-06 15:05:47.035000,1.15675,1.15672,2320000,1000000
2022-01-06 15:05:47.188000,1.15677,1.15674,3670000,1000000
2022-01-06 15:05:47.291000,1.15679,1.15677,1870000,1000000
2022-01-06 15:05:47.393000,1.15681,1.15678,3620000,1000000
2022-01-06 15:05:47.495000,1.1568,1.15677,1000000,1000000
2022-01-06 15:05:47.800000,1.15678,1.15675,2320000,1000000
2022-01-06 15:05:47.903000,1.15674,1.15672,1000000,1000000
2022-01-06 15:05:48.005000,1.15676,1.15673,5070000,1000000
2022-01-06 15:05:48.107000,1.15675,1.15672,1570000,1000000
2022-01-06 15:05:48.209000,1.15672,1.1567,1500000,1000000
2022-01-06 15:05:48.261000,1.15671,1.15667,1200000,1000000
2022-01-06 15:05:48.363000,1.15673,1.15669,2370000,1000000
2022-01-06 15:05:48.465000,1.15674,1.15671,1570000,1000000
2022-01-06 15:05:48.618000,1.15667,1.15664,1200000,2000000
2022-01-06 15:05:48.740000,1.15666,1.15664,1570000,1000000
2022-01-06 15:05:48.845000,1.15662,1.15658,1010000,1000000
2022-01-06 15:05:48.947000,1.15662,1.15658,1120000,1600000
2022-01-06 15:05:49.049000,1.15662,1.15658,1950000,1250000
2022-01-06 15:05:50.451000,1.15666,1.15664,1120000,1000000
2022-01-06 15:05:50.503000,1.15665,1.1566,1000000,1000000
2022-01-06 15:05:50.554000,1.15666,1.15663,1950000,1000000
2022-01-06 15:05:51.113000,1.15668,1.15665,2890000,1000000
2022-01-06 15:05:51.216000,1.15669,1.15667,1000000,1000000
2022-01-06 15:05:51.318000,1.1567,1.15667,1200000,1000000
2022-01-06 15:05:51.732000,1.15663,1.15658,1120000,1310000
2022-01-06 15:05:51.834000,1.15663,1.15658,2750000,1000000
2022-01-06 15:05:51.885000,1.15664,1.15662,1120000,1250000
2022-01-06 15:05:51.937000,1.15668,1.15665,1000000,1000000
2022-01-06 15:05:52.090000,1.15669,1.15667,1000000,1000000
2022-01-06 15:05:52.192000,1.15671,1.15668,1000000,1000000
2022-01-06 15:05:52.498000,1.15672,1.15668,1200000,1250000
2022-01-06 15:05:52.651000,1.15671,1.15668,1000000,1000000
2022-01-06 15:05:52.752000,1.15672,1.15668,1100000,1250000
2022-01-06 15:05:52.854000,1.15671,1.15668,1000000,1250000
2022-01-06 15:05:53.210000,1.15673,1.15668,2540000,1000000
2022-01-06 15:05:53.579000,1.15673,1.15668,1000000,1370000
2022-01-06 15:05:53.681000,1.15672,1.15668,1000000,1000000
2022-01-06 15:05:53.783000,1.15674,1.15668,1200000,1250000
2022-01-06 15:05:53.834000,1.15675,1.15671,2470000,1000000
2022-01-06 15:05:53.936000,1.15677,1.15674,4200000,1000000
2022-01-06 15:05:54.038000,1.15678,1.15675,1000000,1000000
2022-01-06 15:05:54.140000,1.15679,1.15674,3790000,1000000
2022-01-06 15:05:54.242000,1.15677,1.15674,1000000,1000000
2022-01-06 15:05:54.344000,1.15678,1.15674,1100000,1000000
2022-01-06 15:05:54.446000,1.15677,1.15674,1200000,1000000
2022-01-06 15:05:54.548000,1.15679,1.15673,1010000,1000000
2022-01-06 15:05:54.600000,1.15682,1.15678,1600000,1000000
2022-01-06 15:05:54.702000,1.15683,1.1568,2850000,1000000
2022-01-06 15:05:54.804000,1.15686,1.15681,3970000,1000000
2022-01-06 15:05:55.109000,1.15684,1.15681,1000000,1000000
2022-01-06 15:05:55.211000,1.15686,1.1568,1180000,1000000
2022-01-06 15:05:55.364000,1.15689,1.15685,1000000,1010000
2022-01-06 15:05:55.466000,1.15691,1.15688,1000000,1000000
2022-01-06 15:05:55.517000,1.15694,1.15687,1100000,1000000
2022-01-06 15:05:55.670000,1.15694,1.15689,4600000,1000000
2022-01-06 15:05:55.976000,1.15693,1.15688,1180000,1000000
2022-01-06 15:05:56.399000,1.15694,1.1569,1870000,1910000
2022-01-06 15:05:56.450000,1.15698,1.15689,2170000,1760000
2022-01-06 15:05:56.501000,1.15698,1.15694,3940000,1000000
2022-01-06 15:05:56.604000,1.15698,1.15694,1120000,2160000
2022-01-06 15:05:56.655000,1.157,1.15694,2390000,1000000
2022-01-06 15:05:56.758000,1.15699,1.15694,1190000,1000000
2022-01-06 15:05:56.911000,1.15702,1.15697,3010000,1000000
2022-01-06 15:05:57.013000,1.15702,1.15698,2130000,1000000
2022-01-06 15:05:57.064000,1.157,1.15696,1100000,1250000
2022-01-06 15:05:57.166000,1.15701,1.15697,2090000,1000000
2022-01-06 15:05:57.218000,1.15704,1.15701,1160000,1000000
2022-01-06 15:05:57.574000,1.15706,1.15702,1100000,1000000
2022-01-06 15:05:57.625000,1.15709,1.15705,1100000,1250000
2022-01-06 15:05:57.727000,1.15711,1.15708,1000000,1000000
2022-01-06 15:05:58.565000,1.15714,1.15711,1570000,1000000
2022-01-06 15:05:58.667000,1.15715,1.15712,1100000,1000000
2022-01-06 15:05:58.769000,1.15714,1.15708,1100000,2950000
2022-01-06 15:05:58.820000,1.15711,1.15708,1000000,1000000
2022-01-06 15:05:59.177000,1.1571,1.15707,1200000,1000000
2022-01-06 15:05:59.279000,1.15704,1.15702,1200000,3370000
2022-01-06 15:05:59.381000,1.15703,1.15701,1200000,1000000
2022-01-06 15:05:59.644000,1.15699,1.15696,1200000,2060000
2022-01-06 15:05:59.704000,1.15697,1.15694,1200000,1000000
2022-01-06 15:06:00.200000,1.15695,1.15692,1570000,1000000
2022-01-06 15:06:00.303000,1.15694,1.15691,1600000,1000000
2022-01-06 15:06:00.507000,1.1569,1.15687,1000000,1000000
2022-01-06 15:06:00.660000,1.15692,1.15689,1200000,1000000
2022-01-06 15:06:00.914000,1.15694,1.15691,1120000,2390000
2022-01-06 15:06:00.965000,1.15693,1.1569,1000000,1000000
2022-01-06 15:06:01.067000,1.1569,1.15687,1000000,1000000
2022-01-06 15:06:01.525000,1.15685,1.15682,1200000,3370000
2022-01-06 15:06:01.627000,1.15685,1.15682,2100000,1000000
2022-01-06 15:06:01.729000,1.15686,1.15683,1000000,1200000
2022-01-06 15:06:01.831000,1.15687,1.15684,1200000,1000000
2022-01-06 15:06:02.311000,1.15685,1.15682,1000000,1000000
2022-01-06 15:06:02.413000,1.15684,1.15681,1000000,1000000
2022-01-06 15:06:02.773000,1.15685,1.15682,1000000,1000000
2022-01-06 15:06:03.862000,1.15686,1.15682,1000000,3120000
2022-01-06 15:06:03.965000,1.15687,1.15684,1000000,1200000
2022-01-06 15:06:04.435000,1.15688,1.15686,1000000,1000000
2022-01-06 15:06:04.762000,1.15686,1.15683,1000000,1500000
2022-01-06 15:06:04.813000,1.15684,1.15681,1000000,1000000
2022-01-06 15:06:04.916000,1.15684,1.15681,1410000,1000000
2022-01-06 15:06:05.220000,1.15683,1.1568,1100000,1000000
2022-01-06 15:06:05.734000,1.15685,1.15681,1000000,2470000
2022-01-06 15:06:05.836000,1.15688,1.15682,1500000,3790000
2022-01-06 15:06:05.888000,1.15688,1.15685,1000000,1000000
2022-01-06 15:06:05.990000,1.15689,1.15686,1500000,1000000
2022-01-06 15:06:06.091000,1.15689,1.15686,1250000,1000000
2022-01-06 15:06:06.868000,1.15686,1.15683,1000000,1000000
2022-01-06 15:06:06.970000,1.15685,1.15682,1000000,1000000
2022-01-06 15:06:07.581000,1.15684,1.15681,1000000,1000000
2022-01-06 15:06:07.750000,1.15685,1.15682,1200000,1000000
2022-01-06 15:06:09.456000,1.15683,1.15679,1600000,1250000
2022-01-06 15:06:09.558000,1.1568,1.15677,2950000,1500000
2022-01-06 15:06:09.661000,1.15682,1.15679,3600000,1000000
2022-01-06 15:06:09.714000,1.1568,1.15677,1250000,1000000
2022-01-06 15:06:09.968000,1.15679,1.15676,1000000,1000000
2022-01-06 15:06:10.071000,1.15679,1.15674,1390000,1000000
2022-01-06 15:06:10.173000,1.15677,1.15675,1000000,1000000
2022-01-06 15:06:10.300000,1.15678,1.15675,1390000,1000000
2022-01-06 15:06:10.657000,1.15676,1.15673,1500000,1000000
2022-01-06 15:06:10.709000,1.15677,1.15674,1500000,1000000
2022-01-06 15:06:11.065000,1.15676,1.15673,1200000,1000000
2022-01-06 15:06:11.320000,1.15676,1.15674,1000000,1000000
2022-01-06 15:06:11.524000,1.1568,1.15677,1500000,1100000
2022-01-06 15:06:12.504000,1.15677,1.15674,1500000,1250000
2022-01-06 15:06:12.811000,1.15676,1.15673,1120000,1000000
2022-01-06 15:06:12.913000,1.15675,1.15672,1500000,1000000
2022-01-06 15:06:14.182000,1.15673,1.15666,1120000,2660000
2022-01-06 15:06:14.284000,1.15671,1.15668,2320000,1000000
2022-01-06 15:06:14.386000,1.15667,1.15665,1000000,1010000
2022-01-06 15:06:14.590000,1.15669,1.15666,3120000,1000000
2022-01-06 15:06:14.692000,1.15671,1.15668,3370000,1000000
2022-01-06 15:06:14.795000,1.15673,1.15671,1120000,1000000
2022-01-06 15:06:14.846000,1.15673,1.15668,1000000,2720000
2022-01-06 15:06:14.897000,1.15675,1.15672,2250000,1000000
2022-01-06 15:06:15.439000,1.15673,1.1567,1000000,1000000
2022-01-06 15:06:15.541000,1.15674,1.15671,1000000,1000000
2022-01-06 15:06:15.923000,1.15673,1.15668,1000000,1000000
2022-01-06 15:06:16.025000,1.15674,1.15671,1120000,1000000
2022-01-06 15:06:16.548000,1.15675,1.15673,1120000,1000000
2022-01-06 15:06:16.909000,1.15676,1.15671,1870000,1000000
2022-01-06 15:06:17.113000,1.15676,1.15673,1200000,1000000
2022-01-06 15:06:17.164000,1.15671,1.15669,5700000,1000000
2022-01-06 15:06:17.216000,1.15668,1.15664,1200000,1050000
2022-01-06 15:06:17.267000,1.15668,1.15665,3570000,1000000
2022-01-06 15:06:17.318000,1.15666,1.15663,1010000,1000000
2022-01-06 15:06:17.370000,1.15668,1.15665,1000000,1000000
2022-01-06 15:06:17.421000,1.1567,1.15667,3060000,1000000
2022-01-06 15:06:17.523000,1.1567,1.15667,1120000,1000000
2022-01-06 15:06:17.575000,1.15671,1.15668,1000000,1000000
2022-01-06 15:06:18.352000,1.15672,1.15667,1500000,1000000
2022-01-06 15:06:18.590000,1.1567,1.15667,1000000,1000000
2022-01-06 15:06:19.272000,1.15672,1.15669,1000000,1000000
2022-01-06 15:06:19.636000,1.15675,1.15672,1000000,1000000
2022-01-06 15:06:20.562000,1.15676,1.15673,1000000,1000000
2022-01-06 15:06:21.545000,1.15677,1.15673,1000000,1000000
2022-01-06 15:06:21.850000,1.15677,1.15674,1000000,1000000
2022-01-06 15:06:21.952000,1.15681,1.15678,1250000,1000000
2022-01-06 15:06:22.619000,1.15688,1.15685,1000000,1500000
2022-01-06 15:06:22.670000,1.15689,1.15683,1000000,1760000
2022-01-06 15:06:22.721000,1.15688,1.15685,1000000,1640000
2022-01-06 15:06:22.775000,1.15694,1.15692,1870000,1500000
2022-01-06 15:06:22.826000,1.15694,1.1569,1870000,2890000
2022-01-06 15:06:22.879000,1.15698,1.15693,1870000,1000000
2022-01-06 15:06:23.133000,1.15695,1.15689,1000000,1600000
2022-01-06 15:06:23.185000,1.15693,1.1569,1570000,1000000
2022-01-06 15:06:23.288000,1.15694,1.15691,1000000,1000000
2022-01-06 15:06:24.169000,1.15693,1.15689,1200000,1000000
2022-01-06 15:06:24.357000,1.15694,1.15691,2250000,1000000
2022-01-06 15:06:24.459000,1.15692,1.15689,1000000,1000000
2022-01-06 15:06:25.477000,1.15693,1.1569,1000000,1000000
2022-01-06 15:06:25.579000,1.15692,1.15689,1000000,1000000
2022-01-06 15:06:25.935000,1.15692,1.15689,1220000,1000000
2022-01-06 15:06:26.037000,1.1569,1.15687,1100000,1000000
2022-01-06 15:06:26.139000,1.15689,1.15686,1570000,1000000
2022-01-06 15:06:26.495000,1.15688,1.15685,1000000,1000000
2022-01-06 15:06:26.648000,1.15685,1.15682,1000000,1000000
2022-01-06 15:06:27.131000,1.15685,1.15682,1500000,1000000
2022-01-06 15:06:27.335000,1.15686,1.15681,1000000,1000000
2022-01-06 15:06:27.692000,1.15681,1.15678,1500000,1000000
2022-01-06 15:06:27.795000,1.1568,1.15677,1000000,1000000
2022-01-06 15:06:27.999000,1.15681,1.15679,1000000,1000000
2022-01-06 15:06:28.102000,1.15683,1.1568,1000000,1000000
2022-01-06 15:06:28.457000,1.15685,1.1568,1000000,1250000
2022-01-06 15:06:28.509000,1.15686,1.15683,1000000,1000000
2022-01-06 15:06:28.611000,1.1569,1.15685,1000000,1250000
2022-01-06 15:06:29.128000,1.15684,1.15682,1000000,1870000
2022-01-06 15:06:29.230000,1.15684,1.15681,1000000,1000000
2022-01-06 15:06:29.443000,1.15682,1.15678,1120000,1000000
2022-01-06 15:06:31.224000,1.15681,1.15678,1000000,1000000
2022-01-06 15:06:31.575000,1.1568,1.15677,1200000,1000000
2022-01-06 15:06:32.300000,1.15681,1.15678,1000000,1000000
2022-01-06 15:06:32.402000,1.1568,1.15677,1000000,1000000
2022-01-06 15:06:32.758000,1.15678,1.15675,1000000,1000000
2022-01-06 15:06:32.911000,1.15679,1.15676,1000000,1000000
2022-01-06 15:06:33.537000,1.15681,1.15678,1100000,1250000
2022-01-06 15:06:33.944000,1.1568,1.15677,1000000,1000000
2022-01-06 15:06:35.370000,1.15681,1.15678,1420000,1000000
2022-01-06 15:06:38.111000,1.15682,1.15677,1500000,1750000
2022-01-06 15:06:38.214000,1.15681,1.15678,1500000,1250000
2022-01-06 15:06:38.316000,1.15685,1.15682,2750000,1250000
2022-01-06 15:06:38.367000,1.15683,1.1568,2700000,1000000
2022-01-06 15:06:38.419000,1.15683,1.15677,1120000,1500000
2022-01-06 15:06:38.521000,1.15681,1.15676,1000000,1000000
2022-01-06 15:06:38.826000,1.15681,1.15678,1500000,1000000
2022-01-06 15:06:39.030000,1.15681,1.15679,1000000,1370000
2022-01-06 15:06:39.132000,1.15682,1.15678,1000000,1310000
2022-01-06 15:06:42.121000,1.15682,1.15678,1000000,2200000
2022-01-06 15:06:42.172000,1.15683,1.15681,1000000,1390000
2022-01-06 15:06:42.223000,1.15687,1.15682,1000000,1000000
2022-01-06 15:06:42.275000,1.15689,1.15686,3690000,1000000
2022-01-06 15:06:42.377000,1.15689,1.15686,1000000,1120000
2022-01-06 15:06:42.682000,1.15691,1.15688,1500000,1000000
2022-01-06 15:06:43.195000,1.15692,1.15689,1000000,1000000
2022-01-06 15:06:43.298000,1.15693,1.1569,1000000,1250000
2022-01-06 15:06:43.401000,1.15696,1.15693,1320000,1000000
2022-01-06 15:06:44.671000,1.15694,1.15691,1000000,1000000
2022-01-06 15:06:45.292000,1.15695,1.15692,1870000,1000000
2022-01-06 15:06:46.546000,1.15696,1.15694,1000000,1000000
2022-01-06 15:06:46.668000,1.15697,1.15694,2320000,1000000
2022-01-06 15:06:47.962000,1.15696,1.15693,1950000,1000000
2022-01-06 15:06:48.065000,1.15695,1.15692,1500000,1000000
2022-01-06 15:06:49.079000,1.15694,1.15689,1000000,3100000
2022-01-06 15:06:49.131000,1.15694,1.15688,3640000,1560000
2022-01-06 15:06:49.233000,1.15692,1.15688,2320000,1000000
2022-01-06 15:06:49.335000,1.15691,1.15688,1000000,1000000
2022-01-06 15:06:49.691000,1.1569,1.15687,1570000,1000000
2022-01-06 15:06:49.795000,1.1569,1.15687,2450000,1000000
2022-01-06 15:06:50.978000,1.1569,1.15687,1950000,1000000
2022-01-06 15:06:51.384000,1.15691,1.15688,1000000,1000000
2022-01-06 15:06:51.869000,1.1569,1.15687,1000000,1000000
2022-01-06 15:06:52.250000,1.15689,1.15686,2250000,1000000
2022-01-06 15:06:53.980000,1.15685,1.15682,1000000,1180000
2022-01-06 15:06:54.082000,1.15686,1.15683,1000000,1000000
2022-01-06 15:06:54.560000,1.15687,1.15684,1000000,1000000
2022-01-06 15:06:54.662000,1.15688,1.15686,1000000,1000000
2022-01-06 15:06:54.867000,1.15689,1.15686,2250000,1000000
2022-01-06 15:06:55.783000,1.15689,1.15687,1000000,1000000
2022-01-06 15:06:55.885000,1.1569,1.15687,1570000,1000000
2022-01-06 15:06:56.139000,1.15692,1.15688,1300000,2260000
2022-01-06 15:06:56.191000,1.15693,1.1569,1000000,1000000
2022-01-06 15:06:56.242000,1.15691,1.15688,1000000,1120000
2022-01-06 15:06:56.395000,1.15692,1.15688,1000000,1100000
2022-01-06 15:06:56.497000,1.15691,1.15688,1870000,1000000
2022-01-06 15:06:58.509000,1.1569,1.15687,1000000,1640000
2022-01-06 15:06:58.611000,1.15692,1.15687,1050000,1250000
2022-01-06 15:06:58.879000,1.15694,1.15692,1120000,1000000
2022-01-06 15:06:58.982000,1.15696,1.15693,2250000,1000000
2022-01-06 15:06:59.471000,1.15697,1.15694,1000000,1000000
2022-01-06 15:07:00.093000,1.157,1.15693,2850000,1000000
2022-01-06 15:07:02.814000,1.15701,1.15696,3370000,1000000
2022-01-06 15:07:03.423000,1.15702,1.15698,2320000,1000000
2022-01-06 15:07:03.576000,1.15703,1.157,1500000,1000000
2022-01-06 15:07:03.678000,1.15704,1.15701,1200000,1000000
2022-01-06 15:07:04.694000,1.15705,1.15703,1500000,1000000
2022-01-06 15:07:04.797000,1.15705,1.15701,1100000,1000000
2022-01-06 15:07:05.980000,1.15705,1.15701,4320000,1000000
2022-01-06 15:07:06.511000,1.157,1.15697,1200000,1120000
2022-01-06 15:07:06.715000,1.15702,1.15699,2700000,1000000
2022-01-06 15:07:08.137000,1.15703,1.157,1200000,1000000
2022-01-06 15:07:09.741000,1.15703,1.15699,1200000,1000000
2022-01-06 15:07:09.844000,1.15703,1.15698,1000000,1760000
2022-01-06 15:07:09.946000,1.15704,1.15701,1200000,1000000
2022-01-06 15:07:10.048000,1.15706,1.15703,1720000,1250000
2022-01-06 15:07:10.379000,1.15705,1.15702,1100000,1000000
2022-01-06 15:07:10.430000,1.15705,1.15701,1100000,1200000
2022-01-06 15:07:10.532000,1.15705,1.15701,1570000,2200000
2022-01-06 15:07:10.634000,1.15705,1.157,1000000,1690000
2022-01-06 15:07:12.360000,1.15702,1.15699,1950000,1000000
2022-01-06 15:07:12.837000,1.157,1.15697,1000000,1000000
2022-01-06 15:07:13.142000,1.157,1.15697,2450000,1000000
2022-01-06 15:07:13.244000,1.15699,1.15696,1570000,1000000
2022-01-06 15:07:14.353000,1.157,1.15697,1000000,1000000
2022-01-06 15:07:15.308000,1.15699,1.15696,1000000,1000000
2022-01-06 15:07:15.512000,1.157,1.15697,1000000,1000000
2022-01-06 15:07:15.665000,1.15698,1.15695,1000000,1000000
2022-01-06 15:07:16.122000,1.157,1.15695,1200000,1000000
2022-01-06 15:07:16.287000,1.15698,1.15695,1000000,1000000
2022-01-06 15:07:16.762000,1.15696,1.15693,1200000,1000000
2022-01-06 15:07:20.624000,1.15697,1.15694,1570000,1000000
2022-01-06 15:07:20.726000,1.15696,1.15694,1000000,1000000
2022-01-06 15:07:20.777000,1.15699,1.15694,1000000,1120000
2022-01-06 15:07:20.879000,1.15697,1.15694,1000000,1620000
2022-01-06 15:07:20.981000,1.15697,1.15694,1000000,1120000
2022-01-06 15:07:22.004000,1.15696,1.15693,1000000,1000000
2022-01-06 15:07:22.465000,1.15696,1.15693,1000000,1620000
2022-01-06 15:07:22.567000,1.15696,1.15693,1000000,1120000
2022-01-06 15:07:22.921000,1.15698,1.15695,1000000,1200000
2022-01-06 15:07:25.434000,1.15697,1.15694,1000000,1500000
2022-01-06 15:07:25.911000,1.15696,1.15694,1000000,1000000
2022-01-06 15:07:26.648000,1.15696,1.15693,1000000,1310000
2022-01-06 15:07:26.750000,1.15695,1.15693,1000000,1000000
2022-01-06 15:07:27.697000,1.15696,1.15693,1500000,1000000
2022-01-06 15:07:28.114000,1.15695,1.15692,1000000,1000000
2022-01-06 15:07:28.216000,1.15694,1.15691,1000000,2140000
2022-01-06 15:07:28.318000,1.15695,1.15692,1000000,1810000
2022-01-06 15:07:28.423000,1.157,1.15695,1000000,2410000
2022-01-06 15:07:28.525000,1.15701,1.15696,1000000,1760000
2022-01-06 15:07:28.627000,1.157,1.15697,1000000,2260000
2022-01-06 15:07:29.018000,1.157,1.15697,1250000,1500000
2022-01-06 15:07:29.480000,1.15699,1.15695,1000000,2060000
2022-01-06 15:07:29.532000,1.15696,1.15693,1000000,2260000
2022-01-06 15:07:29.634000,1.15696,1.15693,1000000,1760000
2022-01-06 15:07:29.787000,1.15698,1.15695,1500000,1000000
2022-01-06 15:07:29.897000,1.15696,1.15693,1000000,2260000
2022-01-06 15:07:30.201000,1.15696,1.15693,1000000,1760000
2022-01-06 15:07:30.575000,1.15697,1.15694,1000000,1760000
2022-01-06 15:07:30.779000,1.157,1.15697,3450000,1250000
2022-01-06 15:07:33.639000,1.15704,1.15702,2250000,1200000
2022-01-06 15:07:33.792000,1.15704,1.15701,1000000,1500000
2022-01-06 15:07:34.711000,1.15703,1.157,1000000,2000000
2022-01-06 15:07:36.084000,1.15706,1.15704,1000000,1200000
2022-01-06 15:07:36.186000,1.15707,1.15705,1500000,1000000
2022-01-06 15:07:36.339000,1.1571,1.15707,1000000,1700000
2022-01-06 15:07:36.441000,1.15711,1.15708,1120000,1200000
2022-01-06 15:07:36.543000,1.1571,1.15705,1200000,2000000
2022-01-06 15:07:36.747000,1.15709,1.15706,1200000,1120000
2022-01-06 15:07:37.229000,1.15708,1.15705,1000000,1500000
2022-01-06 15:07:37.770000,1.15709,1.15704,1000000,1120000
2022-01-06 15:07:38.508000,1.15708,1.15705,1000000,2070000
2022-01-06 15:07:40.355000,1.15708,1.15703,1000000,1700000
2022-01-06 15:07:40.508000,1.15707,1.15704,1000000,1200000
2022-01-06 15:07:42.833000,1.15709,1.15706,1500000,1120000
2022-01-06 15:07:42.935000,1.15712,1.15708,3070000,1700000
2022-01-06 15:07:43.037000,1.15711,1.15708,1000000,1500000
2022-01-06 15:07:44.219000,1.1571,1.15708,1000000,1120000
2022-01-06 15:07:44.322000,1.1571,1.15707,1000000,1120000
2022-01-06 15:07:44.424000,1.15712,1.15709,1000000,2550000
2022-01-06 15:07:44.526000,1.15714,1.15709,1500000,1700000
2022-01-06 15:07:44.628000,1.15712,1.15709,1000000,2460000
2022-01-06 15:07:44.731000,1.15713,1.1571,1500000,1120000
2022-01-06 15:07:44.833000,1.15713,1.15711,1000000,1000000
2022-01-06 15:07:45.138000,1.15713,1.1571,1500000,1570000
2022-01-06 15:07:45.189000,1.15711,1.15709,1250000,1080000
2022-01-06 15:07:45.241000,1.1571,1.15707,1390000,1000000
2022-01-06 15:07:45.343000,1.15709,1.15706,1000000,1000000
2022-01-06 15:07:46.158000,1.1571,1.15707,1000000,1120000
2022-01-06 15:07:46.463000,1.15711,1.15708,1000000,1910000
2022-01-06 15:07:46.515000,1.15713,1.1571,1500000,1200000
2022-01-06 15:07:46.668000,1.15713,1.15711,1000000,1000000
2022-01-06 15:07:47.199000,1.15712,1.15708,1000000,1000000
2022-01-06 15:07:47.251000,1.1571,1.15707,1000000,2400000
2022-01-06 15:07:47.404000,1.15709,1.15706,1000000,1120000
2022-01-06 15:07:50.162000,1.15708,1.15705,1000000,1000000
