time,ask,bid,ask_volume,bid_volume
2017-12-13 13:25:00.197000,1.13312,1.13309,1950000,2440000
2017-12-13 13:25:00.831000,1.13309,1.13307,3750000,2810000
2017-12-13 13:25:00.936000,1.13308,1.13305,1950000,2440000
2017-12-13 13:25:01.448000,1.13307,1.13305,1200000,1690000
2017-12-13 13:25:03.658000,1.13308,1.13306,1200000,1690000
2017-12-13 13:25:03.710000,1.13309,1.13306,1950000,2440000
2017-12-13 13:25:05.121000,1.13309,1.13307,1200000,1000000
2017-12-13 13:25:05.446000,1.13309,1.13305,3830000,2810000
2017-12-13 13:25:05.522000,1.13309,1.13305,3830000,2810000
2017-12-13 13:25:06.043000,1.13309,1.13305,3220000,2060000
2017-12-13 13:25:06.668000,1.1331,1.13307,1100000,1690000
2017-12-13 13:25:07.183000,1.13312,1.13308,3070000,1250000
2017-12-13 13:25:07.768000,1.13312,1.13309,1100000,1250000
2017-12-13 13:25:08.329000,1.13312,1.13308,5320000,1250000
2017-12-13 13:25:09.085000,1.13311,1.13308,1570000,1000000
2017-12-13 13:25:09.678000,1.1331,1.13307,1100000,1250000
2017-12-13 13:25:11.654000,1.13311,1.13307,1570000,2440000
2017-12-13 13:25:11.758000,1.13311,1.13308,1100000,1690000
2017-12-13 13:25:12.800000,1.13313,1.13309,4950000,1250000
2017-12-13 13:25:13.470000,1.13312,1.13309,1100000,1690000
2017-12-13 13:25:14.574000,1.13312,1.13309,1570000,1250000
2017-12-13 13:25:15.951000,1.13312,1.13308,7200000,1250000
2017-12-13 13:25:16.284000,1.1331,1.13307,1000000,1190000
2017-12-13 13:25:21.085000,1.13311,1.13307,1570000,2060000
2017-12-13 13:25:21.633000,1.13311,1.13308,1000000,1190000
2017-12-13 13:25:24.020000,1.13311,1.13307,1570000,1690000
2017-12-13 13:25:24.226000,1.1331,1.13306,2320000,1310000
2017-12-13 13:25:24.651000,1.13309,1.13305,2850000,1250000
2017-12-13 13:25:28.495000,1.13309,1.13306,1800000,2060000
2017-12-13 13:25:30.768000,1.13309,1.13305,2920000,2140000
2017-12-13 13:25:31.462000,1.13309,1.13305,3150000,2140000
2017-12-13 13:25:32.412000,1.13309,1.13305,2920000,4390000
2017-12-13 13:25:33.944000,1.13311,1.13308,1690000,1000000
2017-12-13 13:25:34.047000,1.13312,1.13309,1000000,1250000
2017-12-13 13:25:35.166000,1.13313,1.13309,1950000,1690000
2017-12-13 13:25:38.180000,1.13313,1.13309,1570000,1690000
2017-12-13 13:25:41.644000,1.13313,1.13309,4200000,2060000
2017-12-13 13:25:41.748000,1.13311,1.13308,1000000,2140000
2017-12-13 13:25:42.264000,1.13311,1.13308,1120000,1310000
2017-12-13 13:25:49.510000,1.1331,1.13306,1870000,2890000
2017-12-13 13:25:53.132000,1.1331,1.13307,1870000,1120000
2017-12-13 13:25:53.649000,1.13311,1.13307,1570000,1310000
2017-12-13 13:25:54.201000,1.13312,1.13308,6220000,1310000
2017-12-13 13:25:56.486000,1.13312,1.13309,3450000,1120000
2017-12-13 13:25:57.030000,1.13312,1.13309,1120000,1690000
2017-12-13 13:25:57.544000,1.13313,1.13309,1950000,2440000
2017-12-13 13:26:04.715000,1.13313,1.13309,2700000,1310000
2017-12-13 13:26:10.615000,1.13313,1.13309,2320000,1560000
2017-12-13 13:26:16.752000,1.13314,1.1331,5100000,2060000
2017-12-13 13:26:17.510000,1.13311,1.13309,1000000,1390000
2017-12-13 13:26:20.498000,1.13314,1.1331,4720000,1620000
2017-12-13 13:26:20.718000,1.13312,1.1331,1000000,1310000
2017-12-13 13:26:21.443000,1.13311,1.1331,1000000,1250000
2017-12-13 13:26:21.948000,1.13312,1.1331,1500000,1620000
2017-12-13 13:26:22.484000,1.13311,1.1331,1000000,1250000
2017-12-13 13:26:23.518000,1.13312,1.1331,1000000,1690000
2017-12-13 13:26:24.080000,1.13312,1.1331,1000000,1620000
2017-12-13 13:26:27.952000,1.13313,1.13311,1500000,1390000
2017-12-13 13:26:28.465000,1.13312,1.13311,1000000,1390000
2017-12-13 13:26:29.314000,1.13313,1.13311,1500000,1390000
2017-12-13 13:26:29.834000,1.13312,1.13311,1000000,1760000
2017-12-13 13:26:32.124000,1.13313,1.13311,1500000,1620000
2017-12-13 13:26:33.655000,1.13312,1.13311,1000000,1310000
2017-12-13 13:26:35.536000,1.13313,1.13311,1500000,1390000
2017-12-13 13:26:36.292000,1.13312,1.13311,1000000,1310000
2017-12-13 13:26:37.476000,1.13313,1.13311,1500000,1620000
2017-12-13 13:26:38.285000,1.13312,1.13311,1000000,1310000
2017-12-13 13:26:40.574000,1.13313,1.1331,1500000,2510000
2017-12-13 13:26:41.390000,1.13312,1.1331,1000000,2510000
2017-12-13 13:26:45.102000,1.13313,1.13311,1500000,1390000
2017-12-13 13:26:46.792000,1.13314,1.13311,1100000,2510000
2017-12-13 13:26:47.629000,1.13315,1.13313,1200000,1000000
2017-12-13 13:26:47.733000,1.13317,1.13315,1870000,1500000
2017-12-13 13:26:48.195000,1.13318,1.13317,1500000,1000000
2017-12-13 13:26:48.349000,1.13319,1.13317,2250000,1000000
2017-12-13 13:26:49.287000,1.13319,1.13318,1500000,1000000
2017-12-13 13:26:49.853000,1.1332,1.13318,2620000,1000000
2017-12-13 13:26:50.371000,1.13322,1.1332,3900000,1000000
2017-12-13 13:26:51.812000,1.13321,1.13319,2320000,1110000
2017-12-13 13:26:52.350000,1.13321,1.1332,1100000,1000000
2017-12-13 13:26:55.395000,1.13324,1.13321,2320000,1000000
2017-12-13 13:26:55.932000,1.13325,1.13322,7950000,1000000
2017-12-13 13:26:56.593000,1.13323,1.13321,1000000,1250000
2017-12-13 13:26:57.105000,1.13323,1.13322,1120000,1000000
2017-12-13 13:26:57.620000,1.13324,1.13322,1870000,1000000
2017-12-13 13:26:58.288000,1.13325,1.13322,5510000,1000000
2017-12-13 13:26:58.791000,1.13325,1.13322,5210000,1000000
2017-12-13 13:26:58.894000,1.13325,1.13322,5510000,1000000
2017-12-13 13:26:59.314000,1.13325,1.13322,5960000,1000000
2017-12-13 13:26:59.934000,1.13322,1.1332,1000000,2440000
2017-12-13 13:27:00.460000,1.13324,1.13321,1570000,1000000
2017-12-13 13:27:00.970000,1.13325,1.13322,9710000,1000000
2017-12-13 13:27:01.227000,1.13322,1.1332,1870000,1310000
2017-12-13 13:27:01.736000,1.13322,1.1332,1570000,1250000
2017-12-13 13:27:01.791000,1.13323,1.13321,1200000,1000000
2017-12-13 13:27:02.491000,1.13326,1.13323,2590000,1000000
2017-12-13 13:27:02.647000,1.13329,1.13326,4650000,1000000
2017-12-13 13:27:03.309000,1.13329,1.13326,4200000,1000000
2017-12-13 13:27:03.530000,1.13329,1.13326,2170000,1000000
2017-12-13 13:27:04.245000,1.13328,1.13326,1220000,1000000
2017-12-13 13:27:04.766000,1.13328,1.13324,1350000,2890000
2017-12-13 13:27:08.342000,1.13328,1.13324,1350000,2140000
2017-12-13 13:27:09.179000,1.13328,1.13324,1350000,2140000
2017-12-13 13:27:10.171000,1.13328,1.13324,1350000,2510000
2017-12-13 13:27:10.801000,1.13328,1.13324,1350000,1390000
2017-12-13 13:27:17.413000,1.13326,1.13324,1000000,2140000
2017-12-13 13:27:17.518000,1.13325,1.13323,1000000,1500000
2017-12-13 13:27:18.050000,1.13325,1.13321,5620000,2510000
2017-12-13 13:27:18.840000,1.13324,1.13321,1000000,2140000
2017-12-13 13:27:20.926000,1.13324,1.1332,3750000,2890000
2017-12-13 13:27:21.030000,1.13322,1.13319,3370000,1390000
2017-12-13 13:27:21.579000,1.13322,1.13319,2550000,1310000
2017-12-13 13:27:37.544000,1.1332,1.13319,1250000,1000000
2017-12-13 13:27:46.648000,1.13321,1.13319,1240000,1000000
2017-12-13 13:28:00.093000,1.13321,1.13318,1570000,2320000
2017-12-13 13:28:00.628000,1.13321,1.13319,1100000,1000000
2017-12-13 13:28:03.451000,1.13323,1.13321,3340000,1000000
2017-12-13 13:28:03.558000,1.13328,1.13324,6260000,1500000
2017-12-13 13:28:04.263000,1.13328,1.13325,2140000,1000000
2017-12-13 13:28:08.194000,1.13328,1.13326,1000000,1000000
2017-12-13 13:28:08.720000,1.13329,1.13326,1310000,1120000
2017-12-13 13:28:09.274000,1.13329,1.13326,1000000,4350000
2017-12-13 13:28:09.328000,1.13331,1.13328,1690000,2320000
2017-12-13 13:28:09.433000,1.13333,1.13331,2440000,1000000
2017-12-13 13:28:09.485000,1.13334,1.13331,2510000,1500000
2017-12-13 13:28:11.951000,1.13334,1.13332,1250000,1000000
2017-12-13 13:28:13.314000,1.13334,1.13333,2440000,1000000
2017-12-13 13:28:15.182000,1.13335,1.13332,5810000,1120000
2017-12-13 13:28:16.687000,1.13335,1.13333,3000000,1500000
2017-12-13 13:28:18.843000,1.13337,1.13333,4390000,2250000
2017-12-13 13:28:18.948000,1.13335,1.13333,1000000,1370000
2017-12-13 13:28:19.506000,1.13336,1.13333,1000000,1500000
2017-12-13 13:28:20.524000,1.13337,1.13335,2250000,3600000
2017-12-13 13:28:20.628000,1.13339,1.13335,1250000,2320000
2017-12-13 13:28:20.753000,1.13341,1.13337,5140000,1000000
2017-12-13 13:28:20.806000,1.13341,1.13337,3260000,1000000
2017-12-13 13:28:32.404000,1.13341,1.13337,1250000,1470000
2017-12-13 13:28:33.078000,1.13342,1.13338,4460000,1000000
2017-12-13 13:28:33.488000,1.13342,1.13341,3150000,1000000
2017-12-13 13:28:33.620000,1.13346,1.13343,2250000,2620000
2017-12-13 13:28:33.672000,1.13347,1.13345,1000000,1000000
2017-12-13 13:28:34.205000,1.13347,1.13343,1300000,6820000
2017-12-13 13:28:35.101000,1.13346,1.13343,1000000,3070000
2017-12-13 13:28:35.729000,1.13347,1.13345,1000000,4720000
2017-12-13 13:28:35.832000,1.13349,1.13347,1450000,1120000
2017-12-13 13:28:36.344000,1.13349,1.13347,1120000,1120000
2017-12-13 13:28:36.861000,1.13348,1.13347,1000000,1000000
2017-12-13 13:28:36.913000,1.13347,1.13345,1000000,4200000
2017-12-13 13:28:36.966000,1.13346,1.13344,1000000,2620000
2017-12-13 13:28:37.517000,1.13347,1.13345,1000000,3000000
2017-12-13 13:28:45.221000,1.13347,1.13344,1250000,1570000
2017-12-13 13:28:46.425000,1.13346,1.13345,1250000,2250000
2017-12-13 13:28:46.772000,1.13346,1.13342,2060000,1950000
2017-12-13 13:28:47.210000,1.13345,1.13342,1190000,1000000
2017-12-13 13:28:48.608000,1.13345,1.13342,1250000,1000000
2017-12-13 13:28:49.446000,1.13345,1.13343,1250000,1000000
2017-12-13 13:28:49.977000,1.13346,1.13344,1250000,1100000
2017-12-13 13:28:50.491000,1.13347,1.13344,1250000,1570000
2017-12-13 13:28:50.670000,1.13349,1.13345,3940000,3300000
2017-12-13 13:28:51.187000,1.13349,1.13346,2440000,1100000
2017-12-13 13:28:51.852000,1.1335,1.13346,2810000,1100000
2017-12-13 13:28:52.370000,1.1335,1.13346,1310000,1570000
2017-12-13 13:28:52.782000,1.13352,1.13348,1690000,3670000
2017-12-13 13:28:53.145000,1.13355,1.13351,2890000,1000000
2017-12-13 13:28:53.650000,1.13356,1.13352,3260000,1000000
2017-12-13 13:28:56.121000,1.13355,1.1335,1250000,4010000
2017-12-13 13:28:56.685000,1.13352,1.1335,1350000,1570000
2017-12-13 13:28:57.219000,1.13353,1.13349,1390000,1000000
2017-12-13 13:28:57.734000,1.13354,1.13349,6860000,1010000
2017-12-13 13:28:58.564000,1.13354,1.13349,3040000,1390000
2017-12-13 13:29:00.484000,1.13354,1.13349,4760000,1100000
2017-12-13 13:29:00.791000,1.13353,1.13349,1200000,1000000
2017-12-13 13:29:02.589000,1.13353,1.13349,2320000,1000000
2017-12-13 13:29:03.093000,1.13352,1.13349,1500000,1000000
2017-12-13 13:29:03.611000,1.13352,1.13348,3820000,3190000
2017-12-13 13:29:03.802000,1.13353,1.13349,1950000,2810000
2017-12-13 13:29:04.318000,1.13354,1.13349,4200000,4010000
2017-12-13 13:29:04.424000,1.13352,1.13349,1250000,1000000
2017-12-13 13:29:04.871000,1.13351,1.13346,1570000,3450000
2017-12-13 13:29:06.006000,1.1335,1.13346,1200000,2620000
2017-12-13 13:29:07.297000,1.1335,1.13347,2320000,1000000
2017-12-13 13:29:07.558000,1.13346,1.13342,1200000,3000000
2017-12-13 13:29:08.093000,1.13347,1.13342,2770000,4950000
2017-12-13 13:29:08.712000,1.13347,1.13342,3900000,4200000
2017-12-13 13:29:09.731000,1.13345,1.13342,1000000,3450000
2017-12-13 13:29:11.996000,1.13347,1.13344,1100000,2250000
2017-12-13 13:29:13.029000,1.13348,1.13344,2320000,2620000
2017-12-13 13:29:13.589000,1.13348,1.13345,1000000,1500000
2017-12-13 13:29:13.644000,1.1335,1.13345,1200000,4200000
2017-12-13 13:29:14.171000,1.13349,1.13345,1200000,2250000
2017-12-13 13:29:14.712000,1.13349,1.13345,1200000,2250000
2017-12-13 13:29:15.232000,1.13349,1.13344,1950000,5700000
2017-12-13 13:29:15.387000,1.1335,1.13347,2700000,1000000
2017-12-13 13:29:15.921000,1.1335,1.13347,1200000,1000000
2017-12-13 13:29:16.936000,1.13349,1.13347,1200000,1000000
2017-12-13 13:29:17.554000,1.13349,1.13345,1100000,2620000
2017-12-13 13:29:22.844000,1.13349,1.13344,2320000,3220000
2017-12-13 13:29:23.379000,1.13348,1.13343,2770000,1570000
2017-12-13 13:29:23.974000,1.13347,1.13342,3450000,1950000
2017-12-13 13:29:25.001000,1.13348,1.13343,3150000,1000000
2017-12-13 13:29:26.089000,1.13347,1.13342,1650000,6070000
2017-12-13 13:29:28.255000,1.13346,1.13342,1100000,2250000
2017-12-13 13:29:28.767000,1.13345,1.13341,1200000,2250000
2017-12-13 13:29:29.618000,1.13346,1.13341,3450000,2320000
2017-12-13 13:29:30.069000,1.13346,1.13344,3450000,2250000
2017-12-13 13:29:31.281000,1.13346,1.13342,3070000,2250000
2017-12-13 13:29:31.644000,1.13349,1.13344,1200000,1500000
2017-12-13 13:29:31.851000,1.13348,1.13342,2320000,3000000
2017-12-13 13:29:32.208000,1.13349,1.13344,1950000,1000000
2017-12-13 13:29:32.517000,1.13349,1.13346,2320000,1000000
2017-12-13 13:29:33.033000,1.13348,1.13342,1950000,2250000
2017-12-13 13:29:33.618000,1.13348,1.13343,1950000,1000000
2017-12-13 13:29:34.267000,1.13348,1.13345,2320000,1000000
2017-12-13 13:29:35.091000,1.13347,1.13345,1000000,1000000
2017-12-13 13:29:35.258000,1.13347,1.13342,1100000,2250000
2017-12-13 13:29:36.904000,1.13348,1.13342,3070000,2250000
2017-12-13 13:29:37.008000,1.13348,1.13342,5700000,2250000
2017-12-13 13:29:37.452000,1.13345,1.1334,1100000,4120000
2017-12-13 13:29:39.323000,1.13345,1.1334,1870000,2250000
2017-12-13 13:29:41.545000,1.13345,1.1334,1570000,2620000
2017-12-13 13:29:42.365000,1.13345,1.13342,1570000,2250000
2017-12-13 13:29:42.418000,1.13345,1.1334,1570000,3370000
2017-12-13 13:29:43.604000,1.13346,1.13342,1570000,2250000
2017-12-13 13:29:44.040000,1.13347,1.13342,1570000,2250000
2017-12-13 13:29:45.178000,1.13348,1.13341,1270000,1870000
2017-12-13 13:29:45.490000,1.13348,1.13342,1200000,1370000
2017-12-13 13:29:45.799000,1.13349,1.13345,1200000,1000000
2017-12-13 13:29:46.310000,1.13347,1.13345,1500000,1000000
2017-12-13 13:29:46.451000,1.13347,1.13343,1500000,1000000
2017-12-13 13:29:47.015000,1.13347,1.13342,1500000,1120000
2017-12-13 13:29:47.072000,1.13336,1.13332,1370000,1100000
2017-12-13 13:29:47.129000,1.13338,1.13328,2250000,1500000
2017-12-13 13:29:47.183000,1.13338,1.13331,1950000,2250000
2017-12-13 13:29:47.236000,1.13342,1.13333,1120000,1870000
2017-12-13 13:29:47.649000,1.13342,1.13331,1000000,1500000
2017-12-13 13:29:48.061000,1.13342,1.13333,1000000,2250000
2017-12-13 13:29:48.411000,1.13349,1.13335,1450000,2250000
2017-12-13 13:29:48.464000,1.13344,1.13336,1000000,1000000
2017-12-13 13:29:48.567000,1.13344,1.13334,2250000,2250000
2017-12-13 13:29:49.109000,1.13343,1.13334,1500000,2250000
2017-12-13 13:29:49.264000,1.13348,1.13335,1200000,1500000
2017-12-13 13:29:49.813000,1.1335,1.13336,2700000,1500000
2017-12-13 13:29:49.867000,1.13349,1.13338,1200000,1500000
2017-12-13 13:29:50.375000,1.13349,1.13337,1000000,1000000
2017-12-13 13:29:50.695000,1.13349,1.13335,1000000,3000000
2017-12-13 13:29:50.747000,1.13353,1.13335,1000000,1000000
2017-12-13 13:29:50.799000,1.13351,1.13334,1000000,1000000
2017-12-13 13:29:51.106000,1.13346,1.13329,1000000,1000000
2017-12-13 13:29:51.466000,1.13348,1.13329,1000000,1000000
2017-12-13 13:29:51.569000,1.13346,1.13329,1000000,1000000
2017-12-13 13:29:52.002000,1.1335,1.13331,1000000,1000000
2017-12-13 13:29:52.054000,1.1335,1.13329,1000000,1000000
2017-12-13 13:29:52.362000,1.13348,1.13329,1690000,1000000
2017-12-13 13:29:52.501000,1.13347,1.13327,1000000,1000000
2017-12-13 13:29:54.440000,1.13347,1.13329,1000000,1000000
2017-12-13 13:29:54.746000,1.13336,1.13326,1000000,1000000
2017-12-13 13:29:55.268000,1.13337,1.13326,1000000,1000000
2017-12-13 13:29:55.884000,1.13337,1.13327,1000000,1000000
2017-12-13 13:29:56.932000,1.13337,1.13334,1000000,1000000
2017-12-13 13:29:56.987000,1.13342,1.13335,1000000,1000000
2017-12-13 13:29:57.625000,1.13344,1.13337,1500000,1000000
2017-12-13 13:29:57.729000,1.13349,1.13339,1000000,1040000
2017-12-13 13:29:57.832000,1.13351,1.1334,1000000,1000000
2017-12-13 13:29:57.937000,1.13349,1.13329,1000000,1000000
2017-12-13 13:29:58.731000,1.13349,1.13327,1000000,1000000
2017-12-13 13:29:59.224000,1.13351,1.13327,2320000,1500000
2017-12-13 13:30:00.131000,1.13349,1.13326,1070000,1000000
2017-12-13 13:30:00.776000,1.13352,1.13328,1760000,1690000
2017-12-13 13:30:01.093000,1.13352,1.13328,1760000,4690000
2017-12-13 13:30:01.404000,1.13346,1.13333,1750000,3190000
2017-12-13 13:30:01.853000,1.13345,1.13333,1750000,2250000
2017-12-13 13:30:02.113000,1.13344,1.13333,3070000,2250000
2017-12-13 13:30:02.221000,1.13343,1.13333,1200000,1500000
2017-12-13 13:30:02.278000,1.13342,1.13327,7870000,1370000
2017-12-13 13:30:02.338000,1.13346,1.13305,2250000,750000
2017-12-13 13:30:02.394000,1.13177,1.13158,1000000,1000000
2017-12-13 13:30:02.500000,1.13171,1.13164,1000000,1000000
2017-12-13 13:30:02.589000,1.13186,1.1317,1000000,750000
2017-12-13 13:30:02.658000,1.13186,1.13157,1000000,1500000
2017-12-13 13:30:02.870000,1.13185,1.13177,1000000,1500000
2017-12-13 13:30:03.121000,1.13173,1.1316,1500000,1120000
2017-12-13 13:30:03.194000,1.13176,1.13167,1000000,1500000
2017-12-13 13:30:03.442000,1.13171,1.1316,1000000,750000
2017-12-13 13:30:03.581000,1.1316,1.13159,1000000,1000000
2017-12-13 13:30:03.727000,1.1316,1.13154,1000000,1000000
2017-12-13 13:30:03.779000,1.13173,1.13168,1000000,1500000
2017-12-13 13:30:03.990000,1.13173,1.1316,1000000,1000000
2017-12-13 13:30:04.462000,1.13175,1.13161,1370000,3000000
2017-12-13 13:30:04.582000,1.1317,1.1316,1120000,1000000
2017-12-13 13:30:04.635000,1.13171,1.13166,1000000,1870000
2017-12-13 13:30:04.800000,1.13157,1.13146,1000000,1120000
2017-12-13 13:30:04.913000,1.13126,1.13116,1000000,1120000
2017-12-13 13:30:05.166000,1.13116,1.1311,1120000,1000000
2017-12-13 13:30:05.414000,1.13109,1.13099,1500000,1370000
2017-12-13 13:30:05.771000,1.13107,1.13103,1000000,1500000
2017-12-13 13:30:05.848000,1.13109,1.13099,1000000,2620000
2017-12-13 13:30:05.982000,1.13115,1.1311,1120000,1000000
2017-12-13 13:30:06.230000,1.13128,1.1312,1000000,1000000
2017-12-13 13:30:06.397000,1.1312,1.13116,1120000,1000000
2017-12-13 13:30:06.448000,1.13118,1.13104,1370000,1750000
2017-12-13 13:30:06.691000,1.13119,1.1311,2250000,1000000
2017-12-13 13:30:06.880000,1.13117,1.13105,1000000,1370000
2017-12-13 13:30:06.984000,1.13102,1.13094,1500000,1000000
2017-12-13 13:30:07.088000,1.13099,1.13088,1000000,1370000
2017-12-13 13:30:07.204000,1.13099,1.13085,1000000,1750000
2017-12-13 13:30:07.258000,1.13111,1.13101,1000000,1650000
2017-12-13 13:30:07.361000,1.13113,1.13107,1000000,1500000
2017-12-13 13:30:07.464000,1.13118,1.13111,1000000,1000000
2017-12-13 13:30:07.573000,1.13116,1.13105,1000000,1370000
2017-12-13 13:30:07.702000,1.13116,1.13105,1000000,1000000
2017-12-13 13:30:07.834000,1.13105,1.13097,1000000,1120000
2017-12-13 13:30:07.888000,1.13105,1.13099,1000000,1500000
2017-12-13 13:30:07.940000,1.13103,1.13099,1000000,1500000
2017-12-13 13:30:07.993000,1.13101,1.1309,1000000,1500000
2017-12-13 13:30:08.173000,1.13098,1.1309,1000000,1500000
2017-12-13 13:30:08.288000,1.1309,1.1308,1000000,1500000
2017-12-13 13:30:08.341000,1.13092,1.13086,1000000,2250000
2017-12-13 13:30:08.394000,1.13083,1.13079,1500000,1500000
2017-12-13 13:30:08.499000,1.13086,1.1308,1500000,4500000
2017-12-13 13:30:08.658000,1.13085,1.13078,1000000,1000000
2017-12-13 13:30:08.761000,1.13095,1.13085,1000000,1000000
2017-12-13 13:30:08.813000,1.131,1.13084,1120000,1000000
2017-12-13 13:30:08.865000,1.13099,1.1309,1000000,1370000
2017-12-13 13:30:09.183000,1.13097,1.13082,2620000,1120000
2017-12-13 13:30:09.235000,1.13115,1.13101,1000000,1750000
2017-12-13 13:30:09.553000,1.13118,1.13113,1000000,1870000
2017-12-13 13:30:09.721000,1.13113,1.13107,1870000,1000000
2017-12-13 13:30:09.775000,1.13117,1.13106,1000000,1000000
2017-12-13 13:30:09.881000,1.13114,1.13108,1000000,1000000
2017-12-13 13:30:10.218000,1.13121,1.13112,1370000,1000000
2017-12-13 13:30:10.322000,1.13123,1.13113,1000000,1120000
2017-12-13 13:30:10.375000,1.13121,1.13112,1000000,1370000
2017-12-13 13:30:10.727000,1.13124,1.13112,1500000,1870000
2017-12-13 13:30:11.041000,1.13124,1.13121,1000000,1500000
2017-12-13 13:30:11.094000,1.13131,1.13126,1370000,1500000
2017-12-13 13:30:11.353000,1.13126,1.13125,1500000,1000000
2017-12-13 13:30:11.405000,1.13121,1.13116,1000000,1000000
2017-12-13 13:30:11.457000,1.13122,1.13117,1370000,1000000
2017-12-13 13:30:11.510000,1.1312,1.13109,1870000,1870000
2017-12-13 13:30:11.564000,1.1311,1.13104,1370000,1000000
2017-12-13 13:30:11.867000,1.13112,1.13107,1000000,3000000
2017-12-13 13:30:12.023000,1.13125,1.13119,1000000,1120000
2017-12-13 13:30:12.075000,1.13127,1.13121,1000000,1500000
2017-12-13 13:30:12.364000,1.13137,1.1313,2620000,1500000
2017-12-13 13:30:12.468000,1.13137,1.13133,1000000,1000000
2017-12-13 13:30:12.747000,1.13131,1.13122,1000000,1370000
2017-12-13 13:30:12.801000,1.13136,1.13123,1370000,3190000
2017-12-13 13:30:13.120000,1.13134,1.13129,1000000,1500000
2017-12-13 13:30:13.340000,1.13134,1.13129,1500000,1000000
2017-12-13 13:30:13.449000,1.13134,1.13127,1000000,1120000
2017-12-13 13:30:13.502000,1.13134,1.13129,1000000,1120000
2017-12-13 13:30:13.830000,1.13134,1.13122,2100000,2250000
2017-12-13 13:30:14.065000,1.13123,1.13114,1000000,2250000
2017-12-13 13:30:14.276000,1.13125,1.1312,1500000,2620000
2017-12-13 13:30:14.330000,1.13131,1.13121,1500000,1500000
2017-12-13 13:30:14.535000,1.13133,1.13127,1870000,1000000
2017-12-13 13:30:14.693000,1.13132,1.13121,1870000,1500000
2017-12-13 13:30:14.797000,1.13133,1.13123,1370000,1370000
2017-12-13 13:30:14.908000,1.1313,1.13121,1120000,1120000
2017-12-13 13:30:15.018000,1.13127,1.13124,1000000,1500000
2017-12-13 13:30:15.175000,1.13124,1.13116,1500000,1750000
2017-12-13 13:30:15.232000,1.13121,1.13112,1000000,1870000
2017-12-13 13:30:15.389000,1.13121,1.13114,1000000,2620000
2017-12-13 13:30:15.441000,1.13121,1.13118,1000000,1500000
2017-12-13 13:30:15.668000,1.13121,1.13111,1120000,1870000
2017-12-13 13:30:15.720000,1.13122,1.13112,2250000,1500000
2017-12-13 13:30:16.036000,1.13126,1.1312,1120000,1500000
2017-12-13 13:30:16.342000,1.13126,1.1312,2250000,1500000
2017-12-13 13:30:16.448000,1.13123,1.13119,1120000,1500000
2017-12-13 13:30:16.502000,1.13124,1.13118,1870000,1500000
2017-12-13 13:30:16.610000,1.13123,1.13118,1000000,1000000
2017-12-13 13:30:16.800000,1.13126,1.13122,1000000,1500000
2017-12-13 13:30:17.116000,1.13131,1.13126,1870000,1500000
2017-12-13 13:30:17.399000,1.13124,1.13111,3750000,3000000
2017-12-13 13:30:17.505000,1.13121,1.13111,1370000,1120000
2017-12-13 13:30:17.819000,1.13122,1.13118,1370000,1500000
2017-12-13 13:30:18.019000,1.13123,1.13114,1370000,1000000
2017-12-13 13:30:18.071000,1.13124,1.13116,1870000,1000000
2017-12-13 13:30:18.392000,1.1313,1.13125,1000000,1690000
2017-12-13 13:30:18.730000,1.13131,1.13126,1000000,1370000
2017-12-13 13:30:18.837000,1.13139,1.1313,1500000,1000000
2017-12-13 13:30:18.942000,1.13132,1.1313,2500000,1000000
2017-12-13 13:30:18.994000,1.1314,1.1313,1750000,1000000
2017-12-13 13:30:19.418000,1.13139,1.13132,1370000,1000000
2017-12-13 13:30:19.751000,1.13141,1.13135,1120000,1000000
2017-12-13 13:30:19.804000,1.13143,1.13135,1000000,1500000
2017-12-13 13:30:20.220000,1.13148,1.1314,1370000,1000000
2017-12-13 13:30:20.358000,1.1315,1.13144,3750000,1500000
2017-12-13 13:30:20.922000,1.1315,1.13146,2250000,1000000
2017-12-13 13:30:20.975000,1.1315,1.13142,3750000,1500000
2017-12-13 13:30:21.080000,1.13147,1.13141,1000000,1950000
2017-12-13 13:30:21.183000,1.13137,1.13131,1500000,1370000
2017-12-13 13:30:21.235000,1.13139,1.1313,1000000,2250000
2017-12-13 13:30:21.320000,1.1314,1.13132,1190000,1370000
2017-12-13 13:30:21.493000,1.13147,1.13137,1000000,1370000
2017-12-13 13:30:21.794000,1.13149,1.1314,1310000,1370000
2017-12-13 13:30:21.847000,1.13147,1.13138,1500000,1870000
2017-12-13 13:30:22.153000,1.13166,1.13157,1000000,2250000
2017-12-13 13:30:22.309000,1.13142,1.13133,1500000,1000000
2017-12-13 13:30:22.361000,1.13143,1.13131,3370000,1500000
2017-12-13 13:30:22.556000,1.13139,1.13131,1190000,1500000
2017-12-13 13:30:22.869000,1.1314,1.13135,1120000,1000000
2017-12-13 13:30:22.921000,1.1314,1.13132,1000000,1870000
2017-12-13 13:30:22.973000,1.1314,1.13135,1000000,1000000
2017-12-13 13:30:23.168000,1.13138,1.13131,1000000,1370000
2017-12-13 13:30:23.323000,1.13138,1.13134,1870000,2250000
2017-12-13 13:30:23.427000,1.1314,1.13136,1120000,1000000
2017-12-13 13:30:23.479000,1.1314,1.13133,1000000,1870000
2017-12-13 13:30:23.531000,1.13141,1.13133,2620000,1310000
2017-12-13 13:30:23.632000,1.1314,1.1313,1500000,4390000
2017-12-13 13:30:23.685000,1.1314,1.13135,1000000,1000000
2017-12-13 13:30:23.738000,1.1314,1.13132,1000000,1120000
2017-12-13 13:30:23.791000,1.1314,1.13131,1190000,2060000
2017-12-13 13:30:23.844000,1.1314,1.13133,1000000,1000000
2017-12-13 13:30:24.552000,1.13141,1.13133,1720000,1120000
2017-12-13 13:30:24.656000,1.13141,1.13133,1720000,1120000
2017-12-13 13:30:24.708000,1.13137,1.1313,1000000,3450000
2017-12-13 13:30:24.760000,1.13138,1.13131,2290000,1000000
2017-12-13 13:30:25.090000,1.13136,1.1313,1050000,2890000
2017-12-13 13:30:25.202000,1.13147,1.13143,1000000,1000000
2017-12-13 13:30:25.306000,1.13152,1.13143,1370000,2620000
2017-12-13 13:30:25.359000,1.13152,1.13144,1370000,1750000
2017-12-13 13:30:25.695000,1.13157,1.13153,1000000,2620000
2017-12-13 13:30:26.058000,1.13156,1.13152,1000000,1370000
2017-12-13 13:30:26.226000,1.13156,1.13151,1500000,1000000
2017-12-13 13:30:26.451000,1.13158,1.13152,1120000,1120000
2017-12-13 13:30:26.608000,1.13157,1.13149,1870000,1120000
2017-12-13 13:30:26.661000,1.13156,1.13149,1370000,1000000
2017-12-13 13:30:27.212000,1.13156,1.13148,3000000,1120000
2017-12-13 13:30:27.264000,1.13156,1.1315,1870000,1000000
2017-12-13 13:30:27.720000,1.13159,1.13151,1500000,2620000
2017-12-13 13:30:27.773000,1.1316,1.13151,1350000,2620000
2017-12-13 13:30:28.189000,1.13158,1.13151,1350000,3000000
2017-12-13 13:30:28.500000,1.13155,1.13151,1350000,1500000
2017-12-13 13:30:29.009000,1.13148,1.13146,1000000,1500000
2017-12-13 13:30:29.115000,1.13146,1.13141,1120000,1120000
2017-12-13 13:30:29.263000,1.13144,1.13138,1000000,1500000
2017-12-13 13:30:29.867000,1.13143,1.13138,1350000,1870000
2017-12-13 13:30:30.185000,1.13141,1.13137,1000000,1000000
2017-12-13 13:30:30.723000,1.13143,1.13138,4350000,1500000
2017-12-13 13:30:31.112000,1.13138,1.13132,2470000,1870000
2017-12-13 13:30:31.422000,1.13136,1.13132,1000000,1190000
2017-12-13 13:30:31.510000,1.13135,1.13132,1000000,1190000
2017-12-13 13:30:31.650000,1.13138,1.13134,1000000,2810000
2017-12-13 13:30:31.708000,1.13141,1.13134,1120000,2620000
2017-12-13 13:30:31.812000,1.13138,1.13134,1000000,1120000
2017-12-13 13:30:32.359000,1.13139,1.13132,1500000,4120000
2017-12-13 13:30:32.723000,1.1314,1.13133,1000000,3370000
2017-12-13 13:30:33.248000,1.13141,1.13135,2250000,1120000
2017-12-13 13:30:33.753000,1.13141,1.13135,1000000,1870000
2017-12-13 13:30:34.234000,1.13138,1.13135,1000000,1500000
2017-12-13 13:30:35.069000,1.1314,1.13136,1090000,1000000
2017-12-13 13:30:35.407000,1.13132,1.13127,1120000,1000000
2017-12-13 13:30:35.721000,1.13131,1.13125,1120000,1120000
2017-12-13 13:30:35.775000,1.13131,1.13125,2250000,1120000
2017-12-13 13:30:36.176000,1.13127,1.13123,1120000,2440000
2017-12-13 13:30:36.571000,1.13125,1.13123,1000000,1250000
2017-12-13 13:30:36.624000,1.1311,1.13101,1120000,2250000
2017-12-13 13:30:36.678000,1.13099,1.13098,1000000,1500000
2017-12-13 13:30:36.732000,1.131,1.13095,1720000,1500000
2017-12-13 13:30:36.852000,1.13094,1.13092,1000000,1000000
2017-12-13 13:30:37.034000,1.13086,1.13083,3000000,3370000
2017-12-13 13:30:37.153000,1.13084,1.13083,1000000,1120000
2017-12-13 13:30:37.560000,1.13078,1.13076,2250000,1500000
2017-12-13 13:30:37.613000,1.13075,1.1307,2250000,1870000
2017-12-13 13:30:37.665000,1.1307,1.13068,1000000,1500000
2017-12-13 13:30:37.718000,1.13077,1.13073,1500000,1120000
2017-12-13 13:30:37.926000,1.13079,1.13077,1090000,1000000
2017-12-13 13:30:37.980000,1.13081,1.13079,1000000,1500000
2017-12-13 13:30:38.087000,1.1308,1.13078,1500000,1500000
2017-12-13 13:30:38.140000,1.13078,1.13073,1120000,1190000
2017-12-13 13:30:38.194000,1.13077,1.13072,1000000,1190000
2017-12-13 13:30:38.246000,1.13077,1.13071,1500000,1870000
2017-12-13 13:30:38.469000,1.13078,1.13072,2970000,1190000
2017-12-13 13:30:38.782000,1.13078,1.13072,2210000,1200000
2017-12-13 13:30:39.307000,1.13078,1.13071,4090000,2060000
2017-12-13 13:30:39.359000,1.13078,1.13071,3710000,1310000
2017-12-13 13:30:39.818000,1.1308,1.13076,1370000,2060000
2017-12-13 13:30:39.870000,1.13083,1.13077,1120000,1000000
2017-12-13 13:30:39.978000,1.1308,1.13074,3000000,1250000
2017-12-13 13:30:40.273000,1.13079,1.13072,3000000,1120000
2017-12-13 13:30:40.584000,1.13078,1.13071,1500000,2250000
2017-12-13 13:30:41.193000,1.13079,1.13074,4870000,1120000
2017-12-13 13:30:41.580000,1.1308,1.13075,1000000,1500000
2017-12-13 13:30:41.632000,1.13081,1.13078,1370000,1000000
2017-12-13 13:30:41.684000,1.13085,1.13079,4500000,1000000
2017-12-13 13:30:41.962000,1.13091,1.13087,1090000,1870000
2017-12-13 13:30:42.066000,1.13098,1.13092,1120000,2250000
2017-12-13 13:30:42.171000,1.13098,1.13095,1000000,3370000
2017-12-13 13:30:42.278000,1.13102,1.13099,1120000,1000000
2017-12-13 13:30:42.333000,1.13102,1.13096,4120000,2620000
2017-12-13 13:30:42.414000,1.13102,1.13098,3370000,1000000
2017-12-13 13:30:42.572000,1.13102,1.13098,1870000,1000000
2017-12-13 13:30:42.831000,1.13104,1.131,1720000,1000000
2017-12-13 13:30:43.170000,1.13108,1.13105,1500000,1000000
2017-12-13 13:30:43.707000,1.13109,1.13105,2250000,1000000
2017-12-13 13:30:44.016000,1.1311,1.13107,1120000,1000000
2017-12-13 13:30:44.325000,1.13108,1.13105,1000000,1000000
2017-12-13 13:30:44.661000,1.13111,1.13108,1000000,3000000
2017-12-13 13:30:44.766000,1.13117,1.13111,4120000,1000000
2017-12-13 13:30:45.276000,1.13117,1.13112,1870000,1870000
2017-12-13 13:30:45.485000,1.13113,1.13108,2250000,1540000
2017-12-13 13:30:45.669000,1.13112,1.13109,1000000,1000000
2017-12-13 13:30:46.140000,1.13111,1.13107,1870000,1870000
2017-12-13 13:30:46.457000,1.13114,1.1311,3370000,1000000
2017-12-13 13:30:46.767000,1.1311,1.13109,1000000,1000000
2017-12-13 13:30:46.820000,1.13113,1.13109,1370000,1000000
2017-12-13 13:30:46.924000,1.13109,1.13107,1000000,1870000
2017-12-13 13:30:47.403000,1.13111,1.13109,1000000,1000000
2017-12-13 13:30:47.507000,1.13113,1.1311,1000000,1000000
2017-12-13 13:30:48.059000,1.13114,1.13111,2250000,1000000
2017-12-13 13:30:48.163000,1.13112,1.13111,1000000,1000000
2017-12-13 13:30:48.216000,1.13116,1.13112,4120000,1000000
2017-12-13 13:30:49.006000,1.13113,1.13111,1870000,1120000
2017-12-13 13:30:49.266000,1.13114,1.13113,1500000,1000000
2017-12-13 13:30:49.792000,1.13114,1.13111,1000000,1120000
2017-12-13 13:30:50.001000,1.13112,1.13111,1500000,1120000
2017-12-13 13:30:50.161000,1.13114,1.13109,4120000,1420000
2017-12-13 13:30:50.267000,1.1311,1.13108,1000000,1120000
2017-12-13 13:30:50.322000,1.1311,1.13108,1120000,1000000
2017-12-13 13:30:50.863000,1.1311,1.13108,1000000,1190000
2017-12-13 13:30:51.072000,1.13113,1.13111,2250000,1690000
2017-12-13 13:30:51.124000,1.13116,1.13113,1370000,1000000
2017-12-13 13:30:51.457000,1.13112,1.13109,1500000,1690000
2017-12-13 13:30:51.512000,1.1311,1.13107,1500000,1620000
2017-12-13 13:30:51.564000,1.13107,1.13106,1000000,1250000
2017-12-13 13:30:51.617000,1.13107,1.13105,1000000,1250000
2017-12-13 13:30:52.348000,1.13106,1.13104,1000000,1250000
2017-12-13 13:30:52.556000,1.13103,1.13102,1000000,1250000
2017-12-13 13:30:52.663000,1.13102,1.131,1000000,1120000
2017-12-13 13:30:52.824000,1.13103,1.131,3000000,1560000
2017-12-13 13:30:53.033000,1.13101,1.13098,1000000,1190000
2017-12-13 13:30:53.136000,1.13099,1.13096,1000000,1690000
2017-12-13 13:30:53.643000,1.13098,1.13096,1000000,1250000
2017-12-13 13:30:54.145000,1.131,1.13096,1950000,1250000
2017-12-13 13:30:54.457000,1.13096,1.13095,1000000,1690000
2017-12-13 13:30:54.917000,1.13096,1.13094,1000000,1870000
2017-12-13 13:30:55.127000,1.13098,1.13094,1500000,1190000
2017-12-13 13:30:55.179000,1.13093,1.13092,1000000,1250000
2017-12-13 13:30:55.232000,1.13093,1.13091,1000000,1690000
2017-12-13 13:30:55.649000,1.13092,1.1309,1000000,3190000
2017-12-13 13:30:56.154000,1.13091,1.1309,1000000,1500000
2017-12-13 13:30:56.774000,1.13092,1.1309,1120000,1000000
2017-12-13 13:30:57.321000,1.13091,1.13089,1000000,1000000
2017-12-13 13:30:57.478000,1.1309,1.13086,2850000,1190000
2017-12-13 13:30:57.689000,1.13086,1.13085,1000000,1000000
2017-12-13 13:30:57.741000,1.13086,1.13083,1000000,2320000
2017-12-13 13:30:58.103000,1.13086,1.13084,1950000,1190000
2017-12-13 13:30:58.261000,1.13085,1.13081,1420000,1690000
2017-12-13 13:30:58.324000,1.13082,1.13081,1000000,1250000
2017-12-13 13:30:58.921000,1.1308,1.13079,1000000,1250000
2017-12-13 13:30:58.973000,1.13079,1.13077,1500000,2060000
2017-12-13 13:30:59.030000,1.13082,1.13077,2550000,1690000
2017-12-13 13:30:59.544000,1.13079,1.13077,1120000,1190000
2017-12-13 13:30:59.601000,1.13079,1.13075,1700000,1190000
2017-12-13 13:30:59.656000,1.13076,1.13074,1120000,1190000
2017-12-13 13:31:00.007000,1.13073,1.13072,1120000,1250000
2017-12-13 13:31:00.166000,1.13073,1.1307,1120000,3190000
2017-12-13 13:31:00.219000,1.13073,1.13071,1120000,1190000
2017-12-13 13:31:00.705000,1.1307,1.13068,1000000,2440000
2017-12-13 13:31:01.041000,1.13076,1.13072,1370000,1310000
2017-12-13 13:31:01.093000,1.13076,1.13072,1000000,2060000
2017-12-13 13:31:01.146000,1.13075,1.13072,1190000,1120000
2017-12-13 13:31:01.301000,1.13076,1.13071,1690000,3070000
2017-12-13 13:31:01.710000,1.13078,1.13074,1260000,3000000
2017-12-13 13:31:01.918000,1.13082,1.13077,2140000,1120000
2017-12-13 13:31:02.400000,1.1308,1.13074,1690000,1950000
2017-12-13 13:31:02.710000,1.1308,1.13077,1190000,1000000
2017-12-13 13:31:03.019000,1.13078,1.13074,1190000,1870000
2017-12-13 13:31:03.247000,1.1308,1.13075,1760000,1120000
2017-12-13 13:31:03.612000,1.13078,1.13074,1350000,1500000
2017-12-13 13:31:03.945000,1.13076,1.13072,1220000,1000000
2017-12-13 13:31:04.102000,1.13077,1.13073,1310000,1000000
2017-12-13 13:31:04.208000,1.13077,1.13076,1250000,1000000
2017-12-13 13:31:04.260000,1.13079,1.13076,1390000,1500000
2017-12-13 13:31:04.313000,1.13079,1.13077,1100000,1370000
2017-12-13 13:31:04.567000,1.13081,1.13077,1760000,1000000
2017-12-13 13:31:05.121000,1.13083,1.13079,3190000,1000000
2017-12-13 13:31:05.331000,1.13085,1.1308,1690000,1870000
2017-12-13 13:31:05.383000,1.13083,1.1308,1000000,1570000
2017-12-13 13:31:05.488000,1.13085,1.13081,1000000,1950000
2017-12-13 13:31:05.673000,1.13086,1.13084,1000000,1000000
2017-12-13 13:31:05.881000,1.1309,1.13086,1760000,1120000
2017-12-13 13:31:06.139000,1.13091,1.13088,1870000,1000000
2017-12-13 13:31:06.277000,1.13089,1.13085,1370000,1690000
2017-12-13 13:31:06.534000,1.13091,1.13088,2700000,1500000
2017-12-13 13:31:06.587000,1.13092,1.13089,1500000,1500000
2017-12-13 13:31:06.795000,1.13093,1.13092,1000000,1000000
2017-12-13 13:31:06.979000,1.13097,1.13092,2250000,3260000
2017-12-13 13:31:07.238000,1.13098,1.13095,1500000,2140000
2017-12-13 13:31:07.770000,1.13102,1.13099,1500000,1250000
2017-12-13 13:31:08.084000,1.13101,1.13097,1200000,1200000
2017-12-13 13:31:08.324000,1.13102,1.13098,1450000,1690000
2017-12-13 13:31:08.534000,1.13101,1.13099,1100000,1190000
2017-12-13 13:31:08.639000,1.13104,1.13099,2620000,1390000
2017-12-13 13:31:08.982000,1.13105,1.131,1000000,2890000
2017-12-13 13:31:09.090000,1.13105,1.13102,1040000,1190000
2017-12-13 13:31:09.144000,1.13107,1.13103,1200000,2440000
2017-12-13 13:31:09.524000,1.1311,1.13104,3820000,1690000
2017-12-13 13:31:09.577000,1.13112,1.13109,1000000,3940000
2017-12-13 13:31:09.629000,1.13115,1.1311,3070000,1870000
2017-12-13 13:31:09.733000,1.13115,1.13112,1500000,1250000
2017-12-13 13:31:10.270000,1.13116,1.13112,1470000,2440000
2017-12-13 13:31:10.861000,1.13111,1.13108,1870000,1290000
2017-12-13 13:31:11.288000,1.13113,1.13111,1570000,1310000
2017-12-13 13:31:11.484000,1.13116,1.13112,1120000,5060000
2017-12-13 13:31:11.536000,1.13118,1.13116,1120000,2810000
2017-12-13 13:31:12.126000,1.13119,1.13115,1120000,2510000
2017-12-13 13:31:12.438000,1.13117,1.13116,1000000,1200000
2017-12-13 13:31:12.750000,1.13125,1.13122,3370000,1690000
2017-12-13 13:31:12.869000,1.13126,1.13124,1000000,2060000
2017-12-13 13:31:12.975000,1.13128,1.13126,1000000,1250000
2017-12-13 13:31:13.250000,1.1313,1.13126,1000000,3260000
2017-12-13 13:31:13.858000,1.13127,1.13124,2320000,1870000
2017-12-13 13:31:13.910000,1.13122,1.13119,1120000,1690000
2017-12-13 13:31:13.962000,1.13123,1.1312,1870000,1690000
2017-12-13 13:31:14.273000,1.13128,1.13124,1270000,2810000
2017-12-13 13:31:14.814000,1.13129,1.13125,1750000,1310000
2017-12-13 13:31:15.159000,1.13129,1.13128,1000000,1250000
2017-12-13 13:31:15.212000,1.13131,1.13126,2620000,3940000
2017-12-13 13:31:15.814000,1.13129,1.13124,1570000,1560000
2017-12-13 13:31:15.867000,1.13129,1.13124,1570000,1500000
2017-12-13 13:31:15.971000,1.13129,1.13123,1120000,1200000
2017-12-13 13:31:16.126000,1.13131,1.13124,1010000,1010000
2017-12-13 13:31:16.178000,1.13129,1.13123,1000000,2890000
2017-12-13 13:31:16.484000,1.13126,1.1312,2890000,1250000
2017-12-13 13:31:16.690000,1.13123,1.13118,1500000,1390000
2017-12-13 13:31:17.003000,1.13121,1.13116,1000000,1250000
2017-12-13 13:31:17.527000,1.1312,1.13117,1000000,1690000
2017-12-13 13:31:17.835000,1.1312,1.13116,1000000,1390000
2017-12-13 13:31:17.892000,1.13123,1.13119,1000000,2510000
2017-12-13 13:31:17.948000,1.13123,1.1312,1000000,3190000
2017-12-13 13:31:18,1.13127,1.13122,1370000,1010000
2017-12-13 13:31:18.542000,1.13127,1.13122,1000000,1760000
2017-12-13 13:31:19.058000,1.13128,1.13123,1870000,1290000
2017-12-13 13:31:19.274000,1.13127,1.13122,1500000,1250000
2017-12-13 13:31:20.153000,1.13124,1.13121,1870000,1010000
2017-12-13 13:31:20.470000,1.13123,1.13117,3450000,2440000
2017-12-13 13:31:20.686000,1.13121,1.13117,1500000,1690000
2017-12-13 13:31:21.151000,1.13122,1.13118,1200000,1690000
2017-12-13 13:31:22.109000,1.13123,1.13118,2700000,1690000
2017-12-13 13:31:22.702000,1.13124,1.13119,1390000,3940000
2017-12-13 13:31:23.248000,1.13125,1.13119,1690000,6260000
2017-12-13 13:31:23.561000,1.13127,1.13122,1310000,1390000
2017-12-13 13:31:24.095000,1.13127,1.13123,1250000,1100000
2017-12-13 13:31:24.615000,1.13125,1.13122,1000000,1760000
2017-12-13 13:31:24.927000,1.13126,1.13122,1120000,1250000
2017-12-13 13:31:25.313000,1.13128,1.13125,1000000,1000000
2017-12-13 13:31:25.366000,1.1313,1.13126,2250000,1000000
2017-12-13 13:31:25.728000,1.13132,1.13128,1570000,1000000
2017-12-13 13:31:26.014000,1.13133,1.13129,1200000,1000000
2017-12-13 13:31:26.478000,1.13132,1.13127,1500000,1760000
2017-12-13 13:31:26.811000,1.13129,1.13125,1500000,1070000
2017-12-13 13:31:26.916000,1.13128,1.13124,2620000,1100000
2017-12-13 13:31:27.438000,1.13125,1.13124,1000000,1100000
2017-12-13 13:31:27.492000,1.13122,1.13118,1000000,4570000
2017-12-13 13:31:27.597000,1.13124,1.1312,2250000,1010000
2017-12-13 13:31:28.104000,1.13125,1.13121,1000000,1000000
2017-12-13 13:31:28.415000,1.13123,1.13119,1500000,1500000
2017-12-13 13:31:28.623000,1.13125,1.1312,1500000,1120000
2017-12-13 13:31:28.956000,1.13127,1.13122,1500000,1570000
2017-12-13 13:31:29.525000,1.13128,1.13123,1870000,1000000
2017-12-13 13:31:29.851000,1.13135,1.1313,2170000,1570000
2017-12-13 13:31:30.161000,1.13135,1.13132,1200000,1000000
2017-12-13 13:31:30.347000,1.13135,1.1313,2700000,2440000
2017-12-13 13:31:30.400000,1.13131,1.13129,1200000,1250000
2017-12-13 13:31:30.609000,1.13134,1.13131,2320000,1250000
2017-12-13 13:31:31.128000,1.13134,1.13132,1200000,2060000
2017-12-13 13:31:31.284000,1.13137,1.13133,1950000,1120000
2017-12-13 13:31:31.492000,1.13139,1.13134,5320000,1370000
2017-12-13 13:31:31.723000,1.13137,1.13132,1950000,2810000
2017-12-13 13:31:31.788000,1.13137,1.13132,4570000,1310000
2017-12-13 13:31:31.893000,1.13137,1.13133,1450000,1000000
2017-12-13 13:31:32.201000,1.13139,1.13135,3450000,1000000
2017-12-13 13:31:32.253000,1.13139,1.13135,1870000,1000000
2017-12-13 13:31:32.305000,1.1314,1.13137,1950000,1000000
2017-12-13 13:31:32.633000,1.13133,1.13132,1000000,1000000
2017-12-13 13:31:32.687000,1.13136,1.13134,1000000,1570000
2017-12-13 13:31:32.740000,1.1314,1.13137,3640000,1000000
2017-12-13 13:31:32.794000,1.13139,1.13136,1200000,1000000
2017-12-13 13:31:32.846000,1.13138,1.13134,1120000,1000000
2017-12-13 13:31:34.742000,1.13138,1.13135,1120000,1000000
2017-12-13 13:31:35.316000,1.13139,1.13136,1570000,1000000
2017-12-13 13:31:35.746000,1.1314,1.13137,1950000,1000000
2017-12-13 13:31:35.902000,1.13139,1.13135,1500000,1000000
2017-12-13 13:31:36.451000,1.13139,1.13136,1500000,1000000
2017-12-13 13:31:36.812000,1.1314,1.13138,1200000,1350000
2017-12-13 13:31:36.918000,1.13143,1.1314,1500000,1000000
2017-12-13 13:31:37.448000,1.13144,1.13141,1120000,1000000
2017-12-13 13:31:37.946000,1.13144,1.13143,1000000,1000000
2017-12-13 13:31:38,1.13147,1.13143,1100000,1350000
2017-12-13 13:31:38.052000,1.13148,1.13146,3070000,1000000
2017-12-13 13:31:38.215000,1.1315,1.13147,3070000,1370000
2017-12-13 13:31:38.321000,1.13149,1.13146,1200000,1120000
2017-12-13 13:31:39.326000,1.13149,1.13146,1950000,1120000
2017-12-13 13:31:39.689000,1.13151,1.13148,2320000,1120000
2017-12-13 13:31:39.992000,1.13155,1.13153,1000000,1000000
2017-12-13 13:31:40.303000,1.13152,1.13148,1000000,1620000
2017-12-13 13:31:40.813000,1.13152,1.13146,3070000,2810000
2017-12-13 13:31:41.327000,1.1315,1.13146,1000000,1500000
2017-12-13 13:31:41.838000,1.1315,1.13145,1000000,2810000
2017-12-13 13:31:41.891000,1.1315,1.13145,1000000,2440000
2017-12-13 13:31:42.223000,1.13148,1.13143,2320000,2060000
2017-12-13 13:31:42.746000,1.13148,1.13143,1120000,3820000
2017-12-13 13:31:43.283000,1.13145,1.13143,1000000,1120000
2017-12-13 13:31:43.335000,1.13142,1.13139,2250000,3000000
2017-12-13 13:31:43.387000,1.13138,1.13135,1500000,1500000
2017-12-13 13:31:43.440000,1.13138,1.13133,3000000,1870000
2017-12-13 13:31:43.619000,1.13136,1.13131,3070000,2250000
2017-12-13 13:31:43.672000,1.13136,1.13131,2320000,1000000
2017-12-13 13:31:43.776000,1.13137,1.13133,1950000,1120000
2017-12-13 13:31:44.352000,1.13138,1.13133,4950000,2620000
2017-12-13 13:31:45.425000,1.13138,1.13134,2740000,1000000
2017-12-13 13:31:45.945000,1.13138,1.13135,1000000,1000000
2017-12-13 13:31:46.211000,1.13136,1.13131,2320000,2250000
2017-12-13 13:31:46.316000,1.13138,1.13134,2620000,1500000
2017-12-13 13:31:46.420000,1.13138,1.13134,1000000,1870000
2017-12-13 13:31:46.523000,1.13136,1.13133,1500000,6450000
2017-12-13 13:31:46.628000,1.13134,1.13131,1000000,1000000
2017-12-13 13:31:47.110000,1.13136,1.13132,3070000,2850000
2017-12-13 13:31:47.267000,1.13139,1.13136,1000000,1000000
2017-12-13 13:31:47.475000,1.13137,1.13135,1000000,1540000
2017-12-13 13:31:47.775000,1.1314,1.13136,2320000,1000000
2017-12-13 13:31:48.084000,1.13141,1.13137,2470000,2320000
2017-12-13 13:31:48.410000,1.13145,1.13141,3560000,1000000
2017-12-13 13:31:48.464000,1.13145,1.13142,2060000,1000000
2017-12-13 13:31:48.571000,1.13148,1.13143,2060000,3070000
2017-12-13 13:31:49.113000,1.13149,1.13144,2020000,1950000
2017-12-13 13:31:49.627000,1.13147,1.13144,1870000,1100000
2017-12-13 13:31:49.936000,1.13142,1.1314,1000000,1000000
2017-12-13 13:31:50.529000,1.13143,1.13139,1270000,2700000
2017-12-13 13:31:51.061000,1.13143,1.13139,2400000,2510000
2017-12-13 13:31:52.998000,1.1314,1.13138,1500000,2140000
2017-12-13 13:31:53.102000,1.13137,1.13135,1000000,2250000
2017-12-13 13:31:53.260000,1.1313,1.13128,1000000,4570000
2017-12-13 13:31:53.417000,1.1313,1.13127,1000000,1100000
2017-12-13 13:31:53.947000,1.1313,1.13127,1300000,1100000
2017-12-13 13:31:54.565000,1.13132,1.13128,1120000,4350000
2017-12-13 13:31:55.067000,1.13131,1.13128,2620000,1100000
2017-12-13 13:31:55.590000,1.13131,1.13127,4420000,1390000
2017-12-13 13:31:55.800000,1.13133,1.13128,4870000,1800000
2017-12-13 13:31:56.215000,1.13133,1.13128,2920000,4050000
2017-12-13 13:31:56.268000,1.13133,1.13129,1000000,1200000
2017-12-13 13:31:56.769000,1.13133,1.1313,1000000,1100000
2017-12-13 13:31:57.113000,1.13135,1.1313,3750000,1500000
2017-12-13 13:31:57.677000,1.13134,1.1313,1000000,1500000
2017-12-13 13:31:58.101000,1.13132,1.1313,1500000,1000000
2017-12-13 13:31:58.592000,1.13129,1.13128,1000000,1500000
2017-12-13 13:31:58.903000,1.13132,1.13128,3750000,3220000
2017-12-13 13:31:59.083000,1.13134,1.13129,4120000,1350000
2017-12-13 13:31:59.240000,1.13131,1.13128,1500000,1120000
2017-12-13 13:31:59.293000,1.13129,1.13127,1000000,3070000
2017-12-13 13:31:59.951000,1.13128,1.13126,1000000,1370000
2017-12-13 13:32:00.055000,1.13124,1.1312,1870000,3750000
2017-12-13 13:32:00.453000,1.13121,1.13119,1200000,2620000
2017-12-13 13:32:00.669000,1.13115,1.13112,1200000,1870000
2017-12-13 13:32:00.946000,1.13112,1.13111,1000000,1000000
2017-12-13 13:32:01,1.13109,1.13105,3070000,1000000
2017-12-13 13:32:01.053000,1.13106,1.13104,1200000,1250000
2017-12-13 13:32:01.107000,1.13106,1.13102,1200000,2440000
2017-12-13 13:32:01.213000,1.13103,1.13098,6070000,3000000
2017-12-13 13:32:01.475000,1.13095,1.13092,2320000,1000000
2017-12-13 13:32:01.528000,1.13094,1.13091,1200000,1120000
2017-12-13 13:32:01.978000,1.13089,1.13088,1000000,1200000
2017-12-13 13:32:02.190000,1.13082,1.13078,2620000,1370000
2017-12-13 13:32:02.744000,1.13082,1.13079,1500000,1870000
2017-12-13 13:32:02.849000,1.13086,1.13082,4030000,2620000
2017-12-13 13:32:03.041000,1.13088,1.13083,2250000,2660000
2017-12-13 13:32:03.249000,1.13086,1.13081,1570000,2810000
2017-12-13 13:32:03.791000,1.13086,1.13081,1000000,1120000
2017-12-13 13:32:04.101000,1.13084,1.13079,1000000,4010000
2017-12-13 13:32:04.413000,1.13087,1.13083,1000000,1370000
2017-12-13 13:32:04.827000,1.13086,1.13081,1000000,2810000
2017-12-13 13:32:05.086000,1.13087,1.13084,1370000,1500000
2017-12-13 13:32:05.139000,1.13089,1.13084,2440000,1500000
2017-12-13 13:32:05.295000,1.13089,1.13086,1690000,1000000
2017-12-13 13:32:05.451000,1.13087,1.13082,2620000,2700000
2017-12-13 13:32:05.931000,1.13085,1.13081,2320000,2060000
2017-12-13 13:32:06.138000,1.13084,1.13081,2100000,1870000
2017-12-13 13:32:06.409000,1.13081,1.1308,1500000,1310000
2017-12-13 13:32:06.462000,1.13082,1.13078,3450000,1500000
2017-12-13 13:32:06.620000,1.13083,1.13081,1000000,1000000
2017-12-13 13:32:06.673000,1.13085,1.13082,2250000,1000000
2017-12-13 13:32:07.067000,1.1309,1.13085,2490000,1690000
2017-12-13 13:32:07.121000,1.1309,1.13086,1270000,1690000
2017-12-13 13:32:07.705000,1.13091,1.13087,1200000,1690000
2017-12-13 13:32:07.862000,1.13087,1.13083,1570000,1540000
2017-12-13 13:32:07.915000,1.13088,1.13085,1450000,1500000
2017-12-13 13:32:08.019000,1.13086,1.13083,1000000,5440000
2017-12-13 13:32:08.175000,1.13088,1.13085,1200000,1690000
2017-12-13 13:32:08.485000,1.13085,1.13084,1000000,1690000
2017-12-13 13:32:08.538000,1.13079,1.13076,1000000,1500000
2017-12-13 13:32:08.699000,1.13078,1.13075,2700000,1000000
2017-12-13 13:32:08.752000,1.13079,1.13075,1200000,1500000
2017-12-13 13:32:08.805000,1.1308,1.13078,4200000,1000000
2017-12-13 13:32:08.932000,1.13084,1.13079,4950000,1250000
2017-12-13 13:32:09.459000,1.13082,1.13078,4120000,1000000
2017-12-13 13:32:09.707000,1.1308,1.13076,2250000,1100000
2017-12-13 13:32:10.020000,1.13081,1.1308,1500000,1000000
2017-12-13 13:32:10.073000,1.13084,1.1308,1000000,1870000
2017-12-13 13:32:10.439000,1.13084,1.13082,3000000,1000000
2017-12-13 13:32:10.957000,1.13084,1.13083,2850000,1000000
2017-12-13 13:32:11.465000,1.13084,1.13083,1000000,1000000
2017-12-13 13:32:12.150000,1.13085,1.13083,5100000,1000000
2017-12-13 13:32:12.304000,1.13086,1.13084,1000000,1000000
2017-12-13 13:32:12.510000,1.13085,1.13084,1000000,1000000
2017-12-13 13:32:12.759000,1.13086,1.13083,2620000,2620000
2017-12-13 13:32:12.812000,1.13088,1.13086,3000000,1000000
2017-12-13 13:32:13.322000,1.13086,1.13084,3750000,1120000
2017-12-13 13:32:13.428000,1.13084,1.13083,1500000,1120000
2017-12-13 13:32:13.683000,1.13083,1.13082,1500000,1870000
2017-12-13 13:32:14.087000,1.13081,1.13079,1870000,1000000
2017-12-13 13:32:14.299000,1.13083,1.13081,4870000,1000000
2017-12-13 13:32:14.636000,1.13086,1.13084,1690000,1000000
2017-12-13 13:32:14.948000,1.13087,1.13086,2250000,1120000
2017-12-13 13:32:15,1.13086,1.13084,3370000,2320000
2017-12-13 13:32:15.120000,1.13084,1.13083,1000000,1120000
2017-12-13 13:32:15.383000,1.13084,1.13082,1500000,1000000
2017-12-13 13:32:15.589000,1.13081,1.13077,2250000,2320000
2017-12-13 13:32:15.641000,1.13079,1.13077,2250000,1000000
2017-12-13 13:32:15.693000,1.13081,1.13078,1570000,1690000
2017-12-13 13:32:15.745000,1.13081,1.1308,1000000,1000000
2017-12-13 13:32:15.820000,1.13083,1.13081,5250000,1000000
2017-12-13 13:32:16.342000,1.13087,1.13082,6220000,3370000
2017-12-13 13:32:16.503000,1.13085,1.13082,1500000,1010000
2017-12-13 13:32:16.557000,1.13084,1.1308,3000000,1690000
2017-12-13 13:32:16.663000,1.13082,1.1308,1370000,1310000
2017-12-13 13:32:16.821000,1.13082,1.13078,1950000,3790000
2017-12-13 13:32:16.873000,1.13079,1.13078,1000000,1500000
2017-12-13 13:32:17.027000,1.13079,1.13076,1000000,4160000
2017-12-13 13:32:17.655000,1.13079,1.13075,1000000,1690000
2017-12-13 13:32:18.156000,1.13078,1.13074,1570000,1690000
2017-12-13 13:32:18.417000,1.13079,1.13076,2250000,2020000
2017-12-13 13:32:18.936000,1.13081,1.13077,1000000,3600000
2017-12-13 13:32:19.323000,1.13078,1.13075,1000000,3260000
2017-12-13 13:32:19.375000,1.13078,1.13075,1000000,2440000
2017-12-13 13:32:19.894000,1.13079,1.13076,1120000,1250000
2017-12-13 13:32:20.093000,1.13081,1.13077,1500000,6040000
2017-12-13 13:32:20.616000,1.1308,1.13076,1000000,3860000
2017-12-13 13:32:20.798000,1.13078,1.13075,1000000,2810000
2017-12-13 13:32:21.418000,1.13078,1.13075,1000000,2890000
2017-12-13 13:32:21.619000,1.13076,1.13074,1000000,1390000
2017-12-13 13:32:22.087000,1.13074,1.13072,1000000,2810000
2017-12-13 13:32:22.273000,1.13072,1.1307,2620000,1250000
2017-12-13 13:32:22.489000,1.13074,1.1307,2250000,2440000
2017-12-13 13:32:23.050000,1.13074,1.13071,1500000,1120000
2017-12-13 13:32:23.597000,1.13074,1.13071,1000000,1610000
2017-12-13 13:32:24.223000,1.13074,1.13071,1000000,1620000
2017-12-13 13:32:24.747000,1.13073,1.13071,2250000,1000000
2017-12-13 13:32:25.250000,1.13073,1.1307,1000000,4760000
2017-12-13 13:32:25.894000,1.13066,1.13063,1000000,1570000
2017-12-13 13:32:26.033000,1.13063,1.13061,1000000,1120000
2017-12-13 13:32:26.414000,1.13065,1.13061,2700000,1310000
2017-12-13 13:32:27.459000,1.13063,1.13061,1000000,1310000
2017-12-13 13:32:27.973000,1.13063,1.1306,1000000,6560000
2017-12-13 13:32:28.285000,1.13065,1.13064,1000000,1000000
2017-12-13 13:32:28.738000,1.13067,1.13063,1870000,1000000
2017-12-13 13:32:29.257000,1.13066,1.13062,1500000,1310000
2017-12-13 13:32:29.760000,1.13066,1.13062,1570000,2440000
2017-12-13 13:32:30.269000,1.13065,1.13061,2320000,2060000
2017-12-13 13:32:30.377000,1.13063,1.13058,2250000,5890000
2017-12-13 13:32:30.437000,1.13059,1.13058,1500000,1250000
2017-12-13 13:32:30.492000,1.13056,1.13054,1570000,1310000
2017-12-13 13:32:30.652000,1.13056,1.13052,3750000,1690000
2017-12-13 13:32:31.284000,1.13056,1.13054,3000000,1000000
2017-12-13 13:32:31.693000,1.13054,1.13053,1000000,1000000
2017-12-13 13:32:32.004000,1.13056,1.13053,5700000,1000000
2017-12-13 13:32:32.210000,1.13056,1.13051,4950000,3190000
2017-12-13 13:32:32.315000,1.13056,1.13055,1000000,1000000
2017-12-13 13:32:32.797000,1.13054,1.13052,2250000,1390000
2017-12-13 13:32:32.901000,1.13051,1.13048,1000000,5060000
2017-12-13 13:32:33.231000,1.13051,1.13047,1200000,1250000
2017-12-13 13:32:33.334000,1.13052,1.13049,3070000,1000000
2017-12-13 13:32:33.386000,1.13052,1.13048,1570000,1000000
2017-12-13 13:32:33.543000,1.13054,1.13049,2250000,4390000
2017-12-13 13:32:33.595000,1.13054,1.1305,1500000,7760000
2017-12-13 13:32:33.921000,1.1305,1.13041,3370000,2890000
2017-12-13 13:32:34.422000,1.13043,1.13041,1120000,1100000
2017-12-13 13:32:34.737000,1.13045,1.13043,2250000,1000000
2017-12-13 13:32:35.022000,1.1305,1.13048,1500000,1000000
2017-12-13 13:32:35.285000,1.13047,1.13045,1000000,1250000
2017-12-13 13:32:35.389000,1.13047,1.13046,1000000,1000000
2017-12-13 13:32:35.441000,1.13047,1.13042,1120000,7390000
2017-12-13 13:32:35.713000,1.13048,1.13046,2250000,1000000
2017-12-13 13:32:36.327000,1.13047,1.13045,2250000,1000000
2017-12-13 13:32:36.436000,1.13045,1.13043,1590000,1500000
2017-12-13 13:32:36.648000,1.13047,1.13044,1000000,2890000
2017-12-13 13:32:37.038000,1.13047,1.13044,1000000,3170000
2017-12-13 13:32:37.347000,1.13047,1.13044,1000000,1390000
2017-12-13 13:32:37.450000,1.13047,1.13046,1000000,1000000
2017-12-13 13:32:37.710000,1.13047,1.13044,3970000,1390000
2017-12-13 13:32:37.916000,1.13043,1.13042,1000000,1500000
2017-12-13 13:32:37.970000,1.13043,1.13041,4120000,2320000
2017-12-13 13:32:38.180000,1.13041,1.1304,1000000,1120000
2017-12-13 13:32:38.284000,1.1304,1.13035,6000000,2140000
2017-12-13 13:32:38.471000,1.13038,1.13034,2620000,1390000
2017-12-13 13:32:38.999000,1.13038,1.13033,1950000,2510000
2017-12-13 13:32:39.350000,1.1304,1.13037,1200000,1000000
2017-12-13 13:32:39.402000,1.13042,1.13039,1650000,1000000
2017-12-13 13:32:39.455000,1.13044,1.13039,1120000,1690000
2017-12-13 13:32:39.713000,1.13045,1.13041,1000000,1000000
2017-12-13 13:32:40.053000,1.13042,1.1304,1000000,1010000
2017-12-13 13:32:40.208000,1.13043,1.13039,1000000,3260000
2017-12-13 13:32:40.261000,1.13042,1.13039,1000000,2510000
2017-12-13 13:32:40.697000,1.13039,1.13037,1000000,2440000
2017-12-13 13:32:40.751000,1.13039,1.13035,1500000,1390000
2017-12-13 13:32:40.807000,1.13036,1.13034,1000000,2140000
2017-12-13 13:32:40.861000,1.13037,1.13034,1000000,1310000
2017-12-13 13:32:40.966000,1.13035,1.13032,1000000,1560000
2017-12-13 13:32:41.069000,1.13037,1.13031,4870000,4390000
2017-12-13 13:32:41.570000,1.13037,1.13032,1000000,5060000
2017-12-13 13:32:42.120000,1.13038,1.13033,3070000,1760000
2017-12-13 13:32:42.224000,1.13038,1.13033,4200000,1700000
2017-12-13 13:32:42.276000,1.13036,1.13032,1870000,1500000
2017-12-13 13:32:42.330000,1.13032,1.13031,2250000,1000000
2017-12-13 13:32:42.490000,1.13028,1.13025,3450000,1250000
2017-12-13 13:32:42.646000,1.13029,1.13025,1000000,2810000
2017-12-13 13:32:42.958000,1.13029,1.13024,3820000,1120000
2017-12-13 13:32:43.119000,1.13022,1.13017,3750000,1200000
2017-12-13 13:32:43.173000,1.13021,1.13017,3450000,1000000
2017-12-13 13:32:43.350000,1.13009,1.13004,1870000,1850000
2017-12-13 13:32:43.459000,1.13008,1.13003,3070000,1500000
2017-12-13 13:32:43.521000,1.13007,1.13003,1500000,2440000
2017-12-13 13:32:43.611000,1.13006,1.13003,1200000,1000000
2017-12-13 13:32:43.665000,1.13007,1.13002,1570000,4690000
2017-12-13 13:32:43.856000,1.13003,1.12999,1120000,1870000
2017-12-13 13:32:43.983000,1.13001,1.12999,1000000,1500000
2017-12-13 13:32:44.250000,1.13003,1.13,1000000,1120000
2017-12-13 13:32:44.305000,1.13002,1.12998,1200000,4500000
2017-12-13 13:32:44.464000,1.12994,1.12989,3000000,1870000
2017-12-13 13:32:44.523000,1.12995,1.12991,4570000,1120000
2017-12-13 13:32:44.822000,1.13007,1.13003,2250000,1870000
2017-12-13 13:32:44.874000,1.1301,1.13009,1000000,1000000
2017-12-13 13:32:45.178000,1.13013,1.13012,1120000,1000000
2017-12-13 13:32:45.287000,1.1301,1.13007,2140000,1000000
2017-12-13 13:32:45.496000,1.13012,1.13011,1000000,1000000
2017-12-13 13:32:45.601000,1.13012,1.1301,2890000,1000000
2017-12-13 13:32:45.653000,1.13009,1.13008,1000000,1000000
2017-12-13 13:32:45.822000,1.13007,1.13001,2320000,3640000
2017-12-13 13:32:45.876000,1.13004,1.13001,1500000,1570000
2017-12-13 13:32:45.928000,1.13001,1.12999,1120000,1200000
2017-12-13 13:32:46.085000,1.12999,1.12995,1370000,1000000
2017-12-13 13:32:46.138000,1.12999,1.12997,1000000,1000000
2017-12-13 13:32:46.191000,1.13002,1.12998,3260000,1500000
2017-12-13 13:32:46.382000,1.13005,1.13001,2140000,1000000
2017-12-13 13:32:46.489000,1.13007,1.13001,4950000,3820000
2017-12-13 13:32:46.543000,1.13007,1.13003,4570000,1000000
2017-12-13 13:32:46.805000,1.13014,1.13008,3820000,4690000
2017-12-13 13:32:46.970000,1.13014,1.13012,1210000,1000000
2017-12-13 13:32:47.178000,1.13025,1.13023,1000000,1000000
2017-12-13 13:32:47.335000,1.13019,1.13014,1000000,3820000
2017-12-13 13:32:47.388000,1.13019,1.13016,1000000,1070000
2017-12-13 13:32:47.738000,1.13022,1.1302,1000000,1000000
2017-12-13 13:32:48.086000,1.13027,1.13024,1650000,1000000
2017-12-13 13:32:48.191000,1.13027,1.13024,1200000,1000000
2017-12-13 13:32:48.295000,1.13027,1.13025,1200000,1000000
2017-12-13 13:32:49.001000,1.13028,1.13026,1100000,1000000
2017-12-13 13:32:49.105000,1.13028,1.13024,1500000,1100000
2017-12-13 13:32:49.362000,1.13026,1.13022,1000000,8320000
2017-12-13 13:32:49.877000,1.13027,1.13022,1150000,2700000
2017-12-13 13:32:50.212000,1.13032,1.13029,1200000,1870000
2017-12-13 13:32:50.267000,1.13033,1.13029,1720000,2620000
2017-12-13 13:32:50.321000,1.13031,1.13029,2250000,1500000
2017-12-13 13:32:50.424000,1.13033,1.13028,1720000,4950000
2017-12-13 13:32:50.844000,1.1303,1.13028,1000000,2700000
2017-12-13 13:32:50.897000,1.13027,1.13023,1000000,2700000
2017-12-13 13:32:51.001000,1.13027,1.13023,1120000,1200000
2017-12-13 13:32:51.206000,1.13025,1.13022,1000000,2560000
2017-12-13 13:32:51.416000,1.13028,1.13025,1000000,1310000
2017-12-13 13:32:51.588000,1.13028,1.13023,2440000,1200000
2017-12-13 13:32:51.743000,1.13027,1.13025,3560000,1000000
2017-12-13 13:32:52.327000,1.13028,1.13025,1000000,1610000
2017-12-13 13:32:52.379000,1.13027,1.13022,1000000,2890000
2017-12-13 13:32:52.534000,1.13028,1.13025,3000000,1000000
2017-12-13 13:32:52.586000,1.13028,1.13023,4500000,2890000
2017-12-13 13:32:53.093000,1.13026,1.13021,1000000,2700000
2017-12-13 13:32:53.355000,1.13027,1.13025,1300000,1500000
2017-12-13 13:32:53.408000,1.13029,1.13025,1000000,2290000
2017-12-13 13:32:53.929000,1.1303,1.13026,1120000,1240000
2017-12-13 13:32:53.982000,1.13028,1.13026,1000000,1150000
2017-12-13 13:32:54.140000,1.13025,1.13021,1000000,1950000
2017-12-13 13:32:54.514000,1.13028,1.13023,5890000,1500000
2017-12-13 13:32:54.619000,1.13026,1.13021,1120000,2890000
2017-12-13 13:32:54.981000,1.13024,1.13021,1000000,1200000
2017-12-13 13:32:55.368000,1.13022,1.1302,1500000,1000000
2017-12-13 13:32:55.420000,1.1302,1.13016,1000000,2140000
2017-12-13 13:32:55.527000,1.13019,1.13015,1000000,2320000
2017-12-13 13:32:55.788000,1.13017,1.13013,1000000,3110000
2017-12-13 13:32:56.119000,1.13011,1.13008,1000000,1560000
2017-12-13 13:32:56.274000,1.13014,1.1301,2810000,5320000
2017-12-13 13:32:56.590000,1.13013,1.13009,1000000,1500000
2017-12-13 13:32:56.746000,1.13015,1.13013,2510000,1000000
2017-12-13 13:32:56.800000,1.13019,1.13015,2060000,1200000
2017-12-13 13:32:56.854000,1.13019,1.13015,2250000,1100000
2017-12-13 13:32:57.096000,1.13018,1.13013,3940000,3110000
2017-12-13 13:32:57.613000,1.13018,1.13014,1500000,1100000
2017-12-13 13:32:57.961000,1.13017,1.13015,2500000,1000000
2017-12-13 13:32:58.219000,1.13019,1.13014,2020000,1310000
2017-12-13 13:32:58.552000,1.13021,1.13018,4120000,1200000
2017-12-13 13:32:58.760000,1.13018,1.13014,1000000,2140000
2017-12-13 13:32:59.017000,1.13015,1.13013,1000000,3820000
2017-12-13 13:32:59.196000,1.13014,1.13011,4540000,1570000
2017-12-13 13:32:59.356000,1.13017,1.13013,3940000,1000000
2017-12-13 13:32:59.846000,1.13019,1.13014,3370000,1950000
2017-12-13 13:33:00.163000,1.13023,1.1302,1000000,1100000
2017-12-13 13:33:00.372000,1.1302,1.13015,1120000,3640000
2017-12-13 13:33:00.519000,1.1302,1.13015,2700000,2060000
2017-12-13 13:33:00.779000,1.13018,1.13015,1100000,1500000
2017-12-13 13:33:00.886000,1.13016,1.13013,1100000,1370000
2017-12-13 13:33:01.169000,1.13011,1.13007,2250000,1690000
2017-12-13 13:33:01.538000,1.13011,1.13009,1500000,1000000
2017-12-13 13:33:02.042000,1.13012,1.1301,3000000,1000000
2017-12-13 13:33:02.353000,1.1301,1.13007,3640000,1450000
2017-12-13 13:33:02.500000,1.13009,1.13006,1750000,1100000
2017-12-13 13:33:02.606000,1.13001,1.12998,1000000,2620000
2017-12-13 13:33:02.764000,1.13003,1.13,2250000,1690000
2017-12-13 13:33:02.977000,1.13005,1.13002,1870000,1000000
2017-12-13 13:33:03.082000,1.13006,1.13004,2620000,1000000
2017-12-13 13:33:03.288000,1.13006,1.13002,3000000,1000000
2017-12-13 13:33:03.480000,1.13007,1.13005,1000000,1000000
2017-12-13 13:33:03.638000,1.13006,1.13003,1120000,1200000
2017-12-13 13:33:04.184000,1.13005,1.13001,1000000,1950000
2017-12-13 13:33:04.392000,1.13006,1.13003,2440000,1720000
2017-12-13 13:33:04.719000,1.1301,1.13007,2440000,1000000
2017-12-13 13:33:04.774000,1.13009,1.13004,8790000,1250000
2017-12-13 13:33:04.982000,1.13009,1.13006,2140000,1000000
2017-12-13 13:33:05.087000,1.1301,1.13006,1570000,1200000
2017-12-13 13:33:05.528000,1.13011,1.13007,3000000,1950000
2017-12-13 13:33:06.046000,1.13011,1.13008,1120000,1120000
2017-12-13 13:33:06.495000,1.13012,1.1301,1570000,1000000
2017-12-13 13:33:06.547000,1.13011,1.13009,1120000,1870000
2017-12-13 13:33:06.599000,1.13012,1.1301,1500000,1000000
2017-12-13 13:33:06.959000,1.13014,1.13012,1500000,3000000
2017-12-13 13:33:07.573000,1.13013,1.13011,1870000,2250000
2017-12-13 13:33:07.732000,1.13007,1.13006,2250000,1000000
2017-12-13 13:33:08.247000,1.13007,1.13005,2550000,1200000
2017-12-13 13:33:08.691000,1.13008,1.13007,1000000,1000000
2017-12-13 13:33:08.745000,1.13008,1.13006,1000000,1200000
2017-12-13 13:33:08.902000,1.13006,1.13003,1000000,1760000
2017-12-13 13:33:09.344000,1.13002,1.13001,2250000,1120000
2017-12-13 13:33:09.452000,1.13001,1.12997,1000000,2510000
2017-12-13 13:33:10.002000,1.13001,1.12997,1500000,1390000
2017-12-13 13:33:10.261000,1.13,1.12996,1500000,4950000
2017-12-13 13:33:10.520000,1.12997,1.12994,1500000,2510000
2017-12-13 13:33:10.892000,1.12995,1.12993,1000000,2250000
2017-12-13 13:33:10.944000,1.12995,1.12992,1120000,1200000
2017-12-13 13:33:11.049000,1.12992,1.1299,1500000,3070000
2017-12-13 13:33:11.164000,1.12989,1.12985,1200000,2250000
2017-12-13 13:33:11.355000,1.12987,1.12982,1200000,7310000
2017-12-13 13:33:11.672000,1.12981,1.12979,1000000,2250000
2017-12-13 13:33:11.822000,1.12985,1.1298,4370000,1120000
2017-12-13 13:33:11.934000,1.12987,1.12983,1500000,1000000
2017-12-13 13:33:12.091000,1.12983,1.1298,1500000,3820000
2017-12-13 13:33:12.145000,1.12987,1.12983,1570000,1500000
2017-12-13 13:33:12.540000,1.12988,1.12984,1200000,1000000
2017-12-13 13:33:12.619000,1.12972,1.12968,1000000,1500000
2017-12-13 13:33:12.960000,1.12976,1.12974,1950000,1000000
2017-12-13 13:33:13.118000,1.12975,1.12972,1500000,1760000
2017-12-13 13:33:13.226000,1.12977,1.12974,2620000,2320000
2017-12-13 13:33:13.305000,1.12978,1.12977,1500000,1000000
2017-12-13 13:33:13.445000,1.1298,1.12977,2320000,1000000
2017-12-13 13:33:13.624000,1.12982,1.12979,1950000,1000000
2017-12-13 13:33:13.979000,1.12986,1.12984,1500000,1000000
2017-12-13 13:33:14.302000,1.12989,1.12987,1570000,1000000
2017-12-13 13:33:14.461000,1.1299,1.12988,3750000,1000000
2017-12-13 13:33:14.514000,1.12991,1.1299,3750000,1000000
2017-12-13 13:33:14.567000,1.12993,1.12991,1870000,1000000
2017-12-13 13:33:15.113000,1.12994,1.12992,1870000,1000000
2017-12-13 13:33:15.545000,1.12993,1.12989,3410000,1450000
2017-12-13 13:33:15.701000,1.12986,1.12984,1880000,1500000
2017-12-13 13:33:15.805000,1.12989,1.12986,1500000,3370000
2017-12-13 13:33:16.070000,1.12993,1.12991,1120000,1000000
2017-12-13 13:33:16.124000,1.1299,1.12989,1000000,1000000
2017-12-13 13:33:16.332000,1.12992,1.12989,1870000,1000000
2017-12-13 13:33:16.386000,1.12992,1.1299,1870000,1000000
2017-12-13 13:33:16.760000,1.12991,1.12988,2660000,1120000
2017-12-13 13:33:17.019000,1.12991,1.12989,1500000,1000000
2017-12-13 13:33:17.492000,1.12993,1.12992,1000000,1000000
2017-12-13 13:33:17.827000,1.12988,1.12987,2620000,1120000
2017-12-13 13:33:17.936000,1.12994,1.12989,4950000,2810000
2017-12-13 13:33:18.437000,1.12995,1.12992,1250000,1120000
2017-12-13 13:33:18.491000,1.12997,1.12994,1120000,2810000
2017-12-13 13:33:18.801000,1.12998,1.12996,1000000,2320000
2017-12-13 13:33:18.853000,1.13,1.12996,1500000,2510000
2017-12-13 13:33:19.358000,1.13002,1.12999,2020000,1100000
2017-12-13 13:33:20.276000,1.13002,1.13,1870000,1200000
2017-12-13 13:33:20.384000,1.13004,1.13001,1120000,4870000
2017-12-13 13:33:20.529000,1.13007,1.13003,1310000,2700000
2017-12-13 13:33:20.634000,1.13003,1.13002,2250000,1250000
2017-12-13 13:33:20.878000,1.13,1.12998,1120000,1120000
2017-12-13 13:33:21.423000,1.13002,1.12999,1270000,1120000
2017-12-13 13:33:21.940000,1.13,1.12998,1000000,1370000
2017-12-13 13:33:21.992000,1.13002,1.12998,1870000,1370000
2017-12-13 13:33:22.481000,1.13003,1.13,3370000,1000000
2017-12-13 13:33:22.586000,1.13006,1.13002,3450000,2060000
2017-12-13 13:33:22.692000,1.13008,1.13004,3070000,1000000
2017-12-13 13:33:23.005000,1.1301,1.13007,2250000,1000000
2017-12-13 13:33:23.205000,1.13014,1.13011,1120000,1000000
2017-12-13 13:33:23.412000,1.13012,1.13008,1000000,2890000
2017-12-13 13:33:23.620000,1.13013,1.13009,1120000,1950000
2017-12-13 13:33:23.925000,1.13012,1.13009,1870000,1200000
2017-12-13 13:33:24.029000,1.13013,1.13009,4870000,1500000
2017-12-13 13:33:24.184000,1.13011,1.13008,1120000,1700000
2017-12-13 13:33:24.341000,1.1301,1.13006,1000000,1950000
2017-12-13 13:33:24.533000,1.13011,1.13007,1120000,2320000
2017-12-13 13:33:25.122000,1.1301,1.13007,1000000,2320000
2017-12-13 13:33:25.437000,1.13019,1.13014,3450000,3190000
2017-12-13 13:33:25.490000,1.13018,1.13014,1910000,1870000
2017-12-13 13:33:25.695000,1.13015,1.13012,1000000,1100000
2017-12-13 13:33:25.851000,1.13012,1.1301,1000000,1500000
2017-12-13 13:33:26.061000,1.1301,1.13007,1160000,1010000
2017-12-13 13:33:26.409000,1.13008,1.13006,5250000,1290000
2017-12-13 13:33:26.462000,1.13007,1.13004,1000000,1290000
2017-12-13 13:33:26.567000,1.13004,1.13002,1000000,1650000
2017-12-13 13:33:26.620000,1.13003,1.13,1000000,1870000
2017-12-13 13:33:26.846000,1.13001,1.12999,3000000,1000000
2017-12-13 13:33:26.958000,1.12997,1.12993,1540000,1500000
2017-12-13 13:33:27.061000,1.12999,1.12996,5250000,1000000
2017-12-13 13:33:27.394000,1.13002,1.12998,3820000,1000000
2017-12-13 13:33:27.943000,1.13002,1.12997,4950000,1690000
2017-12-13 13:33:28.446000,1.13002,1.12998,1950000,1000000
2017-12-13 13:33:28.760000,1.12997,1.12992,4160000,1760000
2017-12-13 13:33:28.813000,1.12996,1.12992,1120000,1250000
2017-12-13 13:33:29.088000,1.12997,1.12995,1500000,1190000
2017-12-13 13:33:29.141000,1.12999,1.12995,1950000,1190000
2017-12-13 13:33:29.300000,1.13001,1.12997,3450000,1190000
2017-12-13 13:33:29.651000,1.12992,1.12988,3370000,1250000
2017-12-13 13:33:29.704000,1.1299,1.12988,1120000,1000000
2017-12-13 13:33:30.073000,1.12992,1.12989,1100000,1000000
2017-12-13 13:33:30.132000,1.12993,1.12991,1100000,1120000
2017-12-13 13:33:30.272000,1.12999,1.12995,6070000,1120000
2017-12-13 13:33:30.326000,1.12997,1.12994,1610000,1870000
2017-12-13 13:33:30.431000,1.13,1.12996,3150000,1310000
2017-12-13 13:33:30.794000,1.13001,1.12998,3070000,1000000
2017-12-13 13:33:31.323000,1.13002,1.12997,2400000,3190000
2017-12-13 13:33:31.525000,1.13005,1.13,2700000,2440000
2017-12-13 13:33:31.886000,1.13002,1.13,1000000,1120000
2017-12-13 13:33:32.043000,1.13005,1.13,4950000,1870000
2017-12-13 13:33:32.196000,1.13001,1.12997,6070000,1000000
2017-12-13 13:33:32.626000,1.13001,1.12998,1870000,1620000
2017-12-13 13:33:33.891000,1.12996,1.12993,1000000,1120000
2017-12-13 13:33:34.105000,1.12998,1.12994,1100000,2060000
2017-12-13 13:33:34.352000,1.13002,1.12997,3300000,1870000
2017-12-13 13:33:34.404000,1.12999,1.12996,1000000,3560000
2017-12-13 13:33:34.562000,1.12996,1.12992,1000000,1690000
2017-12-13 13:33:35.064000,1.12995,1.12992,3000000,1620000
2017-12-13 13:33:35.582000,1.12994,1.1299,1350000,1660000
2017-12-13 13:33:36.100000,1.12995,1.1299,1720000,4010000
2017-12-13 13:33:36.900000,1.12996,1.12993,1050000,1120000
2017-12-13 13:33:36.952000,1.12997,1.12993,1240000,1690000
2017-12-13 13:33:37.004000,1.12999,1.12994,8320000,1500000
2017-12-13 13:33:37.479000,1.12999,1.12997,1500000,1500000
2017-12-13 13:33:37.583000,1.13002,1.12998,2320000,1120000
2017-12-13 13:33:37.984000,1.13001,1.12998,1000000,2140000
2017-12-13 13:33:38.088000,1.13,1.12997,1000000,7010000
2017-12-13 13:33:38.500000,1.13002,1.12999,1000000,1000000
2017-12-13 13:33:38.554000,1.13003,1.12999,1000000,5060000
2017-12-13 13:33:38.989000,1.13001,1.13,1000000,2440000
2017-12-13 13:33:39.196000,1.13004,1.13,1000000,9000000
2017-12-13 13:33:39.412000,1.13005,1.13003,1000000,1120000
2017-12-13 13:33:39.519000,1.1301,1.13008,1100000,1000000
2017-12-13 13:33:39.623000,1.13013,1.13009,1000000,1120000
2017-12-13 13:33:39.830000,1.13015,1.13011,2550000,1120000
2017-12-13 13:33:40.176000,1.13019,1.13016,1000000,1000000
2017-12-13 13:33:40.740000,1.1302,1.13015,3670000,2060000
2017-12-13 13:33:41.049000,1.13018,1.13014,1120000,2810000
2017-12-13 13:33:41.252000,1.1302,1.13016,1120000,1870000
2017-12-13 13:33:41.663000,1.13024,1.13021,4690000,1000000
2017-12-13 13:33:41.819000,1.13024,1.13022,1000000,1000000
2017-12-13 13:33:41.982000,1.13023,1.13019,2620000,2890000
2017-12-13 13:33:42.039000,1.13028,1.13025,1870000,1500000
2017-12-13 13:33:42.355000,1.13027,1.13022,2620000,2140000
2017-12-13 13:33:42.554000,1.1303,1.13026,1870000,1570000
2017-12-13 13:33:42.882000,1.13035,1.13032,1500000,3820000
2017-12-13 13:33:43.017000,1.13039,1.13034,1170000,1690000
2017-12-13 13:33:43.534000,1.13037,1.13034,1500000,2890000
2017-12-13 13:33:43.899000,1.13031,1.1303,1000000,1310000
2017-12-13 13:33:44.003000,1.13032,1.13028,1000000,1100000
2017-12-13 13:33:44.109000,1.13033,1.13028,1870000,7200000
2017-12-13 13:33:44.257000,1.13035,1.13031,1000000,1100000
2017-12-13 13:33:44.570000,1.13035,1.13033,1000000,1000000
2017-12-13 13:33:44.623000,1.13037,1.13033,2250000,1000000
2017-12-13 13:33:45.135000,1.13037,1.13033,1000000,1090000
2017-12-13 13:33:45.346000,1.13039,1.13038,1950000,1000000
2017-12-13 13:33:45.550000,1.13039,1.13035,1120000,1310000
2017-12-13 13:33:45.964000,1.13037,1.13033,1870000,1010000
2017-12-13 13:33:46.474000,1.13036,1.13033,1000000,1000000
2017-12-13 13:33:47.127000,1.13032,1.13029,1000000,2250000
2017-12-13 13:33:47.438000,1.13034,1.1303,1760000,1000000
2017-12-13 13:33:47.544000,1.13036,1.13032,2510000,3190000
2017-12-13 13:33:47.725000,1.13038,1.13033,4390000,1000000
2017-12-13 13:33:47.833000,1.13034,1.13031,3370000,1120000
2017-12-13 13:33:48.350000,1.13034,1.1303,2810000,1000000
2017-12-13 13:33:48.689000,1.13036,1.13032,3070000,1120000
2017-12-13 13:33:49.204000,1.13036,1.13031,1570000,1120000
2017-12-13 13:33:49.553000,1.13033,1.13029,1000000,1000000
2017-12-13 13:33:50.073000,1.13034,1.1303,6260000,1000000
2017-12-13 13:33:50.411000,1.13045,1.1304,1840000,1000000
2017-12-13 13:33:50.840000,1.13041,1.1304,1000000,1000000
2017-12-13 13:33:50.892000,1.13044,1.1304,1950000,1000000
2017-12-13 13:33:51.255000,1.13042,1.13041,1160000,1120000
2017-12-13 13:33:51.357000,1.13041,1.13039,1000000,1500000
2017-12-13 13:33:51.419000,1.13044,1.1304,3070000,1000000
2017-12-13 13:33:51.626000,1.13044,1.1304,1000000,2440000
2017-12-13 13:33:52.428000,1.13047,1.13045,2620000,1370000
2017-12-13 13:33:52.480000,1.13051,1.13048,3070000,1120000
2017-12-13 13:33:52.532000,1.13051,1.13047,1200000,2810000
2017-12-13 13:33:52.584000,1.1305,1.13046,1000000,8810000
2017-12-13 13:33:52.687000,1.13052,1.13047,1100000,1310000
2017-12-13 13:33:53.042000,1.13049,1.13047,4570000,2250000
2017-12-13 13:33:53.096000,1.13046,1.13044,1000000,1560000
2017-12-13 13:33:53.151000,1.13049,1.13045,1000000,3940000
2017-12-13 13:33:53.204000,1.13051,1.13048,1070000,1120000
2017-12-13 13:33:53.309000,1.13053,1.13048,3070000,3190000
2017-12-13 13:33:53.637000,1.13049,1.13047,1870000,3260000
2017-12-13 13:33:53.690000,1.13047,1.13044,1500000,2510000
2017-12-13 13:33:53.846000,1.13051,1.13047,1010000,1870000
2017-12-13 13:33:54.380000,1.13052,1.13048,1200000,4310000
2017-12-13 13:33:54.948000,1.13051,1.13047,1500000,2510000
2017-12-13 13:33:55.241000,1.13053,1.13049,1320000,4120000
2017-12-13 13:33:55.293000,1.13051,1.13048,1000000,2250000
2017-12-13 13:33:55.859000,1.13052,1.13048,1050000,2440000
2017-12-13 13:33:56.371000,1.13051,1.13048,1120000,3560000
2017-12-13 13:33:58.228000,1.13049,1.13048,1250000,2250000
2017-12-13 13:33:58.280000,1.13047,1.13043,1500000,1660000
2017-12-13 13:33:58.388000,1.13044,1.13042,1000000,1570000
2017-12-13 13:33:58.597000,1.13038,1.13035,1120000,1000000
2017-12-13 13:33:59.106000,1.13038,1.13034,1570000,1120000
2017-12-13 13:33:59.517000,1.13034,1.13031,1000000,3820000
2017-12-13 13:33:59.832000,1.13033,1.13029,3070000,1120000
2017-12-13 13:34:00.212000,1.13019,1.13018,1000000,6370000
2017-12-13 13:34:00.268000,1.13019,1.13015,2400000,2440000
2017-12-13 13:34:00.326000,1.1302,1.13015,7570000,1870000
2017-12-13 13:34:00.538000,1.13014,1.13011,2320000,1000000
2017-12-13 13:34:00.706000,1.13014,1.13009,3750000,3640000
2017-12-13 13:34:00.759000,1.13014,1.13011,1370000,1000000
2017-12-13 13:34:01.228000,1.13012,1.13008,1500000,3560000
2017-12-13 13:34:01.565000,1.1301,1.13007,1470000,1000000
2017-12-13 13:34:02.693000,1.13011,1.13006,1950000,2440000
2017-12-13 13:34:03.242000,1.13011,1.13007,1470000,1120000
2017-12-13 13:34:03.503000,1.13016,1.13012,1760000,1870000
2017-12-13 13:34:03.556000,1.13017,1.13012,2510000,2620000
2017-12-13 13:34:04.284000,1.13017,1.13012,2140000,2620000
2017-12-13 13:34:04.798000,1.13017,1.13013,1620000,1120000
2017-12-13 13:34:04.852000,1.13014,1.13011,1000000,1250000
2017-12-13 13:34:05.433000,1.13017,1.13013,2510000,1000000
2017-12-13 13:34:05.487000,1.13017,1.13013,1250000,1000000
2017-12-13 13:34:06.026000,1.13018,1.13013,3190000,2700000
2017-12-13 13:34:06.392000,1.1302,1.13016,5890000,2320000
2017-12-13 13:34:06.705000,1.13022,1.13018,1000000,1500000
2017-12-13 13:34:07.054000,1.13021,1.13016,3000000,2890000
2017-12-13 13:34:07.569000,1.1302,1.13016,2250000,1100000
2017-12-13 13:34:08.108000,1.13021,1.13017,2060000,1500000
2017-12-13 13:34:09.718000,1.13021,1.13018,1250000,3000000
2017-12-13 13:34:09.812000,1.13021,1.1302,1000000,1500000
2017-12-13 13:34:09.866000,1.13025,1.13021,3000000,2250000
2017-12-13 13:34:10.385000,1.13025,1.13022,1000000,1000000
2017-12-13 13:34:10.925000,1.13026,1.13022,3640000,1000000
2017-12-13 13:34:11.563000,1.13027,1.13024,1070000,1500000
2017-12-13 13:34:11.615000,1.13028,1.13025,1120000,1870000
2017-12-13 13:34:11.719000,1.1303,1.13026,1390000,1870000
2017-12-13 13:34:11.776000,1.13029,1.13025,1570000,1870000
2017-12-13 13:34:11.829000,1.13028,1.13024,1550000,6000000
2017-12-13 13:34:11.881000,1.13028,1.13024,1200000,3000000
2017-12-13 13:34:12.559000,1.13029,1.13025,4500000,1000000
2017-12-13 13:34:12.883000,1.1303,1.13025,4760000,4870000
2017-12-13 13:34:12.936000,1.13033,1.1303,2620000,1000000
2017-12-13 13:34:13.620000,1.13036,1.13033,1500000,4120000
2017-12-13 13:34:13.782000,1.1304,1.13037,2250000,1570000
2017-12-13 13:34:13.834000,1.1304,1.13039,1870000,1000000
2017-12-13 13:34:14.044000,1.13044,1.13042,1120000,1200000
2017-12-13 13:34:14.242000,1.13041,1.13039,1000000,1760000
2017-12-13 13:34:14.761000,1.13042,1.13039,3000000,1450000
2017-12-13 13:34:15.133000,1.1304,1.13038,1000000,2250000
2017-12-13 13:34:15.633000,1.13039,1.13036,3750000,2140000
2017-12-13 13:34:15.687000,1.13037,1.13036,1870000,1000000
2017-12-13 13:34:15.845000,1.13034,1.13032,1500000,1000000
2017-12-13 13:34:16.005000,1.13036,1.13033,1870000,1310000
2017-12-13 13:34:16.057000,1.13037,1.13035,2620000,1000000
2017-12-13 13:34:16.623000,1.13037,1.13035,1120000,1000000
2017-12-13 13:34:16.729000,1.13036,1.13033,1500000,1470000
2017-12-13 13:34:16.781000,1.13035,1.13032,3000000,5620000
2017-12-13 13:34:16.972000,1.13034,1.13032,3750000,1000000
2017-12-13 13:34:17.130000,1.13038,1.13036,1120000,1000000
2017-12-13 13:34:17.234000,1.13035,1.13033,1870000,1100000
2017-12-13 13:34:17.547000,1.13015,1.13012,1120000,2320000
2017-12-13 13:34:17.965000,1.13017,1.13016,3410000,1120000
2017-12-13 13:34:18.053000,1.13021,1.13016,3070000,1500000
2017-12-13 13:34:18.108000,1.13021,1.13019,3750000,1000000
2017-12-13 13:34:18.655000,1.13019,1.13018,1500000,1000000
2017-12-13 13:34:19.122000,1.13022,1.13021,1000000,1000000
2017-12-13 13:34:19.175000,1.13023,1.13021,3370000,1000000
2017-12-13 13:34:19.514000,1.13027,1.13025,3450000,1000000
2017-12-13 13:34:20.011000,1.13029,1.13027,2320000,1000000
2017-12-13 13:34:20.222000,1.13027,1.13025,3370000,1000000
2017-12-13 13:34:20.738000,1.13027,1.13026,1000000,1000000
2017-12-13 13:34:20.947000,1.13031,1.13029,3370000,1000000
2017-12-13 13:34:21.051000,1.13029,1.13027,1120000,1120000
2017-12-13 13:34:21.154000,1.13027,1.13026,1000000,1000000
2017-12-13 13:34:21.258000,1.13031,1.13028,1500000,1000000
2017-12-13 13:34:21.465000,1.13033,1.13028,4200000,1370000
2017-12-13 13:34:21.624000,1.13035,1.13032,3070000,1000000
2017-12-13 13:34:21.677000,1.13036,1.13032,3070000,2620000
2017-12-13 13:34:22.122000,1.13039,1.13035,2320000,1000000
2017-12-13 13:34:22.537000,1.1304,1.13036,2700000,1430000
2017-12-13 13:34:23.048000,1.1304,1.13036,2620000,1540000
2017-12-13 13:34:23.600000,1.1304,1.13036,1120000,1500000
2017-12-13 13:34:23.916000,1.13042,1.1304,1000000,1390000
2017-12-13 13:34:24.055000,1.13045,1.13041,1500000,1310000
2017-12-13 13:34:25.164000,1.13047,1.13044,1000000,1870000
2017-12-13 13:34:25.320000,1.13047,1.13042,2620000,2140000
2017-12-13 13:34:25.373000,1.13042,1.13041,1000000,2810000
2017-12-13 13:34:25.560000,1.13041,1.13037,1500000,1000000
2017-12-13 13:34:25.766000,1.13041,1.13037,1270000,1000000
2017-12-13 13:34:25.972000,1.13039,1.13035,1000000,1010000
2017-12-13 13:34:26.519000,1.13039,1.13034,4650000,1190000
2017-12-13 13:34:26.625000,1.13034,1.13032,1000000,1500000
2017-12-13 13:34:26.872000,1.13038,1.13034,1100000,1120000
2017-12-13 13:34:27.235000,1.13036,1.13033,2250000,1190000
2017-12-13 13:34:27.339000,1.13033,1.13029,1000000,4010000
2017-12-13 13:34:27.871000,1.13034,1.1303,1070000,4010000
2017-12-13 13:34:28.026000,1.13034,1.13031,1500000,1390000
2017-12-13 13:34:28.405000,1.13037,1.13034,1000000,1570000
2017-12-13 13:34:28.666000,1.13034,1.13033,1000000,1000000
2017-12-13 13:34:28.882000,1.13033,1.1303,1000000,3260000
2017-12-13 13:34:29.449000,1.13034,1.1303,2250000,4760000
2017-12-13 13:34:29.967000,1.13034,1.1303,2250000,2810000
2017-12-13 13:34:30.505000,1.13034,1.13031,1500000,1250000
2017-12-13 13:34:30.558000,1.13035,1.13033,1000000,1000000
2017-12-13 13:34:30.611000,1.13037,1.13032,1200000,8060000
2017-12-13 13:34:30.769000,1.13036,1.13034,1000000,1690000
2017-12-13 13:34:30.873000,1.13038,1.13033,3370000,2510000
2017-12-13 13:34:31.001000,1.13036,1.13032,1500000,3260000
2017-12-13 13:34:31.054000,1.13034,1.13031,1870000,5250000
2017-12-13 13:34:31.313000,1.13032,1.13029,1000000,3640000
2017-12-13 13:34:31.418000,1.1303,1.13026,1000000,5140000
2017-12-13 13:34:31.706000,1.13032,1.13027,1870000,4390000
2017-12-13 13:34:31.814000,1.1303,1.13027,1000000,1390000
2017-12-13 13:34:32.333000,1.1303,1.13026,1000000,3640000
2017-12-13 13:34:32.644000,1.13031,1.13027,1000000,6260000
2017-12-13 13:34:32.801000,1.13029,1.13026,1500000,3940000
2017-12-13 13:34:32.912000,1.13029,1.13026,1000000,4760000
2017-12-13 13:34:33.274000,1.13028,1.13024,3000000,3070000
2017-12-13 13:34:33.663000,1.13027,1.13022,4160000,1570000
2017-12-13 13:34:34.480000,1.13025,1.13021,1000000,1100000
2017-12-13 13:34:34.636000,1.13022,1.13019,4570000,2620000
2017-12-13 13:34:34.740000,1.13021,1.13017,2620000,1000000
2017-12-13 13:34:35.280000,1.13021,1.13017,1350000,1000000
2017-12-13 13:34:35.831000,1.13021,1.13017,1720000,1370000
2017-12-13 13:34:36.118000,1.13017,1.13014,1500000,1570000
2017-12-13 13:34:36.172000,1.13014,1.13011,1870000,2620000
2017-12-13 13:34:36.328000,1.13013,1.13009,2620000,1010000
2017-12-13 13:34:36.483000,1.13011,1.13008,1500000,1000000
2017-12-13 13:34:37.006000,1.13011,1.13007,1250000,1000000
2017-12-13 13:34:37.338000,1.12996,1.12993,2630000,2250000
2017-12-13 13:34:37.494000,1.13,1.12996,1000000,3000000
2017-12-13 13:34:37.828000,1.12999,1.12995,1950000,1000000
2017-12-13 13:34:37.984000,1.13,1.12997,1100000,1000000
2017-12-13 13:34:38.292000,1.12992,1.1299,1000000,4120000
2017-12-13 13:34:38.347000,1.12994,1.12992,1250000,1200000
2017-12-13 13:34:38.455000,1.12996,1.12992,1500000,4570000
2017-12-13 13:34:38.559000,1.12999,1.12995,4500000,1000000
2017-12-13 13:34:38.613000,1.12997,1.12994,3000000,1200000
2017-12-13 13:34:38.942000,1.12994,1.12991,1000000,1200000
2017-12-13 13:34:39.387000,1.1299,1.12988,1500000,1760000
2017-12-13 13:34:39.800000,1.1299,1.12987,2250000,1120000
2017-12-13 13:34:39.852000,1.12988,1.12984,1000000,3560000
2017-12-13 13:34:39.905000,1.12988,1.12985,1000000,1200000
2017-12-13 13:34:40.144000,1.12995,1.12991,1200000,1870000
2017-12-13 13:34:40.196000,1.12997,1.12992,4570000,2620000
2017-12-13 13:34:40.249000,1.12997,1.12994,1100000,1690000
2017-12-13 13:34:40.302000,1.12999,1.12995,1200000,1120000
2017-12-13 13:34:40.555000,1.12998,1.12993,6820000,1500000
2017-12-13 13:34:40.867000,1.12998,1.12995,1500000,1000000
2017-12-13 13:34:40.971000,1.13,1.12996,1200000,1120000
2017-12-13 13:34:41.210000,1.13001,1.12998,1870000,1000000
2017-12-13 13:34:41.527000,1.13008,1.13006,1000000,1500000
2017-12-13 13:34:41.685000,1.13011,1.13006,5060000,1570000
2017-12-13 13:34:41.738000,1.13013,1.13008,2810000,4570000
2017-12-13 13:34:41.896000,1.13014,1.1301,3750000,1200000
2017-12-13 13:34:42.056000,1.13014,1.13011,1190000,2700000
2017-12-13 13:34:42.389000,1.13019,1.13016,1190000,3070000
2017-12-13 13:34:42.498000,1.13016,1.13014,1000000,1000000
2017-12-13 13:34:42.934000,1.13015,1.13011,5250000,3000000
2017-12-13 13:34:43.466000,1.13016,1.13012,2320000,1500000
2017-12-13 13:34:43.523000,1.13018,1.13014,2550000,1000000
2017-12-13 13:34:43.734000,1.13019,1.13015,2510000,2250000
2017-12-13 13:34:43.941000,1.13016,1.13014,1000000,1690000
2017-12-13 13:34:44.192000,1.13012,1.13009,1120000,1000000
2017-12-13 13:34:44.296000,1.1301,1.13009,1160000,1120000
2017-12-13 13:34:44.609000,1.13014,1.1301,3070000,1370000
2017-12-13 13:34:45.234000,1.13012,1.1301,1000000,1370000
2017-12-13 13:34:45.589000,1.13015,1.13012,3000000,3450000
2017-12-13 13:34:46.101000,1.13015,1.13012,3000000,3070000
2017-12-13 13:34:46.677000,1.13016,1.13014,1500000,1120000
2017-12-13 13:34:46.782000,1.13018,1.13016,1500000,1500000
2017-12-13 13:34:47.164000,1.13016,1.13012,1500000,3940000
2017-12-13 13:34:47.600000,1.13017,1.13014,1910000,1500000
2017-12-13 13:34:47.653000,1.13021,1.13017,2250000,2890000
2017-12-13 13:34:47.757000,1.13019,1.13016,1000000,4010000
2017-12-13 13:34:47.861000,1.13015,1.13012,1000000,1190000
2017-12-13 13:34:47.967000,1.13014,1.13011,1000000,1310000
2017-12-13 13:34:48.241000,1.13015,1.13014,1500000,1250000
2017-12-13 13:34:48.399000,1.13017,1.13014,1000000,2510000
2017-12-13 13:34:48.708000,1.13019,1.13016,1500000,1250000
2017-12-13 13:34:48.888000,1.13019,1.13016,1000000,2140000
2017-12-13 13:34:49.425000,1.13018,1.13015,1000000,1760000
2017-12-13 13:34:49.804000,1.13019,1.13015,1500000,2140000
2017-12-13 13:34:50.350000,1.13018,1.13016,1000000,1200000
2017-12-13 13:34:50.454000,1.13015,1.13013,1000000,3830000
2017-12-13 13:34:50.765000,1.13013,1.1301,1500000,2890000
2017-12-13 13:34:51.093000,1.13011,1.1301,1000000,1000000
2017-12-13 13:34:51.453000,1.13013,1.1301,1500000,1000000
2017-12-13 13:34:51.998000,1.13013,1.13009,1500000,1250000
2017-12-13 13:34:52.416000,1.13015,1.1301,2320000,5810000
2017-12-13 13:34:52.921000,1.13015,1.1301,2250000,6260000
2017-12-13 13:34:53.449000,1.13014,1.1301,1500000,1310000
2017-12-13 13:34:53.778000,1.13015,1.13014,8700000,1000000
2017-12-13 13:34:53.882000,1.13014,1.13011,1000000,1460000
2017-12-13 13:34:54.406000,1.13013,1.13009,2250000,1400000
2017-12-13 13:34:54.511000,1.13009,1.13008,1000000,1250000
2017-12-13 13:34:54.870000,1.13011,1.13009,1000000,1250000
2017-12-13 13:34:54.924000,1.13013,1.1301,2320000,1000000
2017-12-13 13:34:55.444000,1.13014,1.13009,4950000,2060000
2017-12-13 13:34:55.679000,1.13013,1.13008,2250000,5140000
2017-12-13 13:34:56.194000,1.1301,1.13006,4120000,1290000
2017-12-13 13:34:56.531000,1.13009,1.13005,1070000,1390000
2017-12-13 13:34:56.635000,1.1301,1.13006,3820000,1760000
2017-12-13 13:34:57.266000,1.13009,1.13005,2250000,1390000
2017-12-13 13:34:57.370000,1.13009,1.13005,1750000,1390000
2017-12-13 13:34:57.474000,1.13007,1.13003,2620000,1390000
2017-12-13 13:34:57.995000,1.13007,1.13003,1100000,2060000
2017-12-13 13:34:58.589000,1.13007,1.13003,1200000,1310000
2017-12-13 13:34:58.798000,1.13005,1.13003,1120000,1250000
2017-12-13 13:34:58.852000,1.13004,1.12999,5320000,5890000
2017-12-13 13:34:58.958000,1.13002,1.12999,1500000,1870000
2017-12-13 13:34:59.333000,1.13,1.12996,1000000,2140000
2017-12-13 13:34:59.386000,1.13,1.12996,1000000,1010000
2017-12-13 13:34:59.490000,1.12997,1.12995,1500000,1500000
2017-12-13 13:34:59.542000,1.12995,1.12991,1120000,3640000
2017-12-13 13:35:00.098000,1.12996,1.12992,2400000,1000000
2017-12-13 13:35:00.151000,1.12997,1.12993,1000000,1500000
2017-12-13 13:35:00.413000,1.12994,1.12991,1120000,1250000
2017-12-13 13:35:00.715000,1.12993,1.12988,3820000,1190000
2017-12-13 13:35:00.974000,1.1299,1.12986,1000000,2510000
2017-12-13 13:35:01.222000,1.12989,1.12987,6000000,1870000
2017-12-13 13:35:01.378000,1.1299,1.12986,1500000,1000000
2017-12-13 13:35:01.483000,1.12992,1.12988,1390000,1120000
2017-12-13 13:35:01.716000,1.12998,1.12993,3750000,1760000
2017-12-13 13:35:01.925000,1.12997,1.12994,1000000,2810000
2017-12-13 13:35:01.977000,1.12999,1.12995,1870000,1190000
2017-12-13 13:35:02.518000,1.13,1.12996,1000000,1690000
2017-12-13 13:35:03.172000,1.13,1.12996,2620000,1390000
2017-12-13 13:35:03.330000,1.13003,1.13001,1050000,1000000
2017-12-13 13:35:03.388000,1.13004,1.13001,1870000,3560000
2017-12-13 13:35:03.548000,1.13006,1.13004,1500000,1000000
2017-12-13 13:35:03.709000,1.13008,1.13004,1870000,2700000
2017-12-13 13:35:03.761000,1.13008,1.13006,1250000,1120000
2017-12-13 13:35:04.173000,1.1301,1.13007,1050000,1690000
2017-12-13 13:35:04.677000,1.13012,1.13009,1000000,2510000
2017-12-13 13:35:04.987000,1.13016,1.13014,5620000,1190000
2017-12-13 13:35:05.042000,1.13021,1.13017,1200000,1120000
2017-12-13 13:35:05.306000,1.13021,1.13019,1000000,1120000
2017-12-13 13:35:05.539000,1.13024,1.13021,1120000,1120000
2017-12-13 13:35:05.694000,1.13026,1.13022,1920000,2320000
2017-12-13 13:35:06.007000,1.13028,1.13025,2620000,3000000
2017-12-13 13:35:06.061000,1.13033,1.13029,2050000,1870000
2017-12-13 13:35:06.196000,1.13033,1.1303,1250000,1000000
2017-12-13 13:35:06.408000,1.13034,1.13031,2620000,1370000
2017-12-13 13:35:06.615000,1.13034,1.1303,1870000,1250000
2017-12-13 13:35:07.118000,1.13034,1.13031,3000000,1690000
2017-12-13 13:35:07.170000,1.13038,1.13034,2700000,1310000
2017-12-13 13:35:07.274000,1.1304,1.13036,1570000,1120000
2017-12-13 13:35:07.379000,1.13034,1.13033,1000000,4690000
2017-12-13 13:35:07.560000,1.13034,1.13032,1500000,1000000
2017-12-13 13:35:07.821000,1.13034,1.1303,4500000,1010000
2017-12-13 13:35:07.929000,1.13029,1.13027,1870000,2210000
2017-12-13 13:35:07.982000,1.13027,1.13024,2250000,2890000
2017-12-13 13:35:08.173000,1.1303,1.13028,1500000,1250000
2017-12-13 13:35:08.227000,1.13032,1.13027,3820000,1690000
2017-12-13 13:35:08.279000,1.13028,1.13026,1500000,1390000
2017-12-13 13:35:08.436000,1.1303,1.13027,3750000,1000000
2017-12-13 13:35:08.489000,1.13028,1.13026,2250000,1500000
2017-12-13 13:35:08.544000,1.13028,1.13025,3000000,1250000
2017-12-13 13:35:08.598000,1.13026,1.13023,1500000,1190000
2017-12-13 13:35:08.745000,1.13025,1.13022,1500000,1310000
2017-12-13 13:35:09.002000,1.13021,1.13019,1000000,1070000
2017-12-13 13:35:09.106000,1.13023,1.13019,1000000,1760000
2017-12-13 13:35:09.211000,1.13021,1.13018,1000000,1290000
2017-12-13 13:35:09.379000,1.13021,1.13016,2250000,5510000
2017-12-13 13:35:09.433000,1.13021,1.13018,2250000,3450000
2017-12-13 13:35:09.486000,1.13024,1.1302,1570000,1690000
2017-12-13 13:35:09.800000,1.13024,1.13021,1000000,1190000
2017-12-13 13:35:09.948000,1.13024,1.1302,1000000,3000000
2017-12-13 13:35:10.311000,1.13025,1.13022,1000000,1500000
2017-12-13 13:35:10.518000,1.13027,1.13023,1120000,1870000
2017-12-13 13:35:11.066000,1.13027,1.13022,1000000,4760000
2017-12-13 13:35:11.170000,1.13027,1.13024,1000000,1200000
2017-12-13 13:35:11.700000,1.13028,1.13025,1500000,4200000
2017-12-13 13:35:11.860000,1.13031,1.13026,2890000,10120000
2017-12-13 13:35:12.046000,1.13031,1.13029,1000000,1950000
2017-12-13 13:35:12.259000,1.13034,1.1303,3750000,1000000
2017-12-13 13:35:12.313000,1.13031,1.1303,3000000,1200000
2017-12-13 13:35:12.419000,1.13031,1.13028,3000000,1760000
2017-12-13 13:35:12.698000,1.13033,1.13029,2620000,1950000
2017-12-13 13:35:12.855000,1.13035,1.13031,1870000,1120000
2017-12-13 13:35:13.401000,1.13035,1.13032,1000000,1200000
2017-12-13 13:35:14.042000,1.13038,1.13034,2060000,1100000
2017-12-13 13:35:14.578000,1.13035,1.13034,1000000,1000000
2017-12-13 13:35:14.719000,1.13034,1.13032,1000000,4870000
2017-12-13 13:35:15.131000,1.13037,1.13033,1120000,1120000
2017-12-13 13:35:15.339000,1.13038,1.13033,1570000,2890000
2017-12-13 13:35:15.836000,1.13038,1.13035,1870000,1950000
2017-12-13 13:35:16.236000,1.13034,1.13031,1050000,8140000
2017-12-13 13:35:16.547000,1.13036,1.13032,2100000,2700000
2017-12-13 13:35:16.650000,1.13036,1.13032,1460000,2700000
2017-12-13 13:35:16.968000,1.13033,1.13031,1000000,1200000
2017-12-13 13:35:17.284000,1.1303,1.13028,1000000,1950000
2017-12-13 13:35:17.933000,1.13029,1.13027,1500000,5810000
2017-12-13 13:35:17.985000,1.13028,1.13026,1050000,3000000
2017-12-13 13:35:18.468000,1.13027,1.13024,1000000,4200000
2017-12-13 13:35:19.019000,1.13027,1.13025,1000000,1200000
2017-12-13 13:35:19.532000,1.13027,1.13025,1000000,1200000
2017-12-13 13:35:19.686000,1.13029,1.13025,1870000,1950000
2017-12-13 13:35:19.790000,1.13029,1.13026,1000000,3070000
2017-12-13 13:35:20.050000,1.1303,1.13026,3190000,2320000
2017-12-13 13:35:20.253000,1.13028,1.13026,1000000,2320000
2017-12-13 13:35:20.465000,1.13026,1.13024,1000000,1200000
2017-12-13 13:35:20.982000,1.13026,1.13024,1000000,1200000
2017-12-13 13:35:21.498000,1.13024,1.13023,1000000,1200000
2017-12-13 13:35:22.147000,1.13025,1.13023,1000000,1200000
2017-12-13 13:35:22.660000,1.13025,1.13022,1000000,1200000
2017-12-13 13:35:22.961000,1.13023,1.13022,1500000,1200000
2017-12-13 13:35:23.116000,1.13023,1.1302,1500000,2700000
2017-12-13 13:35:23.480000,1.13024,1.13022,1000000,3370000
2017-12-13 13:35:23.581000,1.13026,1.13022,1720000,4120000
2017-12-13 13:35:23.633000,1.13027,1.13024,1720000,3260000
2017-12-13 13:35:24.149000,1.13027,1.13025,1000000,2320000
2017-12-13 13:35:24.936000,1.13027,1.13026,1000000,1200000
2017-12-13 13:35:25.270000,1.13027,1.13024,1500000,2320000
2017-12-13 13:35:25.580000,1.13025,1.13023,1000000,1200000
2017-12-13 13:35:25.940000,1.13024,1.13022,1000000,1390000
2017-12-13 13:35:26.172000,1.13023,1.1302,1500000,4010000
2017-12-13 13:35:26.534000,1.13022,1.1302,1000000,1200000
2017-12-13 13:35:26.843000,1.13023,1.1302,1500000,2700000
2017-12-13 13:35:27.028000,1.13024,1.13022,1000000,1570000
2017-12-13 13:35:27.390000,1.13027,1.13025,1000000,1000000
2017-12-13 13:35:27.923000,1.13028,1.13024,1000000,3820000
2017-12-13 13:35:28.470000,1.13028,1.13025,1000000,1200000
2017-12-13 13:35:28.844000,1.13031,1.13029,1000000,1000000
2017-12-13 13:35:29.053000,1.13034,1.1303,3220000,1950000
2017-12-13 13:35:29.157000,1.13034,1.13031,2250000,5550000
2017-12-13 13:35:29.210000,1.13037,1.13033,6940000,1000000
2017-12-13 13:35:29.316000,1.13039,1.13037,1870000,1000000
2017-12-13 13:35:29.610000,1.13041,1.13038,1250000,1100000
2017-12-13 13:35:29.817000,1.13042,1.1304,3940000,2100000
2017-12-13 13:35:29.921000,1.13046,1.13042,3410000,2320000
2017-12-13 13:35:30.076000,1.13047,1.13044,3790000,1000000
2017-12-13 13:35:30.254000,1.13051,1.13047,3190000,2100000
2017-12-13 13:35:30.311000,1.13052,1.1305,1500000,1120000
2017-12-13 13:35:30.522000,1.13054,1.13051,2620000,2320000
2017-12-13 13:35:30.764000,1.13052,1.1305,1000000,1000000
2017-12-13 13:35:31.232000,1.13047,1.13045,1500000,6560000
2017-12-13 13:35:31.757000,1.13047,1.13042,2140000,2700000
2017-12-13 13:35:32.098000,1.13044,1.1304,1000000,3260000
2017-12-13 13:35:32.203000,1.13045,1.1304,5060000,1570000
2017-12-13 13:35:32.257000,1.13043,1.13039,2620000,2510000
2017-12-13 13:35:32.570000,1.1304,1.13036,1690000,1450000
2017-12-13 13:35:33.097000,1.1304,1.13036,1650000,1450000
2017-12-13 13:35:33.635000,1.13043,1.13039,3410000,1000000
2017-12-13 13:35:33.688000,1.13043,1.13039,1190000,1570000
2017-12-13 13:35:34.053000,1.13041,1.13038,3940000,1200000
2017-12-13 13:35:34.451000,1.13041,1.13036,1460000,4200000
2017-12-13 13:35:34.657000,1.13042,1.13038,5060000,1200000
2017-12-13 13:35:34.866000,1.13044,1.13039,2440000,3070000
2017-12-13 13:35:35.259000,1.13042,1.13039,1000000,1950000
2017-12-13 13:35:35.568000,1.13042,1.13039,1250000,1100000
2017-12-13 13:35:35.723000,1.13042,1.13037,2060000,1100000
2017-12-13 13:35:35.924000,1.13042,1.13039,2470000,1000000
2017-12-13 13:35:36.082000,1.1304,1.13036,1310000,1100000
2017-12-13 13:35:36.135000,1.13037,1.13035,1000000,1200000
2017-12-13 13:35:36.238000,1.13039,1.13034,3370000,3640000
2017-12-13 13:35:37.298000,1.13036,1.13034,1120000,3450000
2017-12-13 13:35:37.496000,1.13035,1.13031,2250000,1450000
2017-12-13 13:35:38.010000,1.13036,1.13032,4690000,1200000
2017-12-13 13:35:38.114000,1.13038,1.13033,6560000,1570000
2017-12-13 13:35:38.647000,1.13038,1.13034,3190000,1200000
2017-12-13 13:35:38.957000,1.13035,1.13033,2250000,1200000
2017-12-13 13:35:39.061000,1.13035,1.13031,2250000,1570000
2017-12-13 13:35:39.268000,1.13038,1.13034,1760000,1000000
2017-12-13 13:35:40.178000,1.13035,1.13032,1120000,1310000
2017-12-13 13:35:40.281000,1.13034,1.1303,3560000,1270000
2017-12-13 13:35:40.471000,1.13031,1.13029,1000000,2470000
2017-12-13 13:35:40.528000,1.13025,1.13024,1000000,1100000
2017-12-13 13:35:40.582000,1.13022,1.13021,1500000,1000000
2017-12-13 13:35:40.668000,1.13021,1.13019,1000000,1000000
2017-12-13 13:35:40.774000,1.13019,1.13016,1000000,1070000
2017-12-13 13:35:40.951000,1.13015,1.13011,4130000,1500000
2017-12-13 13:35:41.055000,1.13015,1.13013,2250000,1120000
2017-12-13 13:35:41.108000,1.13018,1.13014,1100000,1000000
2017-12-13 13:35:41.315000,1.13015,1.13012,1120000,1570000
2017-12-13 13:35:41.470000,1.13013,1.13009,1500000,1100000
2017-12-13 13:35:41.656000,1.13011,1.13008,1120000,1000000
2017-12-13 13:35:41.815000,1.13013,1.13008,2320000,1000000
2017-12-13 13:35:41.971000,1.13011,1.13007,1120000,1200000
2017-12-13 13:35:42.354000,1.13013,1.13009,2700000,1000000
2017-12-13 13:35:42.873000,1.13012,1.13008,1500000,2250000
2017-12-13 13:35:43.391000,1.13012,1.13009,1500000,1200000
2017-12-13 13:35:43.753000,1.13014,1.1301,3820000,2700000
2017-12-13 13:35:44.075000,1.13019,1.13016,1120000,1000000
2017-12-13 13:35:44.389000,1.13023,1.13018,6300000,1000000
2017-12-13 13:35:44.929000,1.13021,1.13017,1950000,2620000
2017-12-13 13:35:45.719000,1.13022,1.13018,4560000,1370000
2017-12-13 13:35:46.097000,1.13016,1.13015,1000000,1690000
2017-12-13 13:35:46.152000,1.13015,1.13012,1000000,1070000
2017-12-13 13:35:46.310000,1.13015,1.13011,2620000,1950000
2017-12-13 13:35:46.845000,1.13015,1.13011,1570000,3070000
2017-12-13 13:35:46.898000,1.13017,1.13015,1010000,1120000
2017-12-13 13:35:46.953000,1.13019,1.13016,3000000,1000000
2017-12-13 13:35:47.108000,1.13022,1.13018,2140000,1200000
2017-12-13 13:35:47.407000,1.13022,1.13019,1500000,1870000
2017-12-13 13:35:47.983000,1.13022,1.13019,1580000,1370000
2017-12-13 13:35:48.508000,1.13021,1.13017,2510000,1370000
2017-12-13 13:35:48.715000,1.13018,1.13017,1000000,1120000
2017-12-13 13:35:48.986000,1.13015,1.13012,1500000,2250000
2017-12-13 13:35:49.246000,1.13019,1.13015,6190000,1000000
2017-12-13 13:35:49.403000,1.13015,1.13014,1000000,1100000
2017-12-13 13:35:49.943000,1.1301,1.13009,1000000,1000000
2017-12-13 13:35:50.101000,1.13011,1.13007,1870000,3640000
2017-12-13 13:35:50.243000,1.13012,1.1301,1000000,2620000
2017-12-13 13:35:50.559000,1.13014,1.1301,1000000,1370000
2017-12-13 13:35:50.903000,1.13011,1.13008,1000000,2140000
2017-12-13 13:35:51.423000,1.13012,1.13009,1250000,1370000
2017-12-13 13:35:51.698000,1.13003,1.12999,4120000,1100000
2017-12-13 13:35:51.859000,1.13005,1.13004,1000000,1000000
2017-12-13 13:35:51.913000,1.13007,1.13005,3820000,1000000
2017-12-13 13:35:51.965000,1.13009,1.13005,2320000,1120000
2017-12-13 13:35:52.202000,1.13005,1.13004,1000000,1950000
2017-12-13 13:35:52.254000,1.12996,1.12994,1500000,1500000
2017-12-13 13:35:52.410000,1.13001,1.12997,1510000,1120000
2017-12-13 13:35:52.462000,1.13001,1.12997,1290000,2250000
2017-12-13 13:35:52.566000,1.13003,1.12999,1100000,1000000
2017-12-13 13:35:52.670000,1.13006,1.13002,3340000,1000000
2017-12-13 13:35:52.814000,1.13001,1.12998,1000000,6190000
2017-12-13 13:35:52.867000,1.13001,1.12997,1120000,2510000
2017-12-13 13:35:52.922000,1.13001,1.12997,5250000,1690000
2017-12-13 13:35:53.027000,1.12997,1.12993,1160000,4200000
2017-12-13 13:35:53.079000,1.12997,1.12995,1000000,1000000
2017-12-13 13:35:53.132000,1.12999,1.12996,2250000,1250000
2017-12-13 13:35:53.534000,1.12997,1.12995,1000000,1570000
2017-12-13 13:35:54.050000,1.12997,1.12993,1500000,2440000
2017-12-13 13:35:54.584000,1.12996,1.12992,1000000,4010000
2017-12-13 13:35:54.944000,1.12998,1.12994,1250000,2620000
2017-12-13 13:35:55.285000,1.12996,1.12993,1000000,1250000
2017-12-13 13:35:55.798000,1.12997,1.12994,1500000,1200000
2017-12-13 13:35:56.345000,1.12997,1.12994,1000000,1570000
2017-12-13 13:35:56.605000,1.12996,1.12992,2440000,2320000
2017-12-13 13:35:56.709000,1.12996,1.12995,1000000,1000000
2017-12-13 13:35:56.761000,1.12999,1.12996,1310000,1500000
2017-12-13 13:35:56.923000,1.12995,1.12992,1000000,1820000
2017-12-13 13:35:57.082000,1.12995,1.12992,1570000,1200000
2017-12-13 13:35:57.340000,1.12993,1.12992,1500000,1950000
2017-12-13 13:35:57.578000,1.1299,1.12988,1000000,1000000
2017-12-13 13:35:57.790000,1.12993,1.12989,1290000,1000000
2017-12-13 13:35:57.894000,1.12993,1.1299,1500000,2320000
2017-12-13 13:35:58.238000,1.1299,1.12986,3940000,3070000
2017-12-13 13:35:58.293000,1.12989,1.12985,1920000,1950000
2017-12-13 13:35:58.812000,1.12989,1.12985,1360000,3450000
2017-12-13 13:35:59.020000,1.12992,1.12989,1810000,1000000
2017-12-13 13:35:59.124000,1.12994,1.1299,1500000,2250000
2017-12-13 13:35:59.339000,1.12997,1.12993,1420000,3640000
2017-12-13 13:35:59.394000,1.12998,1.12995,1120000,1000000
2017-12-13 13:35:59.637000,1.13001,1.12997,1800000,3260000
2017-12-13 13:35:59.849000,1.13001,1.12998,1310000,3370000
2017-12-13 13:35:59.901000,1.13004,1.13,1770000,2620000
2017-12-13 13:36:00.306000,1.13006,1.13002,1900000,1000000
2017-12-13 13:36:00.410000,1.13003,1.12999,4950000,4570000
2017-12-13 13:36:00.743000,1.12999,1.12997,1000000,1200000
2017-12-13 13:36:00.795000,1.13001,1.12998,1310000,1100000
2017-12-13 13:36:01.369000,1.13001,1.12998,1180000,1570000
2017-12-13 13:36:01.525000,1.12998,1.12995,1120000,4120000
2017-12-13 13:36:01.577000,1.12997,1.12994,1000000,1570000
2017-12-13 13:36:01.681000,1.13,1.12997,2190000,1000000
2017-12-13 13:36:01.734000,1.13,1.12997,2200000,1000000
2017-12-13 13:36:02.176000,1.12997,1.12993,2660000,2140000
2017-12-13 13:36:02.229000,1.12996,1.12992,3750000,2140000
2017-12-13 13:36:02.337000,1.12998,1.12995,2320000,1870000
2017-12-13 13:36:02.546000,1.12999,1.12996,2250000,1690000
2017-12-13 13:36:02.847000,1.13001,1.12999,1280000,1100000
2017-12-13 13:36:03.310000,1.13005,1.13002,3070000,1000000
2017-12-13 13:36:03.416000,1.13006,1.13003,1870000,1000000
2017-12-13 13:36:03.931000,1.13004,1.13003,1910000,1200000
2017-12-13 13:36:04.244000,1.13009,1.13005,4650000,1000000
2017-12-13 13:36:04.679000,1.13009,1.13006,2620000,1120000
2017-12-13 13:36:04.887000,1.13012,1.13011,1000000,1000000
2017-12-13 13:36:04.940000,1.13016,1.13013,2290000,1100000
2017-12-13 13:36:05.340000,1.13017,1.13014,1000000,1190000
2017-12-13 13:36:05.393000,1.13022,1.1302,1120000,1200000
2017-12-13 13:36:05.909000,1.13022,1.13021,1000000,1000000
2017-12-13 13:36:06.222000,1.13021,1.13019,1500000,1100000
2017-12-13 13:36:06.635000,1.13019,1.13018,1000000,1200000
