time,ask,bid,ask_volume,bid_volume
2021-07-01 14:25:00.170000,1.11528,1.11526,1500000,1000000
2021-07-01 14:25:00.273000,1.1153,1.11526,1000000,1100000
2021-07-01 14:25:00.374000,1.1153,1.11527,1000000,4160000
2021-07-01 14:25:00.475000,1.11531,1.11527,2250000,3790000
2021-07-01 14:25:00.843000,1.11532,1.11529,3000000,1600000
2021-07-01 14:25:01.197000,1.11532,1.11529,3370000,1690000
2021-07-01 14:25:01.299000,1.11532,1.11528,3750000,4010000
2021-07-01 14:25:01.400000,1.11531,1.11528,1100000,3190000
2021-07-01 14:25:02.072000,1.1153,1.11527,1000000,2770000
2021-07-01 14:25:02.173000,1.11528,1.11525,1870000,2140000
2021-07-01 14:25:02.796000,1.11527,1.11523,2700000,6770000
2021-07-01 14:25:02.927000,1.11525,1.11523,1000000,1100000
2021-07-01 14:25:03.029000,1.11525,1.11522,1000000,1390000
2021-07-01 14:25:03.282000,1.11526,1.11523,2250000,1390000
2021-07-01 14:25:06.698000,1.11525,1.11522,1000000,3260000
2021-07-01 14:25:07.297000,1.11524,1.11521,1120000,3520000
2021-07-01 14:25:07.499000,1.11524,1.1152,3070000,2890000
2021-07-01 14:25:09.041000,1.11524,1.1152,2250000,4220000
2021-07-01 14:25:11.178000,1.11524,1.1152,3070000,2890000
2021-07-01 14:25:13.588000,1.11524,1.1152,3970000,1500000
2021-07-01 14:25:13.826000,1.11525,1.11519,3070000,1950000
2021-07-01 14:25:13.928000,1.11524,1.1152,2620000,3100000
2021-07-01 14:25:15.544000,1.11526,1.11523,2750000,1100000
2021-07-01 14:25:15.850000,1.11525,1.11522,1500000,1090000
2021-07-01 14:25:16.289000,1.11524,1.11522,1000000,1250000
2021-07-01 14:25:16.841000,1.11523,1.11521,1000000,1310000
2021-07-01 14:25:17.973000,1.11523,1.1152,1120000,1390000
2021-07-01 14:25:18.710000,1.1152,1.11518,1000000,3720000
2021-07-01 14:25:18.806000,1.1152,1.11517,1000000,1010000
2021-07-01 14:25:19.750000,1.11519,1.11516,1000000,3320000
2021-07-01 14:25:22.876000,1.11519,1.11516,2320000,2510000
2021-07-01 14:25:23.180000,1.11518,1.11515,1000000,1570000
2021-07-01 14:25:24.478000,1.1152,1.11514,2620000,2050000
2021-07-01 14:25:25.245000,1.11519,1.11515,3070000,5020000
2021-07-01 14:25:26.079000,1.11519,1.11515,2250000,5420000
2021-07-01 14:25:31.780000,1.1152,1.11518,1000000,1100000
2021-07-01 14:25:31.831000,1.11522,1.11519,1120000,1570000
2021-07-01 14:25:31.932000,1.11522,1.11519,1000000,2050000
2021-07-01 14:25:32.726000,1.11523,1.1152,3000000,1100000
2021-07-01 14:25:37.976000,1.11521,1.11518,1000000,2700000
2021-07-01 14:25:41.233000,1.11522,1.11519,2250000,1200000
2021-07-01 14:25:41.334000,1.11522,1.1152,1000000,1100000
2021-07-01 14:25:43.627000,1.11523,1.1152,2810000,1100000
2021-07-01 14:25:45.415000,1.11525,1.11519,3260000,2700000
2021-07-01 14:25:48.342000,1.11523,1.1152,2890000,1500000
2021-07-01 14:25:51.314000,1.11519,1.11517,1000000,2820000
2021-07-01 14:25:51.365000,1.11519,1.11516,1760000,1950000
2021-07-01 14:25:52.185000,1.11518,1.11515,1010000,2250000
2021-07-01 14:25:53.277000,1.11518,1.11515,2540000,1500000
2021-07-01 14:25:54.604000,1.11517,1.11514,2510000,1000000
2021-07-01 14:25:54.705000,1.11517,1.11514,2910000,1000000
2021-07-01 14:25:54.884000,1.11514,1.11512,1570000,1500000
2021-07-01 14:25:54.986000,1.11514,1.11511,3260000,1870000
2021-07-01 14:25:57.594000,1.11512,1.11509,1100000,3370000
2021-07-01 14:25:58.129000,1.11513,1.1151,3190000,1200000
2021-07-01 14:26:00.020000,1.11514,1.11508,4010000,3900000
2021-07-01 14:26:00.121000,1.11513,1.11509,4790000,2700000
2021-07-01 14:26:00.588000,1.11512,1.11507,2510000,1120000
2021-07-01 14:26:00.689000,1.1151,1.11508,1250000,1000000
2021-07-01 14:26:00.841000,1.11511,1.11506,1760000,1120000
2021-07-01 14:26:03.138000,1.1151,1.11508,1010000,1000000
2021-07-01 14:26:03.189000,1.11512,1.11509,3640000,1000000
2021-07-01 14:26:03.391000,1.11512,1.11511,2140000,1000000
2021-07-01 14:26:03.718000,1.11513,1.11511,2060000,1000000
2021-07-01 14:26:03.819000,1.11513,1.11512,1690000,1000000
2021-07-01 14:26:03.920000,1.11513,1.11511,1690000,1500000
2021-07-01 14:26:06.332000,1.11514,1.11509,3410000,1000000
2021-07-01 14:26:10.401000,1.11512,1.11509,1000000,1950000
2021-07-01 14:26:12.382000,1.11512,1.11509,3410000,1000000
2021-07-01 14:26:13.042000,1.11512,1.11509,3260000,1000000
2021-07-01 14:26:15.683000,1.11511,1.11509,1390000,1500000
2021-07-01 14:26:17.380000,1.11511,1.11508,2510000,1870000
2021-07-01 14:26:17.482000,1.11511,1.11507,2660000,2250000
2021-07-01 14:26:18.084000,1.11506,1.11504,1570000,1200000
2021-07-01 14:26:18.185000,1.11506,1.11502,3260000,6450000
2021-07-01 14:26:21.384000,1.11505,1.11501,1000000,1950000
2021-07-01 14:26:21.486000,1.11504,1.11502,1450000,1000000
2021-07-01 14:26:21.537000,1.11501,1.11499,1000000,1120000
2021-07-01 14:26:21.705000,1.115,1.11499,1000000,1000000
2021-07-01 14:26:21.807000,1.11502,1.115,1000000,1000000
2021-07-01 14:26:21.908000,1.11502,1.11501,1000000,1000000
2021-07-01 14:26:21.959000,1.11502,1.11499,1250000,1100000
2021-07-01 14:26:22.060000,1.11502,1.115,1000000,1000000
2021-07-01 14:26:24.263000,1.11502,1.11499,1000000,2510000
2021-07-01 14:26:26.076000,1.11502,1.115,1000000,1000000
2021-07-01 14:26:27.021000,1.11502,1.11499,1000000,2510000
2021-07-01 14:26:28.735000,1.11503,1.11499,1000000,1000000
2021-07-01 14:26:33.126000,1.115,1.11498,1390000,1500000
2021-07-01 14:26:33.531000,1.115,1.11498,1000000,2000000
2021-07-01 14:26:34.434000,1.115,1.11498,1000000,2250000
2021-07-01 14:26:37.396000,1.11498,1.11496,1000000,2320000
2021-07-01 14:26:47.982000,1.11501,1.11496,2170000,1600000
2021-07-01 14:26:48.083000,1.115,1.11497,1500000,1950000
2021-07-01 14:26:49.224000,1.115,1.11497,1000000,2640000
2021-07-01 14:26:49.326000,1.11501,1.11498,1500000,1570000
2021-07-01 14:26:51.015000,1.11502,1.11499,1950000,1500000
2021-07-01 14:26:54.167000,1.11501,1.11498,3820000,1500000
2021-07-01 14:26:54.218000,1.115,1.11497,2320000,1200000
2021-07-01 14:26:54.319000,1.115,1.11495,1200000,3190000
2021-07-01 14:26:57.300000,1.11499,1.11496,3040000,1000000
2021-07-01 14:26:57.401000,1.11497,1.11496,1000000,1000000
2021-07-01 14:26:57.675000,1.11497,1.11495,1000000,1120000
2021-07-01 14:27:01.280000,1.11498,1.11495,1000000,3070000
2021-07-01 14:27:01.331000,1.11501,1.11498,1650000,1000000
2021-07-01 14:27:02.696000,1.11501,1.11497,2660000,2370000
2021-07-01 14:27:02.801000,1.11501,1.11498,2510000,1100000
2021-07-01 14:27:06.774000,1.115,1.11497,1760000,2250000
2021-07-01 14:27:09.603000,1.115,1.11496,3700000,3570000
2021-07-01 14:27:09.704000,1.115,1.11496,2510000,2700000
2021-07-01 14:27:10.301000,1.115,1.11496,2510000,3570000
2021-07-01 14:27:10.763000,1.115,1.11496,3260000,3450000
2021-07-01 14:27:11.842000,1.11501,1.11495,5350000,2250000
2021-07-01 14:27:11.944000,1.11498,1.11496,1570000,1000000
2021-07-01 14:27:14.006000,1.11498,1.11495,1950000,1870000
2021-07-01 14:27:14.661000,1.11497,1.11494,3260000,1000000
2021-07-01 14:27:14.764000,1.11493,1.11492,2620000,2250000
2021-07-01 14:27:14.815000,1.11492,1.11489,1120000,1950000
2021-07-01 14:27:14.917000,1.11491,1.11488,1000000,2320000
2021-07-01 14:27:21.121000,1.11492,1.11488,3260000,2620000
2021-07-01 14:27:21.861000,1.11492,1.11488,3510000,2620000
2021-07-01 14:27:22.013000,1.11492,1.11488,3260000,2620000
2021-07-01 14:27:24.241000,1.11491,1.11488,2950000,1000000
2021-07-01 14:27:25.145000,1.11491,1.11487,4600000,1500000
2021-07-01 14:27:26.804000,1.1149,1.11487,3700000,1000000
2021-07-01 14:27:26.906000,1.11487,1.11485,1000000,1000000
2021-07-01 14:27:27.058000,1.11487,1.11484,1000000,1950000
2021-07-01 14:27:29.523000,1.11489,1.11487,1620000,2140000
2021-07-01 14:27:29.574000,1.11491,1.11488,1950000,1870000
2021-07-01 14:27:29.675000,1.11493,1.1149,4650000,1000000
2021-07-01 14:27:32.737000,1.11493,1.1149,2140000,1000000
2021-07-01 14:27:36.034000,1.11494,1.11489,4070000,1000000
2021-07-01 14:27:40.830000,1.11493,1.11488,2140000,1870000
2021-07-01 14:27:41.383000,1.11492,1.11488,2510000,2620000
2021-07-01 14:27:43.828000,1.11492,1.11489,2510000,1000000
2021-07-01 14:27:48.888000,1.11491,1.11489,1000000,1000000
2021-07-01 14:27:50.627000,1.11491,1.11488,3410000,1000000
2021-07-01 14:27:50.728000,1.1149,1.11487,1760000,1500000
2021-07-01 14:27:51.032000,1.11489,1.11486,1000000,2820000
2021-07-01 14:27:51.140000,1.1149,1.11484,4010000,2820000
2021-07-01 14:27:51.241000,1.11489,1.11485,4510000,2320000
2021-07-01 14:27:52.021000,1.11488,1.11484,3320000,3600000
2021-07-01 14:27:55.378000,1.11486,1.11484,1000000,1570000
2021-07-01 14:27:55.479000,1.11486,1.11483,1500000,2700000
2021-07-01 14:27:55.932000,1.11486,1.11483,2950000,1000000
2021-07-01 14:28:06.859000,1.11487,1.11482,2140000,1000000
2021-07-01 14:28:07.819000,1.11486,1.11483,1000000,3410000
2021-07-01 14:28:08.310000,1.11486,1.11483,1000000,1570000
2021-07-01 14:28:13.798000,1.11487,1.11483,2510000,2320000
2021-07-01 14:28:20.043000,1.11488,1.11486,1000000,2320000
2021-07-01 14:28:20.145000,1.1149,1.11487,1200000,1500000
2021-07-01 14:28:20.247000,1.11491,1.11488,3640000,1120000
2021-07-01 14:28:20.349000,1.11491,1.11489,1000000,1000000
2021-07-01 14:28:21.098000,1.11491,1.11488,1000000,2700000
2021-07-01 14:28:31.356000,1.11491,1.11489,1000000,1000000
2021-07-01 14:28:31.459000,1.11492,1.11489,1000000,1950000
2021-07-01 14:28:33.119000,1.11493,1.11489,2140000,3070000
2021-07-01 14:28:33.221000,1.11494,1.1149,1500000,3040000
2021-07-01 14:28:33.322000,1.11497,1.11493,4740000,2700000
2021-07-01 14:28:33.474000,1.11496,1.11494,1250000,1000000
2021-07-01 14:28:33.575000,1.11495,1.11493,1000000,1120000
2021-07-01 14:28:34.232000,1.11496,1.11491,1000000,1200000
2021-07-01 14:28:35.226000,1.11494,1.11491,1500000,1570000
2021-07-01 14:28:36.643000,1.11496,1.11494,2120000,1000000
2021-07-01 14:28:36.694000,1.11501,1.11498,1690000,1690000
2021-07-01 14:28:36.745000,1.11506,1.11504,1100000,1500000
2021-07-01 14:28:36.846000,1.11507,1.11505,1000000,1000000
2021-07-01 14:28:37.200000,1.11507,1.11504,1500000,2820000
2021-07-01 14:28:37.639000,1.11507,1.11504,1500000,2320000
2021-07-01 14:28:38.106000,1.11509,1.11507,1000000,1000000
2021-07-01 14:28:38.207000,1.11509,1.11506,1000000,1950000
2021-07-01 14:28:38.460000,1.11507,1.11504,1000000,2590000
2021-07-01 14:28:40.322000,1.11506,1.11504,1000000,1000000
2021-07-01 14:28:40.923000,1.11505,1.11502,3260000,6370000
2021-07-01 14:28:41.024000,1.11506,1.11505,1000000,1000000
2021-07-01 14:28:41.126000,1.11508,1.11506,1000000,1000000
2021-07-01 14:28:43.823000,1.11509,1.11506,2890000,1000000
2021-07-01 14:28:43.924000,1.11511,1.11507,1500000,1200000
2021-07-01 14:28:44.026000,1.11511,1.11508,2440000,1200000
2021-07-01 14:28:44.279000,1.1151,1.11508,1000000,1200000
2021-07-01 14:28:44.381000,1.11508,1.11506,1000000,1120000
2021-07-01 14:28:45.139000,1.11508,1.11507,1690000,1000000
2021-07-01 14:28:45.190000,1.11507,1.11505,1000000,1000000
2021-07-01 14:28:45.291000,1.11506,1.11505,1000000,1000000
2021-07-01 14:28:45.494000,1.11506,1.11504,1000000,1200000
2021-07-01 14:28:45.747000,1.11506,1.11504,1000000,1200000
2021-07-01 14:28:46.700000,1.11505,1.11503,1000000,1950000
2021-07-01 14:28:46.751000,1.11507,1.11505,1500000,1000000
2021-07-01 14:28:46.853000,1.11508,1.11506,1000000,1200000
2021-07-01 14:28:47.514000,1.11509,1.11506,1500000,1200000
2021-07-01 14:28:47.717000,1.11507,1.11505,1000000,1950000
2021-07-01 14:28:47.818000,1.11507,1.11504,1000000,2320000
2021-07-01 14:28:49.377000,1.11506,1.11504,1000000,1200000
2021-07-01 14:28:52.744000,1.11507,1.11505,1000000,1200000
2021-07-01 14:28:52.896000,1.11507,1.11506,1000000,1000000
2021-07-01 14:28:52.947000,1.11508,1.11503,1000000,3820000
2021-07-01 14:28:53.100000,1.11508,1.11506,1500000,1200000
2021-07-01 14:28:53.201000,1.11509,1.11506,1100000,1500000
2021-07-01 14:28:53.505000,1.11507,1.11506,1000000,1000000
2021-07-01 14:28:55.719000,1.11507,1.11505,1000000,1000000
2021-07-01 14:28:56.198000,1.11508,1.11505,1570000,2320000
2021-07-01 14:28:56.300000,1.11508,1.11506,1000000,1120000
2021-07-01 14:28:56.401000,1.11508,1.11505,1000000,1120000
2021-07-01 14:28:56.604000,1.11507,1.11505,1000000,1000000
2021-07-01 14:28:58.034000,1.11507,1.11504,1000000,3070000
2021-07-01 14:28:58.693000,1.11507,1.11505,1500000,1000000
2021-07-01 14:29:12.161000,1.11507,1.11506,1000000,1000000
2021-07-01 14:29:12.314000,1.11508,1.11506,1000000,1120000
2021-07-01 14:29:15.539000,1.11511,1.11509,1810000,3260000
2021-07-01 14:29:15.589000,1.11513,1.11512,4500000,1000000
2021-07-01 14:29:15.945000,1.11512,1.11511,4500000,1000000
2021-07-01 14:29:15.996000,1.11511,1.11509,3750000,1950000
2021-07-01 14:29:17.935000,1.11511,1.11509,2720000,1000000
2021-07-01 14:29:19.972000,1.11511,1.11508,3660000,1500000
2021-07-01 14:29:27.467000,1.11511,1.11509,1760000,1000000
2021-07-01 14:29:36.252000,1.11511,1.11508,4040000,1500000
2021-07-01 14:29:36.715000,1.11509,1.11507,1200000,1870000
2021-07-01 14:29:37.372000,1.1151,1.11507,4010000,1000000
2021-07-01 14:29:42.069000,1.1151,1.11507,2160000,1500000
2021-07-01 14:29:44.031000,1.1151,1.11507,2140000,1950000
2021-07-01 14:29:44.587000,1.1151,1.11508,1200000,1000000
2021-07-01 14:29:45.603000,1.11513,1.1151,3750000,1120000
2021-07-01 14:29:45.654000,1.11514,1.11512,3000000,2440000
2021-07-01 14:29:51.704000,1.11514,1.11513,1000000,1000000
2021-07-01 14:29:51.805000,1.11515,1.11513,1570000,1000000
2021-07-01 14:29:52.959000,1.11515,1.11512,2320000,2060000
2021-07-01 14:29:56.595000,1.11515,1.11511,1570000,1000000
2021-07-01 14:29:56.747000,1.11514,1.11511,2320000,2440000
2021-07-01 14:29:58.732000,1.11514,1.11512,2250000,1250000
2021-07-01 14:30:00.089000,1.11514,1.11511,1950000,2440000
2021-07-01 14:30:00.191000,1.11514,1.11512,1000000,1690000
2021-07-01 14:30:01.151000,1.11515,1.11512,1950000,2810000
2021-07-01 14:30:01.505000,1.11515,1.11513,1570000,1250000
2021-07-01 14:30:02.173000,1.11516,1.11511,1570000,2810000
2021-07-01 14:30:02.274000,1.11515,1.11513,1570000,1250000
2021-07-01 14:30:02.426000,1.11515,1.11512,1950000,3190000
2021-07-01 14:30:07.479000,1.11515,1.11512,1200000,3310000
2021-07-01 14:30:08.487000,1.11516,1.11511,1200000,3190000
2021-07-01 14:30:10.220000,1.11515,1.11512,1200000,3250000
2021-07-01 14:30:10.322000,1.11516,1.11513,2700000,1690000
2021-07-01 14:30:10.373000,1.11519,1.11517,1120000,1250000
2021-07-01 14:30:10.678000,1.11519,1.11516,1200000,2440000
2021-07-01 14:30:11.755000,1.11518,1.11516,1000000,1000000
2021-07-01 14:30:12.800000,1.1152,1.11518,1000000,2890000
2021-07-01 14:30:12.902000,1.11521,1.11518,1000000,4010000
2021-07-01 14:30:13.003000,1.11522,1.11519,3070000,1000000
2021-07-01 14:30:13.360000,1.11523,1.11521,2250000,2200000
2021-07-01 14:30:13.411000,1.11525,1.11522,2330000,2200000
2021-07-01 14:30:13.512000,1.11524,1.11523,1000000,1250000
2021-07-01 14:30:13.563000,1.11524,1.11521,1870000,2140000
2021-07-01 14:30:13.664000,1.11524,1.11522,1500000,1250000
2021-07-01 14:30:16.626000,1.11527,1.11524,6070000,3320000
2021-07-01 14:30:16.728000,1.11529,1.11526,1500000,2510000
2021-07-01 14:30:16.829000,1.1153,1.11527,2320000,1250000
2021-07-01 14:30:18.843000,1.11529,1.11526,1000000,3320000
2021-07-01 14:30:29.989000,1.11528,1.11526,1000000,1250000
2021-07-01 14:30:30.261000,1.11531,1.11528,1200000,1750000
2021-07-01 14:30:30.363000,1.11532,1.11529,1120000,1690000
2021-07-01 14:30:31.374000,1.1153,1.11528,1000000,1120000
2021-07-01 14:30:32.881000,1.11532,1.1153,1120000,1000000
2021-07-01 14:30:32.982000,1.11531,1.11529,1000000,1000000
2021-07-01 14:30:33.084000,1.11531,1.11528,1000000,2770000
2021-07-01 14:30:33.286000,1.11533,1.11529,1000000,2140000
2021-07-01 14:30:33.337000,1.11534,1.11531,1570000,1120000
2021-07-01 14:30:33.439000,1.11534,1.11531,1000000,3390000
2021-07-01 14:30:35.102000,1.11529,1.11528,1390000,1000000
2021-07-01 14:30:35.153000,1.11526,1.11524,1000000,1120000
2021-07-01 14:30:35.204000,1.11525,1.11522,1690000,7650000
2021-07-01 14:30:36.314000,1.11524,1.11521,1000000,4510000
2021-07-01 14:30:36.415000,1.11524,1.11521,1000000,4390000
2021-07-01 14:30:38.086000,1.11523,1.11521,1000000,1500000
2021-07-01 14:30:38.187000,1.11524,1.11519,1500000,1000000
2021-07-01 14:30:38.390000,1.11522,1.1152,1000000,1000000
2021-07-01 14:30:39.088000,1.11522,1.11519,1500000,1000000
2021-07-01 14:30:39.290000,1.11521,1.11519,1000000,1000000
2021-07-01 14:30:39.341000,1.11519,1.11517,1000000,1200000
2021-07-01 14:30:40.407000,1.11518,1.11515,1500000,1120000
2021-07-01 14:30:40.508000,1.11517,1.11514,1500000,4500000
2021-07-01 14:30:44.962000,1.1152,1.11517,3370000,2700000
2021-07-01 14:30:45.064000,1.11523,1.1152,3450000,1500000
2021-07-01 14:30:45.267000,1.11524,1.11519,1500000,3220000
2021-07-01 14:30:45.723000,1.11523,1.1152,1500000,3260000
2021-07-01 14:30:47.487000,1.11524,1.11522,1000000,1570000
2021-07-01 14:30:47.538000,1.11526,1.11524,1870000,3070000
2021-07-01 14:30:47.589000,1.11528,1.11526,1000000,1000000
2021-07-01 14:30:47.691000,1.11532,1.11528,1050000,1000000
2021-07-01 14:30:47.945000,1.11531,1.11528,1950000,1870000
2021-07-01 14:30:50.185000,1.1153,1.11528,1000000,1000000
2021-07-01 14:30:50.730000,1.11531,1.11528,1950000,1500000
2021-07-01 14:30:52.592000,1.1153,1.11527,3600000,1000000
2021-07-01 14:30:54.959000,1.11529,1.11526,1200000,1000000
2021-07-01 14:30:56.239000,1.11531,1.11529,1200000,1000000
2021-07-01 14:30:56.341000,1.11531,1.11528,1570000,1000000
2021-07-01 14:30:56.442000,1.1153,1.11527,1100000,1310000
2021-07-01 14:30:58.569000,1.1153,1.11525,1100000,1500000
2021-07-01 14:31:01.430000,1.11528,1.11525,1100000,4010000
2021-07-01 14:31:01.532000,1.11529,1.11526,1000000,2140000
2021-07-01 14:31:03.207000,1.11529,1.11527,1000000,1250000
2021-07-01 14:31:03.258000,1.11532,1.1153,1500000,2140000
2021-07-01 14:31:03.310000,1.11534,1.11532,1500000,1250000
2021-07-01 14:31:03.462000,1.11533,1.11531,1000000,1120000
2021-07-01 14:31:03.666000,1.11534,1.11531,3260000,1000000
2021-07-01 14:31:03.987000,1.11531,1.1153,1000000,1000000
2021-07-01 14:31:04.038000,1.1153,1.11527,1000000,1200000
2021-07-01 14:31:04.141000,1.11529,1.11526,1000000,1950000
2021-07-01 14:31:06.196000,1.1153,1.11527,1950000,1000000
2021-07-01 14:31:07.082000,1.11531,1.11528,1000000,1600000
2021-07-01 14:31:07.183000,1.11533,1.11531,1500000,1000000
2021-07-01 14:31:07.285000,1.11531,1.11528,3260000,1600000
2021-07-01 14:31:07.386000,1.11531,1.11528,3260000,1000000
2021-07-01 14:31:09.357000,1.1153,1.11527,1000000,1950000
2021-07-01 14:31:10.925000,1.11532,1.1153,1000000,1570000
2021-07-01 14:31:10.977000,1.11535,1.1153,2620000,1200000
2021-07-01 14:31:11.078000,1.11534,1.11532,1000000,1000000
2021-07-01 14:31:11.861000,1.11535,1.11532,2250000,1200000
2021-07-01 14:31:11.963000,1.11536,1.11533,1500000,1200000
2021-07-01 14:31:12.640000,1.11535,1.11533,1000000,1000000
2021-07-01 14:31:14.942000,1.11536,1.11533,1000000,1200000
2021-07-01 14:31:19.046000,1.11536,1.11534,1000000,1000000
2021-07-01 14:31:21.304000,1.11537,1.11534,1950000,1000000
2021-07-01 14:31:22.518000,1.11539,1.11537,1500000,1000000
2021-07-01 14:31:22.619000,1.11537,1.11535,1690000,2400000
2021-07-01 14:31:23.236000,1.11537,1.11534,2510000,1500000
2021-07-01 14:31:23.489000,1.11536,1.11534,1000000,1500000
2021-07-01 14:31:25.052000,1.11536,1.11533,2140000,1500000
2021-07-01 14:31:27.257000,1.11539,1.11536,2000000,2820000
2021-07-01 14:31:27.308000,1.1154,1.11537,1120000,2320000
2021-07-01 14:31:27.409000,1.1154,1.11537,1690000,2820000
2021-07-01 14:31:28.150000,1.1154,1.11536,2510000,1120000
2021-07-01 14:31:28.201000,1.11538,1.11535,4510000,2400000
2021-07-01 14:31:28.303000,1.11537,1.11534,2060000,3520000
2021-07-01 14:31:33.532000,1.11537,1.11534,2950000,1500000
2021-07-01 14:31:39.023000,1.11536,1.11533,1250000,2700000
2021-07-01 14:31:40.073000,1.11537,1.11534,2890000,1500000
2021-07-01 14:31:40.225000,1.11537,1.11535,1250000,1000000
2021-07-01 14:31:49.192000,1.11537,1.11534,2890000,1500000
2021-07-01 14:31:49.610000,1.11536,1.11533,1250000,3070000
2021-07-01 14:31:50.643000,1.11533,1.11532,1570000,1000000
2021-07-01 14:31:50.695000,1.11532,1.11528,1200000,2250000
2021-07-01 14:31:50.797000,1.11531,1.11528,2320000,1500000
2021-07-01 14:31:53.815000,1.11534,1.11531,4890000,1000000
2021-07-01 14:31:53.917000,1.11534,1.11531,3640000,1120000
2021-07-01 14:31:54.018000,1.11534,1.11532,2890000,1000000
2021-07-01 14:31:56.847000,1.11534,1.11533,1250000,1000000
2021-07-01 14:31:57.668000,1.11534,1.11532,1390000,1500000
2021-07-01 14:31:58.799000,1.11534,1.11533,1250000,1000000
2021-07-01 14:31:59.344000,1.11535,1.11533,2140000,1000000
2021-07-01 14:32:06.942000,1.11534,1.11531,1390000,3000000
2021-07-01 14:32:07.043000,1.11533,1.11531,1000000,1000000
2021-07-01 14:32:07.144000,1.11534,1.11531,2140000,1500000
2021-07-01 14:32:07.296000,1.11536,1.11532,1390000,1000000
2021-07-01 14:32:12.150000,1.11535,1.11532,4450000,1000000
2021-07-01 14:32:12.903000,1.11532,1.1153,1000000,1000000
2021-07-01 14:32:13.007000,1.11534,1.11532,2890000,1000000
2021-07-01 14:32:13.944000,1.11533,1.11532,2890000,1000000
2021-07-01 14:32:14.096000,1.11533,1.1153,2950000,1500000
2021-07-01 14:32:14.298000,1.11534,1.11532,1760000,1000000
2021-07-01 14:32:15.974000,1.11535,1.11532,2140000,1500000
2021-07-01 14:32:16.145000,1.11537,1.11532,4970000,1000000
2021-07-01 14:32:21.847000,1.11539,1.11537,2620000,1000000
2021-07-01 14:32:21.948000,1.1154,1.11537,1310000,3070000
2021-07-01 14:32:22.050000,1.11542,1.11537,4070000,1120000
2021-07-01 14:32:24.318000,1.11542,1.1154,3250000,2440000
2021-07-01 14:32:24.368000,1.11545,1.11542,4610000,1000000
2021-07-01 14:32:24.520000,1.11545,1.11542,1760000,1000000
2021-07-01 14:32:24.672000,1.11545,1.11542,2570000,1120000
2021-07-01 14:32:25.026000,1.11546,1.11543,4550000,1500000
2021-07-01 14:32:26.645000,1.11546,1.11543,2510000,1950000
2021-07-01 14:32:28.896000,1.11548,1.11543,4970000,1000000
2021-07-01 14:32:32.131000,1.11547,1.11545,3850000,1000000
2021-07-01 14:32:32.333000,1.11548,1.11546,2060000,1500000
2021-07-01 14:32:32.435000,1.11549,1.11546,1950000,1870000
2021-07-01 14:32:32.587000,1.11549,1.11546,3790000,1500000
2021-07-01 14:32:34.289000,1.11547,1.11542,1950000,1500000
2021-07-01 14:32:34.390000,1.11545,1.11543,1000000,1500000
2021-07-01 14:32:35.478000,1.11547,1.11545,4570000,1950000
2021-07-01 14:32:35.579000,1.11549,1.11545,1000000,1500000
2021-07-01 14:32:35.681000,1.11549,1.11546,2510000,1500000
2021-07-01 14:32:35.782000,1.11549,1.11546,3700000,1500000
2021-07-01 14:32:38.522000,1.11549,1.11544,1350000,2250000
2021-07-01 14:32:39.068000,1.11549,1.11546,4970000,1000000
2021-07-01 14:32:39.595000,1.11548,1.11545,1350000,2250000
2021-07-01 14:32:42.138000,1.11549,1.11544,2140000,1500000
2021-07-01 14:32:44.117000,1.11548,1.11545,1000000,4320000
2021-07-01 14:32:45.307000,1.11551,1.11549,1890000,1000000
2021-07-01 14:32:45.408000,1.11553,1.1155,2910000,1500000
2021-07-01 14:32:45.509000,1.11553,1.1155,2440000,1570000
2021-07-01 14:32:48.422000,1.11551,1.1155,1000000,1000000
2021-07-01 14:32:48.473000,1.11549,1.11547,1890000,1950000
2021-07-01 14:32:48.575000,1.11549,1.11546,4640000,1000000
2021-07-01 14:32:50.400000,1.11548,1.11545,1760000,2250000
2021-07-01 14:32:53.064000,1.11546,1.11543,4370000,1120000
2021-07-01 14:32:53.166000,1.11544,1.11541,4190000,1220000
2021-07-01 14:32:53.217000,1.11544,1.1154,4190000,4570000
2021-07-01 14:32:54.430000,1.11543,1.1154,3070000,1870000
2021-07-01 14:32:56.198000,1.11545,1.11543,4500000,1500000
2021-07-01 14:32:56.249000,1.11547,1.11544,2140000,1870000
2021-07-01 14:32:56.351000,1.11548,1.11545,3960000,1000000
2021-07-01 14:32:56.452000,1.1155,1.11545,3560000,2700000
2021-07-01 14:32:56.553000,1.11551,1.11548,3700000,1000000
2021-07-01 14:32:56.806000,1.11551,1.11548,1690000,3070000
2021-07-01 14:32:56.907000,1.11551,1.11548,3250000,3070000
2021-07-01 14:32:57.871000,1.11549,1.11546,2890000,1870000
2021-07-01 14:32:57.973000,1.11548,1.11546,1010000,1000000
2021-07-01 14:33:01.760000,1.11548,1.11545,2510000,1000000
2021-07-01 14:33:06.805000,1.11547,1.11544,1000000,4200000
2021-07-01 14:33:06.906000,1.11546,1.11543,1000000,4950000
2021-07-01 14:33:07.176000,1.11547,1.11544,2140000,1000000
2021-07-01 14:33:07.277000,1.11548,1.11545,3260000,1000000
2021-07-01 14:33:08.592000,1.11549,1.11547,1120000,4760000
2021-07-01 14:33:08.715000,1.11549,1.11546,1500000,3450000
2021-07-01 14:33:09.031000,1.11548,1.11545,1000000,4570000
2021-07-01 14:33:12.881000,1.11547,1.11544,2140000,1500000
2021-07-01 14:33:14.266000,1.11547,1.11545,1310000,1950000
2021-07-01 14:33:14.367000,1.11548,1.11545,1310000,3450000
2021-07-01 14:33:16.238000,1.11548,1.11545,2570000,1500000
2021-07-01 14:33:16.340000,1.11547,1.11545,1250000,1000000
2021-07-01 14:33:16.825000,1.11548,1.11545,3250000,2700000
2021-07-01 14:33:18.672000,1.11549,1.11547,1000000,1950000
2021-07-01 14:33:18.774000,1.11551,1.11549,1250000,1870000
2021-07-01 14:33:18.976000,1.1155,1.11548,1250000,1120000
2021-07-01 14:33:19.027000,1.11548,1.11546,1250000,4320000
2021-07-01 14:33:19.128000,1.11548,1.11546,1690000,3450000
2021-07-01 14:33:21.202000,1.11547,1.11546,1250000,1000000
2021-07-01 14:33:21.889000,1.11547,1.11544,2810000,3450000
2021-07-01 14:33:23.353000,1.11548,1.11544,2060000,1950000
2021-07-01 14:33:23.505000,1.11549,1.11545,1500000,1950000
2021-07-01 14:33:23.606000,1.1155,1.11545,2060000,3070000
2021-07-01 14:33:24.683000,1.11548,1.11546,1250000,2700000
2021-07-01 14:33:29.714000,1.11548,1.11545,2810000,3450000
2021-07-01 14:33:30.882000,1.11546,1.11544,1250000,2700000
2021-07-01 14:33:37.712000,1.11544,1.11543,1250000,1000000
2021-07-01 14:33:37.814000,1.11543,1.1154,4760000,2700000
2021-07-01 14:33:37.916000,1.11541,1.1154,1250000,1000000
2021-07-01 14:33:38.335000,1.11541,1.11539,2060000,1000000
2021-07-01 14:33:39.364000,1.1154,1.11538,1310000,1500000
2021-07-01 14:33:39.971000,1.11541,1.11538,2440000,1910000
2021-07-01 14:33:40.022000,1.11543,1.1154,4270000,1000000
2021-07-01 14:33:41.522000,1.11543,1.11541,1500000,1250000
2021-07-01 14:33:41.624000,1.11545,1.11542,3070000,1390000
2021-07-01 14:33:44.287000,1.11543,1.1154,1870000,1950000
2021-07-01 14:33:46.195000,1.11542,1.1154,1000000,1500000
2021-07-01 14:33:46.296000,1.11543,1.1154,3940000,1870000
2021-07-01 14:33:46.703000,1.11542,1.1154,1000000,1500000
2021-07-01 14:33:47.107000,1.11543,1.1154,2620000,2000000
2021-07-01 14:33:47.554000,1.11544,1.11542,1500000,1120000
2021-07-01 14:33:47.656000,1.11545,1.11544,1000000,1500000
2021-07-01 14:33:47.757000,1.11546,1.11544,1000000,1500000
2021-07-01 14:33:48.903000,1.11547,1.11544,3370000,1120000
2021-07-01 14:33:49.511000,1.11546,1.11544,1500000,1000000
2021-07-01 14:33:52.486000,1.11545,1.11543,1000000,1120000
2021-07-01 14:33:53.538000,1.11545,1.11542,2620000,2060000
2021-07-01 14:33:53.640000,1.11545,1.11543,1000000,4310000
2021-07-01 14:33:53.742000,1.11547,1.11544,3370000,1120000
2021-07-01 14:33:54.669000,1.11546,1.11543,1000000,2620000
2021-07-01 14:33:54.770000,1.11546,1.11543,2000000,1500000
2021-07-01 14:33:55.489000,1.11545,1.11542,1500000,1690000
2021-07-01 14:33:55.806000,1.11545,1.11543,1000000,1000000
2021-07-01 14:33:55.908000,1.11546,1.11544,2250000,1000000
2021-07-01 14:33:57.897000,1.11546,1.11543,3940000,1500000
2021-07-01 14:33:57.949000,1.11543,1.11541,1120000,1120000
2021-07-01 14:33:58.355000,1.11544,1.11541,3000000,1120000
2021-07-01 14:34:01.578000,1.11544,1.11541,3200000,1000000
2021-07-01 14:34:04.999000,1.11542,1.11539,1000000,6190000
2021-07-01 14:34:07.014000,1.11545,1.11541,1500000,2570000
2021-07-01 14:34:07.116000,1.11548,1.11543,6070000,1000000
2021-07-01 14:34:07.218000,1.11547,1.11545,1000000,1000000
2021-07-01 14:34:09.995000,1.11548,1.11545,4350000,1500000
2021-07-01 14:34:11.133000,1.11547,1.11544,3820000,1000000
2021-07-01 14:34:11.235000,1.11547,1.11544,4350000,1000000
2021-07-01 14:34:14.272000,1.11545,1.11543,1000000,1500000
2021-07-01 14:34:14.712000,1.11546,1.11544,1570000,1000000
2021-07-01 14:34:15.235000,1.11545,1.11543,1000000,1500000
2021-07-01 14:34:16.216000,1.11546,1.11544,1100000,1000000
2021-07-01 14:34:16.327000,1.11546,1.11543,1570000,1500000
2021-07-01 14:34:16.817000,1.11546,1.11543,1720000,1500000
2021-07-01 14:34:23.145000,1.11548,1.11545,2320000,1000000
2021-07-01 14:34:23.246000,1.11548,1.11546,1570000,1000000
2021-07-01 14:34:23.347000,1.11548,1.11545,1570000,1120000
2021-07-01 14:34:24.305000,1.11548,1.11546,1120000,1000000
2021-07-01 14:34:26.314000,1.11549,1.11546,2320000,2060000
2021-07-01 14:34:26.781000,1.11549,1.11547,1000000,1250000
2021-07-01 14:34:26.933000,1.1155,1.11548,1000000,1000000
2021-07-01 14:34:27.253000,1.11551,1.11549,1000000,1000000
2021-07-01 14:34:27.405000,1.11552,1.11549,2320000,1500000
2021-07-01 14:34:27.506000,1.11553,1.11551,1200000,1000000
2021-07-01 14:34:27.658000,1.11553,1.1155,1570000,1500000
2021-07-01 14:34:28.522000,1.11554,1.11552,2070000,1000000
2021-07-01 14:34:28.628000,1.11555,1.11553,1200000,1000000
2021-07-01 14:34:28.730000,1.11556,1.11554,1100000,1000000
2021-07-01 14:34:28.831000,1.11559,1.11556,3600000,1000000
2021-07-01 14:34:28.933000,1.11557,1.11554,1570000,1120000
2021-07-01 14:34:29.034000,1.11557,1.11554,2850000,1000000
2021-07-01 14:34:29.135000,1.11556,1.11553,1200000,3070000
2021-07-01 14:34:29.237000,1.11556,1.11553,1600000,2620000
2021-07-01 14:34:29.338000,1.11556,1.11554,1600000,1000000
2021-07-01 14:34:29.641000,1.11555,1.11553,1310000,1500000
2021-07-01 14:34:29.692000,1.11553,1.1155,2350000,2250000
2021-07-01 14:34:29.862000,1.11553,1.1155,3000000,1000000
2021-07-01 14:34:30.014000,1.11553,1.1155,3570000,1000000
2021-07-01 14:34:30.116000,1.1155,1.11547,1100000,2620000
2021-07-01 14:34:30.638000,1.11551,1.11548,2320000,1500000
2021-07-01 14:34:30.740000,1.11553,1.1155,1950000,1000000
2021-07-01 14:34:30.841000,1.11554,1.11551,2350000,1000000
2021-07-01 14:34:30.943000,1.11554,1.11551,1950000,1000000
2021-07-01 14:34:31.044000,1.11554,1.11552,1200000,1000000
2021-07-01 14:34:31.297000,1.11555,1.11552,1870000,1570000
2021-07-01 14:34:32.230000,1.11554,1.11552,1570000,1000000
2021-07-01 14:34:33.806000,1.11554,1.11551,3820000,1500000
2021-07-01 14:34:34.887000,1.11553,1.11551,1000000,1500000
2021-07-01 14:34:37.914000,1.11554,1.11551,1950000,1500000
2021-07-01 14:34:38.169000,1.11553,1.1155,1570000,1690000
2021-07-01 14:34:40.155000,1.11554,1.11551,3470000,1000000
2021-07-01 14:34:44.037000,1.11554,1.11551,4570000,1000000
2021-07-01 14:34:44.139000,1.11554,1.11551,3100000,1000000
2021-07-01 14:34:46.613000,1.11554,1.11551,2700000,1000000
2021-07-01 14:34:47.065000,1.11554,1.11551,3200000,1000000
2021-07-01 14:34:47.616000,1.11554,1.11552,1000000,1000000
2021-07-01 14:34:47.768000,1.11555,1.11552,2700000,1120000
2021-07-01 14:34:47.920000,1.11554,1.11551,1100000,4060000
2021-07-01 14:34:48.787000,1.11554,1.11551,1200000,3560000
2021-07-01 14:34:53.757000,1.11554,1.11551,2350000,1500000
2021-07-01 14:34:57.517000,1.11554,1.11551,1000000,4720000
2021-07-01 14:34:57.573000,1.11556,1.11554,1500000,1250000
2021-07-01 14:34:57.675000,1.11559,1.11555,1200000,1000000
2021-07-01 14:34:58.728000,1.11559,1.11557,1570000,1000000
2021-07-01 14:34:59.695000,1.1156,1.11557,3750000,1950000
2021-07-01 14:35:01.147000,1.11561,1.11556,4320000,1000000
2021-07-01 14:35:02.191000,1.1156,1.11557,3820000,1000000
2021-07-01 14:35:04.195000,1.1156,1.11557,2820000,1000000
2021-07-01 14:35:05.782000,1.11558,1.11556,1200000,1000000
2021-07-01 14:35:05.883000,1.11558,1.11553,1500000,1600000
2021-07-01 14:35:06.136000,1.11557,1.11554,1500000,1100000
2021-07-01 14:35:10.380000,1.11556,1.11553,1100000,1310000
2021-07-01 14:35:10.893000,1.11555,1.11552,1570000,1310000
2021-07-01 14:35:11.872000,1.11556,1.11551,3100000,1000000
2021-07-01 14:35:12.030000,1.11554,1.11551,1570000,1000000
2021-07-01 14:35:12.132000,1.11554,1.11551,2350000,1000000
2021-07-01 14:35:12.441000,1.11554,1.11551,1570000,1000000
2021-07-01 14:35:13.973000,1.11554,1.11551,1970000,1000000
2021-07-01 14:35:15.742000,1.11554,1.11551,1100000,1500000
2021-07-01 14:35:15.843000,1.11557,1.11552,3070000,1950000
2021-07-01 14:35:15.944000,1.11557,1.11554,1570000,2500000
2021-07-01 14:35:16.046000,1.11558,1.11555,1570000,2310000
2021-07-01 14:35:16.150000,1.11558,1.11555,1570000,1310000
2021-07-01 14:35:18.152000,1.11559,1.11554,3100000,1000000
2021-07-01 14:35:23.226000,1.11556,1.11554,1100000,1000000
2021-07-01 14:35:23.327000,1.11556,1.11553,1570000,2060000
2021-07-01 14:35:23.929000,1.11555,1.11552,1200000,2060000
2021-07-01 14:35:24.131000,1.11555,1.11552,2350000,1000000
2021-07-01 14:35:24.232000,1.11552,1.11549,2320000,2320000
2021-07-01 14:35:28.755000,1.11553,1.1155,3100000,1000000
2021-07-01 14:35:30.858000,1.11553,1.1155,1570000,1000000
2021-07-01 14:35:38.225000,1.11554,1.11552,3000000,1500000
2021-07-01 14:35:38.326000,1.11555,1.11552,1950000,1200000
2021-07-01 14:35:38.427000,1.11555,1.11552,3290000,1000000
2021-07-01 14:35:43.755000,1.11554,1.11551,1390000,1500000
2021-07-01 14:35:45.023000,1.11554,1.11549,1570000,1570000
2021-07-01 14:35:54.518000,1.11553,1.11551,1000000,1200000
2021-07-01 14:35:54.620000,1.11554,1.11551,1120000,4350000
2021-07-01 14:35:54.772000,1.11554,1.11551,3410000,1620000
2021-07-01 14:35:54.822000,1.11554,1.11549,1950000,1870000
2021-07-01 14:36:06.655000,1.1155,1.11548,1390000,1500000
2021-07-01 14:36:06.706000,1.11549,1.11546,4010000,1000000
2021-07-01 14:36:06.808000,1.11548,1.11545,1950000,1000000
2021-07-01 14:36:08.057000,1.11547,1.11544,1200000,1500000
2021-07-01 14:36:11.245000,1.11544,1.11542,1570000,1500000
2021-07-01 14:36:11.347000,1.11543,1.11538,1500000,2320000
2021-07-01 14:36:11.549000,1.11541,1.11538,1000000,3260000
2021-07-01 14:36:16.327000,1.1154,1.11537,1950000,1870000
2021-07-01 14:36:16.952000,1.11538,1.11536,2320000,1120000
2021-07-01 14:36:17.003000,1.11537,1.11534,1000000,3260000
2021-07-01 14:36:17.104000,1.11536,1.11533,1000000,2210000
2021-07-01 14:36:18.138000,1.1154,1.11536,1570000,1000000
2021-07-01 14:36:18.240000,1.11542,1.11539,1500000,1950000
2021-07-01 14:36:19.817000,1.11542,1.11537,1000000,4540000
2021-07-01 14:36:19.918000,1.11541,1.11538,1000000,2620000
2021-07-01 14:36:22.581000,1.11542,1.11539,2140000,1000000
2021-07-01 14:36:24.478000,1.11541,1.11538,1000000,2620000
2021-07-01 14:36:25.206000,1.1154,1.11537,1000000,6340000
2021-07-01 14:36:26.095000,1.1154,1.11537,1000000,5290000
2021-07-01 14:36:29.731000,1.11541,1.11538,1500000,2320000
2021-07-01 14:36:30.958000,1.1154,1.11537,1500000,2820000
2021-07-01 14:36:31.060000,1.1154,1.11537,1500000,1950000
2021-07-01 14:36:34.867000,1.11539,1.11537,1000000,1620000
2021-07-01 14:36:35.902000,1.11539,1.11537,1000000,1500000
2021-07-01 14:36:46.905000,1.1154,1.11536,1000000,1000000
2021-07-01 14:36:47.902000,1.11539,1.11536,1120000,3760000
2021-07-01 14:36:49.995000,1.11539,1.11536,1120000,3640000
2021-07-01 14:36:50.411000,1.1154,1.11538,1500000,1200000
2021-07-01 14:36:50.462000,1.11543,1.11541,1100000,1250000
2021-07-01 14:36:50.513000,1.11545,1.11542,1950000,2440000
2021-07-01 14:36:50.615000,1.11546,1.11543,1500000,3390000
2021-07-01 14:36:51.527000,1.11546,1.11543,1500000,2890000
2021-07-01 14:36:55.755000,1.11546,1.11544,1000000,1000000
2021-07-01 14:37:02.297000,1.11547,1.11545,1000000,1200000
2021-07-01 14:37:02.399000,1.11546,1.11544,1000000,1760000
2021-07-01 14:37:03.816000,1.11547,1.11544,1000000,2290000
2021-07-01 14:37:03.967000,1.11548,1.11545,2620000,1390000
2021-07-01 14:37:04.018000,1.1155,1.11548,2620000,3700000
2021-07-01 14:37:04.069000,1.11552,1.1155,1000000,1200000
2021-07-01 14:37:04.170000,1.11553,1.11551,1000000,1000000
2021-07-01 14:37:04.272000,1.11553,1.11549,1000000,1200000
2021-07-01 14:37:19.796000,1.11552,1.11549,1500000,1500000
2021-07-01 14:37:26.749000,1.11552,1.11549,1500000,2750000
2021-07-01 14:37:27.733000,1.11552,1.11549,1500000,1500000
2021-07-01 14:37:37.676000,1.11552,1.11548,1000000,1000000
2021-07-01 14:37:37.727000,1.11549,1.11547,1000000,2320000
2021-07-01 14:37:37.879000,1.11549,1.11546,1500000,3370000
2021-07-01 14:37:37.980000,1.11549,1.11546,1500000,3120000
2021-07-01 14:37:38.082000,1.11551,1.11548,1500000,1500000
2021-07-01 14:37:40.601000,1.11551,1.11548,1500000,3500000
2021-07-01 14:37:43.097000,1.11548,1.11546,1000000,2350000
2021-07-01 14:37:43.148000,1.11548,1.11545,1500000,4500000
2021-07-01 14:37:43.249000,1.11547,1.11545,1100000,1000000
2021-07-01 14:37:43.401000,1.11547,1.11544,1500000,1500000
2021-07-01 14:37:46.756000,1.11547,1.11543,1000000,1870000
2021-07-01 14:37:47.748000,1.11549,1.11544,1000000,3310000
2021-07-01 14:37:47.850000,1.11549,1.11547,1000000,1500000
2021-07-01 14:37:47.951000,1.11549,1.11546,1500000,3370000
2021-07-01 14:37:48.489000,1.11549,1.11546,1500000,3500000
2021-07-01 14:37:48.738000,1.11551,1.11548,1500000,1870000
2021-07-01 14:37:50.438000,1.11551,1.11548,1000000,2940000
2021-07-01 14:37:51.149000,1.11552,1.11548,1000000,2000000
2021-07-01 14:37:51.250000,1.11553,1.1155,1500000,4250000
2021-07-01 14:37:51.357000,1.11554,1.11553,1000000,1000000
2021-07-01 14:37:52.284000,1.11554,1.11552,1000000,1120000
2021-07-01 14:38:00.807000,1.11556,1.11554,1000000,1310000
2021-07-01 14:38:00.909000,1.11558,1.11555,1690000,2370000
2021-07-01 14:38:01.061000,1.11557,1.11555,1010000,1120000
2021-07-01 14:38:01.175000,1.11557,1.11554,3290000,1580000
2021-07-01 14:38:01.277000,1.11555,1.11553,1000000,2250000
2021-07-01 14:38:01.483000,1.11554,1.11552,1000000,1500000
2021-07-01 14:38:04.693000,1.11555,1.11552,1000000,5370000
2021-07-01 14:38:04.845000,1.11555,1.11552,1000000,3000000
2021-07-01 14:38:04.947000,1.11553,1.11552,1000000,1000000
2021-07-01 14:38:05.326000,1.11553,1.1155,1000000,3500000
2021-07-01 14:38:05.529000,1.11554,1.11549,1000000,3750000
2021-07-01 14:38:05.785000,1.11553,1.1155,1000000,3870000
2021-07-01 14:38:08.882000,1.11556,1.11553,1690000,1950000
2021-07-01 14:38:13.424000,1.11557,1.11554,1500000,3220000
2021-07-01 14:38:13.526000,1.11558,1.11556,1000000,1100000
2021-07-01 14:38:17.510000,1.11558,1.11556,1000000,1700000
2021-07-01 14:38:18.529000,1.11558,1.11556,1000000,1570000
2021-07-01 14:38:21.276000,1.11559,1.11555,1000000,2450000
2021-07-01 14:38:22.093000,1.11561,1.11556,1250000,3600000
2021-07-01 14:38:22.144000,1.11562,1.1156,1000000,1200000
2021-07-01 14:38:22.246000,1.11563,1.11562,1000000,3070000
2021-07-01 14:38:22.351000,1.11566,1.11563,3320000,1100000
2021-07-01 14:38:22.706000,1.11566,1.11563,1250000,3970000
2021-07-01 14:38:25.439000,1.11569,1.11567,3120000,1200000
2021-07-01 14:38:25.540000,1.11569,1.11567,1500000,3450000
2021-07-01 14:38:25.641000,1.11571,1.11569,1000000,1950000
2021-07-01 14:38:25.743000,1.11569,1.11568,1250000,1870000
2021-07-01 14:38:25.844000,1.11569,1.11567,1690000,1570000
2021-07-01 14:38:26.421000,1.11569,1.11566,2440000,2320000
2021-07-01 14:38:26.523000,1.11568,1.11566,1000000,1200000
2021-07-01 14:38:27.219000,1.11568,1.11565,1000000,5320000
2021-07-01 14:38:27.425000,1.11568,1.11564,1000000,1120000
2021-07-01 14:38:28.889000,1.11568,1.11566,1870000,1200000
2021-07-01 14:38:28.991000,1.11569,1.11567,2510000,1570000
2021-07-01 14:38:29.143000,1.11571,1.11568,1950000,3220000
2021-07-01 14:38:29.679000,1.11572,1.11567,1690000,1200000
2021-07-01 14:38:29.903000,1.1157,1.11568,1250000,1200000
2021-07-01 14:38:30.557000,1.1157,1.11569,1250000,1000000
2021-07-01 14:38:30.708000,1.11571,1.11569,1310000,1000000
2021-07-01 14:38:30.759000,1.11574,1.11572,1000000,1000000
2021-07-01 14:38:30.861000,1.11575,1.11573,1690000,1500000
2021-07-01 14:38:30.962000,1.11574,1.11572,1000000,2400000
2021-07-01 14:38:31.063000,1.11575,1.11572,1690000,2320000
2021-07-01 14:38:31.519000,1.11575,1.11573,1250000,1200000
2021-07-01 14:38:31.620000,1.11577,1.11575,1250000,1000000
2021-07-01 14:38:31.721000,1.11578,1.11575,3510000,1950000
2021-07-01 14:38:31.823000,1.11578,1.11575,2440000,1950000
2021-07-01 14:38:32.142000,1.11579,1.11576,1000000,3970000
2021-07-01 14:38:32.345000,1.1158,1.11575,1000000,2320000
2021-07-01 14:38:32.598000,1.11578,1.11576,1250000,1000000
2021-07-01 14:38:33.992000,1.11582,1.1158,1000000,1950000
2021-07-01 14:38:34.093000,1.11584,1.11582,1390000,1000000
2021-07-01 14:38:34.195000,1.11585,1.11582,1000000,2320000
2021-07-01 14:38:34.296000,1.11585,1.11582,1000000,3970000
2021-07-01 14:38:34.397000,1.11585,1.11582,1000000,2700000
2021-07-01 14:38:34.667000,1.11585,1.11582,1000000,3970000
2021-07-01 14:38:34.769000,1.11585,1.11582,1250000,2320000
2021-07-01 14:38:35.476000,1.11585,1.11582,1750000,1950000
2021-07-01 14:38:35.628000,1.11585,1.11582,1250000,1950000
2021-07-01 14:38:35.931000,1.11585,1.11582,2500000,1000000
2021-07-01 14:38:36.032000,1.11584,1.11581,1750000,1950000
2021-07-01 14:38:36.553000,1.11584,1.11581,1250000,3600000
2021-07-01 14:38:36.655000,1.11584,1.11581,1750000,1950000
2021-07-01 14:38:37.316000,1.11585,1.11582,1310000,1950000
2021-07-01 14:38:37.418000,1.11587,1.11585,1950000,1570000
2021-07-01 14:38:37.520000,1.11588,1.11587,1000000,1000000
2021-07-01 14:38:37.722000,1.11589,1.11586,2500000,1000000
2021-07-01 14:38:37.824000,1.11586,1.11584,1000000,1200000
2021-07-01 14:38:37.925000,1.11585,1.11583,1000000,1570000
2021-07-01 14:38:38.127000,1.11586,1.11583,1000000,1950000
2021-07-01 14:38:38.229000,1.11589,1.11586,1250000,2100000
2021-07-01 14:38:38.431000,1.1159,1.11588,1250000,1950000
2021-07-01 14:38:38.633000,1.11591,1.11588,1250000,1200000
2021-07-01 14:38:38.735000,1.1159,1.11588,1690000,1950000
2021-07-01 14:38:39.241000,1.1159,1.11588,2500000,1200000
2021-07-01 14:38:41.110000,1.11589,1.11587,1250000,1950000
2021-07-01 14:38:42.471000,1.11587,1.11585,1690000,3200000
2021-07-01 14:38:42.522000,1.11586,1.11583,1000000,10800000
2021-07-01 14:38:42.623000,1.11586,1.11583,1500000,1200000
2021-07-01 14:38:42.724000,1.11586,1.11583,2440000,2070000
2021-07-01 14:38:44.004000,1.11586,1.11583,2440000,1200000
2021-07-01 14:38:44.984000,1.11588,1.11586,2620000,1200000
2021-07-01 14:38:45.086000,1.11589,1.11586,2440000,1600000
2021-07-01 14:38:45.187000,1.11589,1.11586,1500000,2620000
2021-07-01 14:38:45.389000,1.11589,1.11586,1690000,3220000
2021-07-01 14:38:45.642000,1.11589,1.11586,2440000,1950000
2021-07-01 14:38:46.992000,1.11589,1.11586,2440000,2100000
2021-07-01 14:38:47.906000,1.11589,1.11586,3260000,1500000
2021-07-01 14:38:48.007000,1.11588,1.11586,1000000,1000000
2021-07-01 14:38:48.448000,1.11587,1.11584,1310000,1100000
2021-07-01 14:38:48.550000,1.11586,1.11584,1500000,1100000
2021-07-01 14:38:48.803000,1.11586,1.11583,1500000,3150000
2021-07-01 14:38:51.507000,1.11586,1.11582,1000000,1200000
2021-07-01 14:38:51.609000,1.11585,1.11582,3190000,1200000
2021-07-01 14:38:51.710000,1.11585,1.11582,3690000,1200000
2021-07-01 14:38:52.192000,1.11585,1.11582,3000000,1200000
2021-07-01 14:38:52.637000,1.11584,1.11582,1000000,1200000
2021-07-01 14:38:52.739000,1.11583,1.11581,1500000,1200000
2021-07-01 14:38:53.679000,1.11585,1.11583,1500000,2250000
2021-07-01 14:38:53.730000,1.11592,1.1159,1120000,2660000
2021-07-01 14:38:53.832000,1.11594,1.11591,1950000,1100000
2021-07-01 14:38:53.933000,1.11593,1.1159,1120000,2470000
2021-07-01 14:38:54.036000,1.11592,1.1159,1000000,1720000
2021-07-01 14:38:54.491000,1.11592,1.1159,1000000,1200000
2021-07-01 14:38:56.296000,1.11594,1.1159,4870000,1600000
2021-07-01 14:38:56.397000,1.11597,1.11594,1500000,1760000
2021-07-01 14:38:56.499000,1.11597,1.11595,1000000,1200000
2021-07-01 14:38:56.600000,1.11598,1.11595,2620000,1200000
2021-07-01 14:38:56.701000,1.11598,1.11595,2620000,2100000
2021-07-01 14:38:56.854000,1.11599,1.11597,1000000,1200000
2021-07-01 14:38:56.955000,1.11598,1.11596,1000000,1950000
2021-07-01 14:38:57.057000,1.11598,1.11595,2250000,1200000
2021-07-01 14:38:57.108000,1.11594,1.11593,1000000,1120000
2021-07-01 14:38:57.159000,1.11594,1.11591,2810000,1200000
2021-07-01 14:38:57.260000,1.11592,1.11589,1000000,2290000
2021-07-01 14:38:57.526000,1.11591,1.11589,1000000,1950000
2021-07-01 14:38:57.881000,1.11591,1.11588,1500000,1200000
2021-07-01 14:38:59.362000,1.11592,1.11589,1870000,1200000
2021-07-01 14:38:59.464000,1.11592,1.11589,1500000,1850000
2021-07-01 14:38:59.566000,1.11592,1.11589,1500000,1000000
2021-07-01 14:39:06.547000,1.11592,1.11589,4820000,1000000
2021-07-01 14:39:06.599000,1.11591,1.11586,1000000,2140000
2021-07-01 14:39:06.701000,1.11591,1.11588,2060000,1200000
2021-07-01 14:39:07.901000,1.1159,1.11588,1310000,1000000
2021-07-01 14:39:08.003000,1.11589,1.11587,1250000,1000000
2021-07-01 14:39:08.739000,1.11589,1.11586,1690000,1000000
2021-07-01 14:39:09.398000,1.1159,1.11587,2620000,1390000
2021-07-01 14:39:09.500000,1.11591,1.11588,2510000,1950000
2021-07-01 14:39:09.603000,1.11592,1.11589,1250000,1950000
2021-07-01 14:39:09.858000,1.11594,1.11591,6640000,1000000
2021-07-01 14:39:10.981000,1.11592,1.11589,1250000,3200000
2021-07-01 14:39:11.083000,1.11589,1.11587,1250000,2700000
2021-07-01 14:39:11.185000,1.1159,1.11587,1310000,1950000
2021-07-01 14:39:11.624000,1.11591,1.11587,2000000,3850000
2021-07-01 14:39:11.726000,1.11591,1.11588,1000000,2700000
2021-07-01 14:39:11.987000,1.1159,1.11588,1010000,1000000
2021-07-01 14:39:12.089000,1.11589,1.11587,1000000,1000000
2021-07-01 14:39:12.761000,1.1159,1.11588,1690000,1000000
2021-07-01 14:39:13.118000,1.11589,1.11588,1000000,1000000
2021-07-01 14:39:13.928000,1.11587,1.11585,1120000,1000000
2021-07-01 14:39:16.715000,1.11587,1.11586,1000000,1000000
2021-07-01 14:39:16.766000,1.11589,1.11587,3000000,1000000
2021-07-01 14:39:17.123000,1.11589,1.11588,1000000,1000000
2021-07-01 14:39:17.225000,1.11591,1.11588,2370000,2890000
2021-07-01 14:39:17.328000,1.11591,1.1159,1000000,1000000
2021-07-01 14:39:17.379000,1.11594,1.11589,3370000,1200000
2021-07-01 14:39:17.859000,1.11592,1.11587,1570000,1000000
2021-07-01 14:39:18.112000,1.11591,1.11587,1000000,1000000
2021-07-01 14:39:21.455000,1.11589,1.11587,1120000,1000000
2021-07-01 14:39:23.071000,1.11591,1.11587,1000000,1200000
2021-07-01 14:39:23.172000,1.11592,1.11587,1500000,2140000
2021-07-01 14:39:23.282000,1.11592,1.11588,1000000,1000000
2021-07-01 14:39:26.745000,1.11594,1.11589,1120000,1370000
2021-07-01 14:39:26.846000,1.11595,1.11593,1000000,1000000
2021-07-01 14:39:26.947000,1.11596,1.11594,1000000,1000000
2021-07-01 14:39:28.462000,1.11596,1.11595,1000000,1000000
2021-07-01 14:39:33.333000,1.11598,1.11595,1500000,1500000
2021-07-01 14:39:36.866000,1.11594,1.11592,1000000,2810000
2021-07-01 14:39:37.018000,1.11595,1.11593,1500000,4500000
2021-07-01 14:39:37.119000,1.11597,1.11594,2370000,1000000
2021-07-01 14:39:38.034000,1.11597,1.11594,1870000,1000000
2021-07-01 14:39:40.042000,1.11595,1.11592,1000000,4870000
2021-07-01 14:39:40.432000,1.11593,1.1159,1000000,3070000
2021-07-01 14:39:41.090000,1.11594,1.11591,3000000,1000000
2021-07-01 14:39:42.030000,1.11593,1.1159,1000000,3150000
2021-07-01 14:39:44.496000,1.11593,1.1159,1000000,5660000
2021-07-01 14:39:49.567000,1.11595,1.1159,2250000,1950000
2021-07-01 14:39:50.032000,1.11595,1.11594,1000000,1120000
2021-07-01 14:39:50.134000,1.11598,1.11595,1870000,1450000
2021-07-01 14:39:50.185000,1.116,1.11597,1870000,2320000
2021-07-01 14:39:50.690000,1.11602,1.11599,5360000,1000000
2021-07-01 14:39:50.892000,1.116,1.11598,1000000,1950000
2021-07-01 14:39:51.044000,1.116,1.11597,1000000,2700000
2021-07-01 14:39:52.880000,1.11599,1.11596,1120000,2320000
2021-07-01 14:39:53.491000,1.11597,1.11594,1570000,1200000
2021-07-01 14:39:53.592000,1.11596,1.11594,1000000,1000000
2021-07-01 14:39:54.444000,1.11596,1.11593,4200000,1000000
2021-07-01 14:39:54.545000,1.11595,1.11593,1000000,1000000
2021-07-01 14:39:56.712000,1.11596,1.11593,3820000,1000000
2021-07-01 14:39:56.813000,1.11595,1.11592,1500000,2320000
2021-07-01 14:39:56.915000,1.11594,1.11592,1100000,1000000
2021-07-01 14:39:57.322000,1.11594,1.11589,1120000,1570000
2021-07-01 14:39:57.808000,1.11593,1.11589,1000000,1500000
2021-07-01 14:39:59.510000,1.11592,1.11589,1500000,1010000
2021-07-01 14:40:00.051000,1.11591,1.11589,1000000,1010000
2021-07-01 14:40:00.791000,1.11593,1.11591,1000000,1390000
2021-07-01 14:40:00.893000,1.11593,1.1159,1000000,3710000
2021-07-01 14:40:00.995000,1.11592,1.1159,1000000,1840000
2021-07-01 14:40:05.549000,1.11594,1.11591,2470000,1390000
2021-07-01 14:40:06.891000,1.11593,1.1159,1950000,1690000
2021-07-01 14:40:06.941000,1.11591,1.11589,1000000,2760000
2021-07-01 14:40:07.043000,1.1159,1.11588,1000000,2150000
2021-07-01 14:40:07.144000,1.1159,1.11588,1000000,1120000
2021-07-01 14:40:10.703000,1.11589,1.11587,2320000,1000000
2021-07-01 14:40:10.804000,1.11586,1.11583,1000000,1890000
2021-07-01 14:40:10.906000,1.11586,1.11583,1000000,1390000
2021-07-01 14:40:11.702000,1.11588,1.11583,1500000,1760000
2021-07-01 14:40:12.108000,1.11587,1.11584,1500000,2660000
2021-07-01 14:40:14.591000,1.11587,1.11584,1000000,3260000
2021-07-01 14:40:14.693000,1.11586,1.11583,1000000,3260000
2021-07-01 14:40:17.162000,1.11585,1.11583,1000000,1200000
2021-07-01 14:40:17.415000,1.11585,1.11582,1000000,3820000
2021-07-01 14:40:21.131000,1.11589,1.11586,2370000,2320000
2021-07-01 14:40:21.233000,1.1159,1.11587,1200000,1690000
2021-07-01 14:40:21.487000,1.1159,1.11588,1000000,1000000
2021-07-01 14:40:21.936000,1.11589,1.11586,1000000,3760000
2021-07-01 14:40:22.037000,1.11589,1.11584,1120000,2590000
2021-07-01 14:40:22.993000,1.11587,1.11584,1000000,3070000
2021-07-01 14:40:23.197000,1.11585,1.11584,1000000,1500000
2021-07-01 14:40:23.299000,1.11585,1.11583,1000000,1000000
2021-07-01 14:40:24.730000,1.11586,1.11581,1000000,1760000
2021-07-01 14:40:25.661000,1.11584,1.11581,1000000,1760000
2021-07-01 14:40:34.239000,1.11584,1.11581,1000000,2540000
2021-07-01 14:40:34.340000,1.11585,1.11582,1000000,2510000
2021-07-01 14:40:34.492000,1.11585,1.11582,1000000,2910000
2021-07-01 14:40:38.035000,1.11586,1.11583,2620000,1200000
2021-07-01 14:40:38.137000,1.11587,1.11584,2620000,1390000
2021-07-01 14:40:38.743000,1.11586,1.11583,1500000,2700000
2021-07-01 14:40:41.630000,1.11585,1.11582,1000000,5570000
2021-07-01 14:40:41.783000,1.11586,1.11584,1000000,2570000
2021-07-01 14:40:41.834000,1.11589,1.11586,2320000,2890000
2021-07-01 14:40:42.089000,1.11589,1.11586,1120000,5010000
2021-07-01 14:40:44.075000,1.11588,1.11584,1570000,1120000
2021-07-01 14:40:44.176000,1.11587,1.11584,1950000,2060000
2021-07-01 14:40:44.437000,1.11588,1.11585,2700000,1250000
2021-07-01 14:40:44.590000,1.11589,1.11586,3820000,1390000
2021-07-01 14:40:45.267000,1.11587,1.11585,2320000,1120000
2021-07-01 14:40:45.369000,1.11586,1.11584,1120000,1500000
2021-07-01 14:40:45.470000,1.11585,1.11584,1000000,1000000
2021-07-01 14:40:45.845000,1.11585,1.11583,1000000,2700000
2021-07-01 14:40:45.997000,1.11583,1.1158,1000000,4390000
2021-07-01 14:40:46.404000,1.11582,1.11579,1500000,3370000
2021-07-01 14:40:46.507000,1.11581,1.11577,1200000,1500000
2021-07-01 14:40:46.608000,1.1158,1.11577,2820000,1000000
2021-07-01 14:40:47.527000,1.11579,1.11576,2570000,1500000
2021-07-01 14:40:49.493000,1.11577,1.11574,1000000,3070000
2021-07-01 14:40:52.567000,1.11579,1.11574,4010000,1000000
2021-07-01 14:40:53.307000,1.11575,1.11573,1250000,1000000
2021-07-01 14:40:53.409000,1.11576,1.11573,1500000,2320000
2021-07-01 14:40:53.511000,1.11578,1.11575,1690000,1200000
2021-07-01 14:40:53.724000,1.11579,1.11576,2890000,1000000
2021-07-01 14:40:55.469000,1.11578,1.11576,1250000,1000000
2021-07-01 14:40:55.572000,1.11578,1.11575,1690000,1950000
2021-07-01 14:40:55.674000,1.11577,1.11574,3700000,1000000
2021-07-01 14:40:55.776000,1.11573,1.11571,1250000,1120000
2021-07-01 14:40:55.878000,1.11571,1.11569,1000000,1000000
2021-07-01 14:40:56.490000,1.11571,1.11567,3600000,1500000
2021-07-01 14:40:56.541000,1.11566,1.11565,1000000,1000000
2021-07-01 14:40:56.642000,1.11566,1.11564,1500000,1000000
2021-07-01 14:40:58.617000,1.11566,1.11563,2320000,1500000
2021-07-01 14:40:58.840000,1.11566,1.11563,2450000,1500000
2021-07-01 14:40:59.867000,1.11566,1.11563,2320000,1500000
2021-07-01 14:41:00.399000,1.11566,1.11563,3790000,1000000
2021-07-01 14:41:00.450000,1.11564,1.11561,1690000,2320000
2021-07-01 14:41:00.936000,1.11564,1.11561,1000000,2100000
2021-07-01 14:41:01.392000,1.11564,1.11561,1000000,1950000
2021-07-01 14:41:02.198000,1.11565,1.11562,2890000,1500000
2021-07-01 14:41:07.111000,1.11565,1.11562,1000000,3570000
2021-07-01 14:41:07.314000,1.11567,1.11564,1500000,1950000
2021-07-01 14:41:07.416000,1.11571,1.11569,3120000,1570000
2021-07-01 14:41:07.467000,1.11572,1.1157,1120000,1000000
2021-07-01 14:41:08.349000,1.11571,1.11569,1000000,1000000
2021-07-01 14:41:28.098000,1.11569,1.11567,2140000,1000000
2021-07-01 14:41:28.149000,1.11568,1.11565,1870000,5200000
2021-07-01 14:41:28.251000,1.11568,1.11566,1120000,1200000
2021-07-01 14:41:28.352000,1.11567,1.11566,1000000,1000000
2021-07-01 14:41:28.606000,1.11568,1.11566,1000000,1000000
2021-07-01 14:41:30.551000,1.11567,1.11563,1000000,2620000
2021-07-01 14:41:34.757000,1.11566,1.11563,1500000,1570000
2021-07-01 14:41:39.905000,1.11566,1.11564,1000000,2000000
2021-07-01 14:41:39.956000,1.11569,1.11567,1100000,1200000
2021-07-01 14:41:40.057000,1.1157,1.11568,1000000,1100000
2021-07-01 14:41:40.260000,1.11571,1.11569,1690000,1000000
2021-07-01 14:41:42.218000,1.1157,1.11567,2320000,2370000
2021-07-01 14:41:42.322000,1.1157,1.11567,3260000,1000000
2021-07-01 14:41:42.423000,1.11569,1.11567,1310000,1000000
2021-07-01 14:41:47.580000,1.1157,1.11567,1690000,1190000
2021-07-01 14:41:47.782000,1.11571,1.11569,1390000,1000000
2021-07-01 14:41:49.047000,1.11569,1.11567,4070000,1120000
2021-07-01 14:41:49.098000,1.11568,1.11565,2950000,1500000
2021-07-01 14:41:50.114000,1.1157,1.11567,2820000,1570000
2021-07-01 14:41:50.216000,1.11571,1.11568,2890000,1000000
2021-07-01 14:41:54.099000,1.11571,1.11568,4450000,1000000
2021-07-01 14:41:54.200000,1.11569,1.11567,1000000,1000000
2021-07-01 14:41:54.352000,1.11569,1.11566,1500000,1190000
2021-07-01 14:41:55.735000,1.11569,1.11567,1000000,1090000
2021-07-01 14:41:55.836000,1.11572,1.11569,1870000,3070000
2021-07-01 14:41:55.938000,1.11574,1.11569,1500000,1690000
2021-07-01 14:41:56.969000,1.11573,1.1157,1000000,2690000
2021-07-01 14:41:59.924000,1.11575,1.11573,1000000,1190000
2021-07-01 14:42:00.025000,1.11576,1.11574,1500000,2320000
2021-07-01 14:42:00.127000,1.11577,1.11575,1500000,1090000
2021-07-01 14:42:00.599000,1.11578,1.11573,1500000,2840000
2021-07-01 14:42:01.003000,1.11578,1.11573,1500000,2320000
2021-07-01 14:42:01.972000,1.11576,1.11574,1250000,1120000
2021-07-01 14:42:02.073000,1.11574,1.11571,1690000,3170000
2021-07-01 14:42:02.174000,1.11574,1.11571,1690000,2320000
2021-07-01 14:42:03.197000,1.11576,1.11573,1000000,1090000
2021-07-01 14:42:03.248000,1.11577,1.11574,1690000,1090000
2021-07-01 14:42:03.671000,1.11575,1.11572,1250000,5540000
2021-07-01 14:42:03.772000,1.11576,1.11572,2950000,1190000
2021-07-01 14:42:05.494000,1.11574,1.11572,1000000,1190000
2021-07-01 14:42:06.722000,1.11577,1.11572,1690000,2850000
2021-07-01 14:42:06.975000,1.11577,1.11574,1500000,2070000
2021-07-01 14:42:08.309000,1.11578,1.11576,1500000,1000000
2021-07-01 14:42:08.462000,1.11577,1.11575,1000000,2320000
2021-07-01 14:42:11.159000,1.11578,1.11575,1500000,1200000
2021-07-01 14:42:13.271000,1.11578,1.11575,1000000,3850000
2021-07-01 14:42:13.373000,1.11579,1.11576,1500000,1570000
2021-07-01 14:42:15.903000,1.11578,1.11575,1000000,1570000
2021-07-01 14:42:16.563000,1.11578,1.11575,1000000,2720000
2021-07-01 14:42:16.771000,1.11578,1.11575,1000000,1950000
2021-07-01 14:42:18.568000,1.11579,1.11577,1000000,3120000
2021-07-01 14:42:18.619000,1.11581,1.11579,2620000,2320000
2021-07-01 14:42:18.670000,1.11583,1.1158,1870000,1570000
2021-07-01 14:42:18.772000,1.11583,1.1158,1000000,5070000
2021-07-01 14:42:18.874000,1.11583,1.11581,1000000,1600000
2021-07-01 14:42:19.274000,1.11583,1.11581,1000000,1200000
2021-07-01 14:42:19.490000,1.11584,1.11582,1000000,2450000
2021-07-01 14:42:19.541000,1.11586,1.11583,2060000,3820000
2021-07-01 14:42:20.683000,1.11585,1.11583,1000000,1000000
2021-07-01 14:42:21.496000,1.11591,1.11589,9470000,1200000
2021-07-01 14:42:21.547000,1.11593,1.1159,1000000,8700000
2021-07-01 14:42:21.598000,1.11594,1.11592,2510000,1000000
2021-07-01 14:42:21.905000,1.11594,1.1159,1000000,1120000
2021-07-01 14:42:22.259000,1.11592,1.1159,1000000,1000000
2021-07-01 14:42:22.360000,1.11592,1.11589,3260000,1870000
2021-07-01 14:42:22.462000,1.11596,1.11592,1760000,1000000
2021-07-01 14:42:22.563000,1.11596,1.11594,1010000,1000000
2021-07-01 14:42:22.766000,1.11596,1.11593,2140000,1000000
2021-07-01 14:42:23.585000,1.11597,1.11592,3350000,1000000
2021-07-01 14:42:23.837000,1.11595,1.11592,2950000,1000000
2021-07-01 14:42:23.939000,1.11595,1.11592,1250000,1950000
2021-07-01 14:42:24.040000,1.11596,1.11593,3320000,1000000
2021-07-01 14:42:24.446000,1.11596,1.11593,1760000,1000000
2021-07-01 14:42:28.832000,1.11595,1.11592,1250000,3450000
2021-07-01 14:42:30.270000,1.11594,1.1159,3320000,8370000
2021-07-01 14:42:30.371000,1.11594,1.11589,1250000,1950000
2021-07-01 14:42:31.563000,1.11593,1.1159,2200000,1500000
2021-07-01 14:42:31.969000,1.1159,1.11588,1120000,1620000
2021-07-01 14:42:32.070000,1.1159,1.11588,1120000,1000000
2021-07-01 14:42:32.171000,1.11592,1.11588,4040000,1500000
2021-07-01 14:42:32.273000,1.11592,1.11589,3640000,1200000
2021-07-01 14:42:33.277000,1.1159,1.11589,1250000,1000000
2021-07-01 14:42:33.378000,1.11589,1.11587,1760000,1000000
2021-07-01 14:42:33.480000,1.11589,1.11586,1760000,1000000
2021-07-01 14:42:33.581000,1.11588,1.11586,1000000,1000000
2021-07-01 14:42:33.873000,1.11587,1.11584,1390000,1500000
2021-07-01 14:42:33.974000,1.11586,1.11584,1000000,1000000
2021-07-01 14:42:34.396000,1.11588,1.11585,1870000,2910000
2021-07-01 14:42:34.928000,1.11589,1.11586,3640000,1100000
2021-07-01 14:42:35.030000,1.11588,1.11585,2720000,1500000
2021-07-01 14:42:35.183000,1.11587,1.11583,1100000,1000000
2021-07-01 14:42:35.285000,1.11586,1.11583,1100000,3000000
2021-07-01 14:42:35.388000,1.11585,1.11583,2320000,1000000
2021-07-01 14:42:35.489000,1.11584,1.11582,1000000,1100000
2021-07-01 14:42:35.592000,1.11587,1.11584,3750000,1100000
2021-07-01 14:42:35.949000,1.11589,1.11586,3190000,1100000
2021-07-01 14:42:36.052000,1.1159,1.11587,3190000,1100000
2021-07-01 14:42:37.365000,1.11587,1.11585,1000000,2700000
2021-07-01 14:42:37.466000,1.11586,1.11582,1000000,1950000
2021-07-01 14:42:38.712000,1.11587,1.11585,1120000,1570000
2021-07-01 14:42:38.813000,1.11589,1.11586,1690000,1950000
2021-07-01 14:42:39.066000,1.11588,1.11586,1000000,1000000
2021-07-01 14:42:40.396000,1.11588,1.11585,1500000,1000000
2021-07-01 14:42:44.975000,1.11586,1.11583,1000000,4120000
2021-07-01 14:42:46.136000,1.11585,1.11583,1000000,1120000
2021-07-01 14:42:46.288000,1.11585,1.11582,1950000,1000000
2021-07-01 14:42:46.687000,1.11584,1.11581,4010000,1120000
2021-07-01 14:42:46.860000,1.11585,1.11582,1120000,1000000
2021-07-01 14:42:48.098000,1.11585,1.11582,1000000,3320000
2021-07-01 14:42:48.149000,1.11588,1.11586,1000000,1570000
2021-07-01 14:42:48.251000,1.11589,1.11586,1000000,3920000
2021-07-01 14:42:48.668000,1.11589,1.11586,1000000,2250000
2021-07-01 14:42:48.871000,1.11588,1.11585,1100000,2620000
2021-07-01 14:42:48.972000,1.11587,1.11584,1100000,1570000
2021-07-01 14:42:49.375000,1.11587,1.11583,3190000,1000000
2021-07-01 14:42:49.477000,1.11584,1.11581,1950000,1500000
2021-07-01 14:42:50.588000,1.11583,1.11581,1000000,1100000
2021-07-01 14:42:50.639000,1.11581,1.11579,1500000,1950000
2021-07-01 14:42:50.740000,1.1158,1.11577,1000000,1100000
2021-07-01 14:42:50.994000,1.11582,1.11578,2370000,2850000
2021-07-01 14:42:51.046000,1.11583,1.1158,3750000,1570000
2021-07-01 14:42:51.147000,1.11583,1.11581,1000000,1000000
2021-07-01 14:42:52.973000,1.11582,1.1158,1950000,1570000
2021-07-01 14:42:53.074000,1.11581,1.11579,1000000,1500000
2021-07-01 14:42:53.176000,1.11582,1.11579,1200000,1500000
2021-07-01 14:42:54.479000,1.1158,1.11579,1000000,1500000
2021-07-01 14:42:58.515000,1.11581,1.11578,1500000,2370000
2021-07-01 14:42:58.617000,1.11581,1.11578,1500000,1870000
2021-07-01 14:42:59.273000,1.1158,1.11578,1000000,1120000
2021-07-01 14:42:59.968000,1.11584,1.11583,1000000,1120000
2021-07-01 14:43:00.019000,1.11587,1.11583,4120000,1000000
2021-07-01 14:43:00.373000,1.11586,1.11583,1500000,1950000
2021-07-01 14:43:01.254000,1.11585,1.11583,1000000,1500000
2021-07-01 14:43:02.655000,1.11586,1.11585,1000000,1120000
2021-07-01 14:43:02.756000,1.11588,1.11585,1570000,1200000
2021-07-01 14:43:02.858000,1.11589,1.11583,1760000,3450000
2021-07-01 14:43:03.233000,1.11586,1.11584,1000000,1500000
2021-07-01 14:43:03.334000,1.11585,1.11583,1000000,1000000
2021-07-01 14:43:05.626000,1.11582,1.1158,1000000,2370000
2021-07-01 14:43:05.677000,1.11578,1.11577,1000000,1000000
2021-07-01 14:43:05.981000,1.11578,1.11574,2370000,1850000
2021-07-01 14:43:06.249000,1.11578,1.11575,2620000,1200000
2021-07-01 14:43:06.912000,1.11578,1.11576,1000000,1000000
2021-07-01 14:43:10.989000,1.11571,1.1157,3750000,2440000
2021-07-01 14:43:11.040000,1.1157,1.11568,1000000,1200000
2021-07-01 14:43:12.703000,1.11572,1.11567,2250000,1390000
2021-07-01 14:43:13.192000,1.11572,1.1157,1000000,2500000
2021-07-01 14:43:13.294000,1.11575,1.11573,1500000,2500000
2021-07-01 14:43:13.346000,1.11577,1.11575,1000000,1250000
2021-07-01 14:43:14.112000,1.11577,1.11574,1570000,2440000
2021-07-01 14:43:14.568000,1.11575,1.11572,1500000,3770000
2021-07-01 14:43:14.720000,1.11574,1.11571,4820000,2250000
2021-07-01 14:43:14.823000,1.11569,1.11568,1000000,1690000
2021-07-01 14:43:14.924000,1.11571,1.11568,1950000,1690000
2021-07-01 14:43:15.900000,1.11572,1.11569,2620000,1690000
2021-07-01 14:43:16.152000,1.11571,1.11569,1200000,2440000
2021-07-01 14:43:16.203000,1.11567,1.11565,1000000,2440000
2021-07-01 14:43:16.304000,1.11567,1.11565,1000000,3250000
2021-07-01 14:43:16.610000,1.11569,1.11566,1500000,2120000
2021-07-01 14:43:16.712000,1.1157,1.11567,1000000,1750000
2021-07-01 14:43:16.864000,1.1157,1.11568,1000000,1750000
2021-07-01 14:43:17.855000,1.1157,1.11567,1500000,2140000
2021-07-01 14:43:18.547000,1.11571,1.11569,1000000,2440000
2021-07-01 14:43:18.649000,1.11573,1.11568,1000000,3640000
2021-07-01 14:43:19.887000,1.1157,1.11568,1100000,1000000
2021-07-01 14:43:19.993000,1.11569,1.11566,1570000,2510000
2021-07-01 14:43:23.760000,1.11567,1.11565,1500000,1690000
2021-07-01 14:43:25.330000,1.11567,1.11565,1970000,1250000
2021-07-01 14:43:25.759000,1.11566,1.11563,1950000,1250000
2021-07-01 14:43:26.063000,1.11566,1.11563,1970000,1250000
2021-07-01 14:43:26.466000,1.11566,1.11563,1950000,1250000
2021-07-01 14:43:28.194000,1.11563,1.11562,1000000,1250000
2021-07-01 14:43:28.245000,1.11565,1.11562,1500000,1570000
2021-07-01 14:43:28.346000,1.11565,1.11562,1500000,2570000
2021-07-01 14:43:28.448000,1.11566,1.11564,1000000,1350000
2021-07-01 14:43:31.559000,1.11568,1.11565,5620000,1010000
2021-07-01 14:43:31.661000,1.11568,1.11566,1000000,1010000
2021-07-01 14:43:35.695000,1.1157,1.11565,3000000,1820000
2021-07-01 14:43:36.508000,1.1157,1.11568,4120000,1760000
2021-07-01 14:43:36.559000,1.11571,1.11569,1650000,2570000
2021-07-01 14:43:36.660000,1.11573,1.11571,1500000,1350000
2021-07-01 14:43:36.762000,1.11573,1.1157,1500000,2600000
2021-07-01 14:43:41.428000,1.11573,1.1157,3450000,1000000
2021-07-01 14:43:50.563000,1.11573,1.11571,1000000,1120000
2021-07-01 14:43:50.665000,1.11574,1.11572,1000000,1950000
2021-07-01 14:43:50.766000,1.11575,1.11572,1570000,2950000
2021-07-01 14:43:51.581000,1.11575,1.11573,1000000,2570000
2021-07-01 14:43:51.732000,1.11574,1.11572,1000000,3260000
2021-07-01 14:43:52.469000,1.11574,1.11572,1000000,3390000
2021-07-01 14:43:52.677000,1.11574,1.11572,1000000,2890000
2021-07-01 14:43:54.574000,1.11575,1.11572,3450000,2060000
2021-07-01 14:43:54.626000,1.11573,1.11572,1000000,1250000
2021-07-01 14:43:54.729000,1.11573,1.11571,1870000,1250000
2021-07-01 14:43:55.266000,1.11573,1.1157,1870000,2510000
2021-07-01 14:43:55.762000,1.11573,1.11571,1000000,1390000
2021-07-01 14:43:55.863000,1.11574,1.11571,2620000,1200000
2021-07-01 14:43:57.146000,1.11574,1.11572,2250000,1450000
2021-07-01 14:43:58.622000,1.11575,1.11571,1000000,1010000
2021-07-01 14:43:59.713000,1.11575,1.11572,1870000,1760000
2021-07-01 14:43:59.815000,1.11577,1.11574,2920000,1500000
2021-07-01 14:44:02.618000,1.11575,1.11573,1950000,1120000
2021-07-01 14:44:02.719000,1.11574,1.11571,1950000,1250000
2021-07-01 14:44:04.024000,1.11573,1.1157,1000000,3140000
2021-07-01 14:44:04.939000,1.11573,1.1157,3100000,1000000
2021-07-01 14:44:05.041000,1.11571,1.11568,1000000,5700000
2021-07-01 14:44:07.644000,1.11568,1.11567,1500000,2250000
2021-07-01 14:44:07.695000,1.11568,1.11566,1570000,1950000
2021-07-01 14:44:07.796000,1.11567,1.11564,1000000,5950000
2021-07-01 14:44:07.898000,1.11568,1.11566,1100000,1000000
2021-07-01 14:44:09.488000,1.1157,1.11567,2250000,1570000
2021-07-01 14:44:10.521000,1.11568,1.11566,1000000,1500000
2021-07-01 14:44:10.572000,1.11564,1.11561,1200000,2440000
2021-07-01 14:44:10.674000,1.11563,1.11562,1000000,1000000
2021-07-01 14:44:10.790000,1.11565,1.11562,2100000,2250000
2021-07-01 14:44:10.891000,1.11565,1.11562,1200000,1500000
2021-07-01 14:44:14.332000,1.11564,1.11561,1000000,2160000
2021-07-01 14:44:14.433000,1.11563,1.11561,1000000,1100000
2021-07-01 14:44:14.585000,1.11563,1.1156,1500000,1100000
2021-07-01 14:44:14.687000,1.11562,1.11559,1500000,1100000
2021-07-01 14:44:15.159000,1.1156,1.11557,1500000,1200000
2021-07-01 14:44:15.829000,1.11557,1.11554,1500000,7840000
2021-07-01 14:44:15.981000,1.11557,1.11554,1000000,3400000
2021-07-01 14:44:16.184000,1.11558,1.11553,1000000,2510000
2021-07-01 14:44:16.842000,1.11556,1.11553,1950000,1000000
2021-07-01 14:44:16.944000,1.11554,1.11551,1950000,1100000
2021-07-01 14:44:17.045000,1.11553,1.1155,1950000,1250000
2021-07-01 14:44:18.073000,1.11551,1.11547,1570000,4120000
2021-07-01 14:44:18.175000,1.11551,1.11548,1000000,4010000
2021-07-01 14:44:18.327000,1.11552,1.11549,2250000,1200000
2021-07-01 14:44:18.429000,1.11553,1.11549,1000000,1950000
2021-07-01 14:44:18.480000,1.11554,1.11551,1570000,1120000
2021-07-01 14:44:19.616000,1.11553,1.1155,1000000,2320000
2021-07-01 14:44:20.719000,1.11554,1.11552,1000000,1120000
2021-07-01 14:44:20.821000,1.11554,1.11551,1500000,2510000
2021-07-01 14:44:21.074000,1.11554,1.11552,1500000,1000000
2021-07-01 14:44:24.221000,1.11556,1.11553,1000000,4160000
2021-07-01 14:44:24.273000,1.11558,1.11555,3450000,1200000
2021-07-01 14:44:24.375000,1.11558,1.11556,1000000,1000000
2021-07-01 14:44:24.476000,1.11559,1.11556,1570000,1000000
2021-07-01 14:44:28.493000,1.11559,1.11556,1500000,1970000
2021-07-01 14:44:28.595000,1.1156,1.11557,1000000,2350000
2021-07-01 14:44:30.778000,1.11562,1.1156,3750000,1200000
2021-07-01 14:44:30.879000,1.11562,1.11559,1570000,1120000
2021-07-01 14:44:30.981000,1.1156,1.11557,1870000,2910000
2021-07-01 14:44:31.085000,1.1156,1.11557,1870000,1690000
2021-07-01 14:44:35.177000,1.11559,1.11556,1000000,3510000
2021-07-01 14:44:35.420000,1.1156,1.11559,1000000,1000000
2021-07-01 14:44:35.522000,1.11561,1.11558,1000000,4010000
2021-07-01 14:44:37.258000,1.1156,1.11557,1000000,3890000
2021-07-01 14:44:38.046000,1.11562,1.11557,1000000,1310000
2021-07-01 14:44:39.417000,1.11562,1.1156,1100000,1500000
2021-07-01 14:44:39.519000,1.11566,1.11563,2720000,1000000
2021-07-01 14:44:40.172000,1.11566,1.11563,1100000,1000000
2021-07-01 14:44:41.173000,1.11566,1.11563,1970000,1000000
2021-07-01 14:44:41.425000,1.11566,1.11563,1570000,1000000
2021-07-01 14:44:41.527000,1.11567,1.11564,2320000,1500000
2021-07-01 14:44:42.371000,1.11566,1.11564,1000000,1500000
2021-07-01 14:44:47.744000,1.11567,1.11564,2700000,1000000
2021-07-01 14:44:48.212000,1.11567,1.11562,1000000,1390000
2021-07-01 14:44:49.228000,1.11566,1.11563,1000000,3740000
2021-07-01 14:44:53.245000,1.11569,1.11566,1000000,2290000
2021-07-01 14:44:53.346000,1.1157,1.11568,1000000,1000000
2021-07-01 14:44:54.680000,1.11571,1.11568,1500000,1100000
2021-07-01 14:44:54.832000,1.11571,1.11568,1500000,1970000
2021-07-01 14:44:55.372000,1.11572,1.11569,1000000,1100000
2021-07-01 14:44:58.898000,1.11573,1.1157,1000000,3720000
2021-07-01 14:44:58.999000,1.11573,1.1157,1000000,1500000
2021-07-01 14:45:00.320000,1.11571,1.1157,1000000,1000000
