time,ask,bid,ask_volume,bid_volume
2018-08-31 13:55:00.342000,1.10815,1.10812,1500000,2440000
2018-08-31 13:55:01.116000,1.10817,1.10815,1570000,2810000
2018-08-31 13:55:01.219000,1.10818,1.10816,1870000,1620000
2018-08-31 13:55:02.606000,1.10818,1.10816,1000000,1310000
2018-08-31 13:55:04.878000,1.10818,1.10815,1310000,5440000
2018-08-31 13:55:05.380000,1.10817,1.10815,1120000,3560000
2018-08-31 13:55:06.849000,1.10818,1.10815,2060000,2810000
2018-08-31 13:55:08.217000,1.10818,1.10816,1310000,1120000
2018-08-31 13:55:10.016000,1.10819,1.10816,2440000,1870000
2018-08-31 13:55:10.222000,1.1082,1.10818,3750000,1250000
2018-08-31 13:55:15.864000,1.1082,1.10817,1000000,5890000
2018-08-31 13:55:16.513000,1.10821,1.10819,1000000,1760000
2018-08-31 13:55:17.071000,1.10821,1.10819,1120000,1390000
2018-08-31 13:55:19.668000,1.10822,1.10819,2620000,2510000
2018-08-31 13:55:19.979000,1.1082,1.10817,2440000,1000000
2018-08-31 13:55:20.486000,1.10819,1.10816,2440000,3260000
2018-08-31 13:55:21.009000,1.10818,1.10816,1000000,3640000
2018-08-31 13:55:21.512000,1.1082,1.10817,4310000,2810000
2018-08-31 13:55:22.080000,1.10819,1.10817,1000000,1010000
2018-08-31 13:55:22.944000,1.1082,1.10818,2660000,1000000
2018-08-31 13:55:23.464000,1.1082,1.10818,2060000,1500000
2018-08-31 13:55:25.816000,1.1082,1.10818,1620000,1200000
2018-08-31 13:55:26.348000,1.1082,1.10818,1000000,2140000
2018-08-31 13:55:26.860000,1.10821,1.10818,2620000,3640000
2018-08-31 13:55:27.928000,1.10821,1.1082,1120000,1000000
2018-08-31 13:55:28.293000,1.1082,1.10817,1310000,6640000
2018-08-31 13:55:31.795000,1.10821,1.10819,1370000,1570000
2018-08-31 13:55:32.337000,1.10821,1.1082,1120000,1000000
2018-08-31 13:55:32.648000,1.10823,1.10821,2250000,1690000
2018-08-31 13:55:32.754000,1.10825,1.10823,5060000,1000000
2018-08-31 13:55:33.069000,1.10825,1.10824,1000000,1500000
2018-08-31 13:55:33.123000,1.10828,1.10826,1760000,1000000
2018-08-31 13:55:33.176000,1.10828,1.10826,1390000,1950000
2018-08-31 13:55:33.802000,1.10829,1.10826,3560000,2700000
2018-08-31 13:55:34.321000,1.10828,1.10826,1000000,2510000
2018-08-31 13:55:36.005000,1.10829,1.10826,3560000,3260000
2018-08-31 13:55:36.911000,1.10829,1.10827,2440000,1200000
2018-08-31 13:55:37.444000,1.10828,1.10827,1000000,1200000
2018-08-31 13:55:46.483000,1.10829,1.10827,1690000,2700000
2018-08-31 13:55:47.370000,1.10829,1.10827,2440000,2700000
2018-08-31 13:55:48.056000,1.10829,1.10827,2440000,1200000
2018-08-31 13:55:49.944000,1.10829,1.10827,2440000,1950000
2018-08-31 13:55:50.522000,1.10829,1.10827,2440000,1200000
2018-08-31 13:55:51.065000,1.10829,1.10827,2440000,1950000
2018-08-31 13:55:54.339000,1.10829,1.10827,1500000,2140000
2018-08-31 13:55:56.213000,1.10829,1.10827,2620000,2140000
2018-08-31 13:55:57.101000,1.10829,1.10827,1500000,2140000
2018-08-31 13:55:57.665000,1.10829,1.10827,1500000,1700000
2018-08-31 13:55:58.061000,1.10829,1.10826,3560000,3820000
2018-08-31 13:55:58.563000,1.10827,1.10826,1000000,2320000
2018-08-31 13:55:59.340000,1.10824,1.10822,1190000,1870000
2018-08-31 13:55:59.729000,1.10825,1.10823,3560000,1950000
2018-08-31 13:55:59.990000,1.10827,1.10824,5060000,2700000
2018-08-31 13:56:00.506000,1.10826,1.10824,1120000,2140000
2018-08-31 13:56:00.981000,1.10828,1.10826,4760000,1000000
2018-08-31 13:56:01.492000,1.10828,1.10826,1250000,2700000
2018-08-31 13:56:02.022000,1.10829,1.10827,5440000,1200000
2018-08-31 13:56:03.489000,1.10829,1.10827,2620000,3260000
2018-08-31 13:56:04.354000,1.10829,1.10828,1500000,1000000
2018-08-31 13:56:07.006000,1.10831,1.10829,1500000,1250000
2018-08-31 13:56:07.539000,1.10831,1.10829,1500000,2140000
2018-08-31 13:56:08.826000,1.10833,1.1083,4010000,2890000
2018-08-31 13:56:09.337000,1.10834,1.10831,3560000,3070000
2018-08-31 13:56:09.948000,1.10834,1.10833,1120000,1000000
2018-08-31 13:56:11.636000,1.10834,1.10832,1120000,2140000
2018-08-31 13:56:12.171000,1.10834,1.10832,1500000,2510000
2018-08-31 13:56:17.081000,1.10834,1.10832,1690000,3070000
2018-08-31 13:56:18.262000,1.10835,1.10832,4310000,3070000
2018-08-31 13:56:19.543000,1.10836,1.10834,3190000,1100000
2018-08-31 13:56:20.066000,1.10836,1.10835,1690000,1000000
2018-08-31 13:56:20.677000,1.10835,1.10834,1120000,1500000
2018-08-31 13:56:21.037000,1.10833,1.10832,1500000,1120000
2018-08-31 13:56:24.104000,1.10834,1.10832,1500000,2890000
2018-08-31 13:56:24.680000,1.10834,1.10832,1500000,2140000
2018-08-31 13:56:27.581000,1.10835,1.10832,1500000,5140000
2018-08-31 13:56:28.123000,1.10836,1.10834,2060000,1570000
2018-08-31 13:56:28.511000,1.10838,1.10835,3640000,2890000
2018-08-31 13:56:28.673000,1.10837,1.10835,1190000,1200000
2018-08-31 13:56:29.213000,1.10837,1.10835,1250000,1200000
2018-08-31 13:56:30.082000,1.10838,1.10835,1310000,4010000
2018-08-31 13:56:30.664000,1.10838,1.10835,1690000,3260000
2018-08-31 13:56:31.172000,1.10838,1.10835,1690000,3640000
2018-08-31 13:56:31.701000,1.10838,1.10835,1690000,3450000
2018-08-31 13:56:32.242000,1.10839,1.10836,3190000,2140000
2018-08-31 13:56:32.763000,1.10837,1.10835,1310000,1950000
2018-08-31 13:56:33.264000,1.10839,1.10836,3940000,1390000
2018-08-31 13:56:34.306000,1.10839,1.10837,3190000,1000000
2018-08-31 13:56:34.841000,1.10838,1.10836,1120000,1390000
2018-08-31 13:56:35.362000,1.10839,1.10837,2060000,1200000
2018-08-31 13:56:38.619000,1.10837,1.10835,2060000,4120000
2018-08-31 13:56:38.776000,1.10839,1.10836,4690000,1950000
2018-08-31 13:56:39.310000,1.10839,1.10837,2250000,1390000
2018-08-31 13:56:44.237000,1.10836,1.10835,1000000,1120000
2018-08-31 13:56:44.782000,1.10836,1.10834,1000000,2510000
2018-08-31 13:56:45.310000,1.10837,1.10835,1120000,2510000
2018-08-31 13:56:45.905000,1.10837,1.10835,1120000,1760000
2018-08-31 13:56:46.417000,1.10836,1.10834,1000000,4010000
2018-08-31 13:56:46.641000,1.10835,1.10832,1120000,7010000
2018-08-31 13:56:48.061000,1.10835,1.10833,2020000,1390000
2018-08-31 13:56:48.563000,1.10836,1.10833,2810000,1760000
2018-08-31 13:56:50,1.10836,1.10833,1870000,4010000
2018-08-31 13:56:51.227000,1.10836,1.10834,1000000,1760000
2018-08-31 13:56:51.768000,1.10836,1.10833,1690000,5890000
2018-08-31 13:56:52.757000,1.10836,1.10834,1500000,1760000
2018-08-31 13:56:53.297000,1.10836,1.10834,1500000,1760000
2018-08-31 13:56:54.733000,1.10836,1.10834,1000000,2510000
2018-08-31 13:56:55.603000,1.10836,1.10834,1370000,2140000
2018-08-31 13:56:56.104000,1.10836,1.10835,1000000,1120000
2018-08-31 13:56:56.647000,1.10836,1.10834,1370000,2140000
2018-08-31 13:56:59.159000,1.10835,1.10833,1000000,5890000
2018-08-31 13:56:59.690000,1.10834,1.10832,1000000,2510000
2018-08-31 13:57:00.198000,1.10835,1.10833,1840000,1000000
2018-08-31 13:57:02.124000,1.10835,1.10832,2060000,3640000
2018-08-31 13:57:03.207000,1.10835,1.10832,2060000,3450000
2018-08-31 13:57:03.774000,1.10835,1.10834,1000000,1000000
2018-08-31 13:57:04.295000,1.10835,1.10832,1690000,4950000
2018-08-31 13:57:05.184000,1.10835,1.10832,2810000,3260000
2018-08-31 13:57:06.081000,1.10834,1.10831,1500000,5140000
2018-08-31 13:57:08.564000,1.10833,1.10831,1690000,1570000
2018-08-31 13:57:09.106000,1.10833,1.1083,2810000,2890000
2018-08-31 13:57:09.651000,1.10833,1.1083,1500000,4760000
2018-08-31 13:57:11.984000,1.10832,1.1083,1310000,2320000
2018-08-31 13:57:12.088000,1.10832,1.10829,2000000,3260000
2018-08-31 13:57:12.391000,1.10829,1.10826,2440000,1470000
2018-08-31 13:57:13.416000,1.10829,1.10826,3190000,2250000
2018-08-31 13:57:15.174000,1.10829,1.10827,1690000,1120000
2018-08-31 13:57:17.072000,1.10829,1.10826,2440000,2320000
2018-08-31 13:57:20.092000,1.10828,1.10825,2440000,1100000
2018-08-31 13:57:20.267000,1.10828,1.10827,1000000,1000000
2018-08-31 13:57:21.174000,1.10829,1.10826,3190000,2890000
2018-08-31 13:57:23.325000,1.10826,1.10824,1250000,6450000
2018-08-31 13:57:23.434000,1.10824,1.10823,1310000,1950000
2018-08-31 13:57:23.750000,1.10825,1.10821,2810000,4310000
2018-08-31 13:57:25.432000,1.10824,1.10821,2060000,2810000
2018-08-31 13:57:30.204000,1.10823,1.10821,1250000,1870000
2018-08-31 13:57:32.136000,1.10824,1.10821,2060000,1870000
2018-08-31 13:57:35.346000,1.10823,1.10821,1250000,1870000
2018-08-31 13:57:35.735000,1.10821,1.1082,1000000,2250000
2018-08-31 13:57:36.281000,1.10823,1.1082,2060000,1000000
2018-08-31 13:57:37.557000,1.10821,1.1082,1000000,2440000
2018-08-31 13:57:38.069000,1.10824,1.1082,7310000,2810000
2018-08-31 13:57:40.461000,1.10823,1.1082,2060000,3560000
2018-08-31 13:57:41.615000,1.10822,1.10819,1870000,5810000
2018-08-31 13:57:42.201000,1.10821,1.10819,1310000,1000000
2018-08-31 13:57:43.573000,1.10821,1.10818,1500000,3190000
2018-08-31 13:57:44.320000,1.1082,1.10817,1870000,4760000
2018-08-31 13:57:44.384000,1.10817,1.10816,1000000,2620000
2018-08-31 13:57:44.436000,1.10817,1.10814,2060000,2250000
2018-08-31 13:57:49.196000,1.10819,1.10817,2140000,1000000
2018-08-31 13:57:49.267000,1.10819,1.10817,1760000,1120000
2018-08-31 13:57:49.695000,1.10818,1.10816,1370000,4310000
2018-08-31 13:57:50.227000,1.10818,1.10816,1870000,1690000
2018-08-31 13:57:50.741000,1.10816,1.10815,1690000,1000000
2018-08-31 13:57:56.017000,1.10816,1.10814,1370000,3000000
2018-08-31 13:57:56.541000,1.10815,1.10813,1000000,4690000
2018-08-31 13:57:57.085000,1.10815,1.10812,1500000,4760000
2018-08-31 13:57:59.294000,1.10814,1.10812,1000000,4390000
2018-08-31 13:58:00.193000,1.10814,1.10813,1120000,1000000
2018-08-31 13:58:00.806000,1.10814,1.10812,1500000,1250000
2018-08-31 13:58:01.314000,1.10815,1.10812,2060000,4500000
2018-08-31 13:58:01.835000,1.10815,1.10813,1370000,1000000
2018-08-31 13:58:05.179000,1.10815,1.10812,2060000,4760000
2018-08-31 13:58:06.295000,1.10814,1.10812,1120000,3790000
2018-08-31 13:58:07.263000,1.10815,1.10813,1000000,1690000
2018-08-31 13:58:08.080000,1.10815,1.10813,1690000,1000000
2018-08-31 13:58:08.583000,1.10814,1.10812,1120000,2060000
2018-08-31 13:58:09.085000,1.10815,1.10812,1120000,3190000
2018-08-31 13:58:09.636000,1.10816,1.10814,2810000,1000000
2018-08-31 13:58:10.431000,1.10816,1.10814,2060000,1120000
2018-08-31 13:58:11.084000,1.10816,1.10813,2440000,1500000
2018-08-31 13:58:12.084000,1.10817,1.10816,2320000,3190000
2018-08-31 13:58:12.684000,1.10818,1.10816,1250000,1000000
2018-08-31 13:58:20.423000,1.10818,1.10816,1620000,1000000
2018-08-31 13:58:20.997000,1.10817,1.10815,1370000,1690000
2018-08-31 13:58:24.102000,1.10817,1.10815,1310000,1120000
2018-08-31 13:58:24.660000,1.10817,1.10814,1690000,3370000
2018-08-31 13:58:25.183000,1.10816,1.10814,1690000,1500000
2018-08-31 13:58:25.460000,1.10815,1.10812,2440000,1870000
2018-08-31 13:58:25.512000,1.10812,1.1081,1120000,8510000
2018-08-31 13:58:26.035000,1.10812,1.10809,1370000,4010000
2018-08-31 13:58:26.568000,1.10812,1.10809,1000000,4010000
2018-08-31 13:58:27.073000,1.10812,1.10809,1690000,2810000
2018-08-31 13:58:28.009000,1.10809,1.10807,1000000,3640000
2018-08-31 13:58:28.115000,1.10808,1.10806,1250000,3070000
2018-08-31 13:58:28.913000,1.10806,1.10805,1310000,1870000
2018-08-31 13:58:29.068000,1.10805,1.10802,1690000,5620000
2018-08-31 13:58:30.193000,1.10801,1.10798,1870000,4690000
2018-08-31 13:58:31.070000,1.108,1.10798,1000000,2060000
2018-08-31 13:58:31.282000,1.10799,1.10796,4310000,1120000
2018-08-31 13:58:31.818000,1.10799,1.10796,2060000,2060000
2018-08-31 13:58:33.416000,1.108,1.10798,1250000,1000000
2018-08-31 13:58:34.305000,1.10801,1.10799,3000000,1000000
2018-08-31 13:58:34.907000,1.10801,1.10798,1870000,2440000
2018-08-31 13:58:35.410000,1.108,1.10798,1000000,1310000
2018-08-31 13:58:35.925000,1.10799,1.10798,1500000,1000000
2018-08-31 13:58:36.234000,1.10793,1.10792,1000000,1100000
2018-08-31 13:58:36.581000,1.1079,1.10789,1870000,1000000
2018-08-31 13:58:37.055000,1.10789,1.10787,1000000,1250000
2018-08-31 13:58:37.566000,1.1079,1.10787,3000000,1190000
2018-08-31 13:58:38.579000,1.1079,1.10787,3190000,1690000
2018-08-31 13:58:39.156000,1.1079,1.10787,3000000,1690000
2018-08-31 13:58:39.837000,1.1079,1.10787,2440000,1690000
2018-08-31 13:58:41.181000,1.1079,1.10787,3190000,1250000
2018-08-31 13:58:42.077000,1.1079,1.10787,3190000,1250000
2018-08-31 13:58:42.617000,1.1079,1.10788,1120000,1250000
2018-08-31 13:58:43.208000,1.1079,1.10787,1310000,3940000
2018-08-31 13:58:43.717000,1.10791,1.10788,4310000,1000000
2018-08-31 13:58:44.642000,1.1079,1.10787,2060000,1120000
2018-08-31 13:58:45.295000,1.1079,1.10788,1310000,1000000
2018-08-31 13:58:45.448000,1.1079,1.10787,2060000,2810000
2018-08-31 13:58:48.441000,1.1079,1.10787,2060000,2810000
2018-08-31 13:58:48.952000,1.1079,1.10787,2060000,2810000
2018-08-31 13:58:49.101000,1.1079,1.10787,2060000,2890000
2018-08-31 13:58:49.611000,1.1079,1.10787,1620000,2060000
2018-08-31 13:58:49.840000,1.10787,1.10785,1000000,2700000
2018-08-31 13:58:50.214000,1.10784,1.10782,1120000,1870000
2018-08-31 13:58:50.830000,1.10785,1.10782,2140000,1690000
2018-08-31 13:58:51.356000,1.10785,1.10782,1390000,2060000
2018-08-31 13:58:52.206000,1.10787,1.10785,3220000,2810000
2018-08-31 13:58:52.375000,1.10787,1.10784,1370000,2060000
2018-08-31 13:58:53.462000,1.10786,1.10783,2890000,1690000
2018-08-31 13:58:53.622000,1.10786,1.10782,3190000,1690000
2018-08-31 13:58:54.104000,1.10786,1.10783,4760000,1000000
2018-08-31 13:58:56.195000,1.10785,1.10782,1370000,2440000
2018-08-31 13:58:56.702000,1.10785,1.10781,2290000,4090000
2018-08-31 13:58:57.064000,1.10785,1.10782,4010000,1120000
2018-08-31 13:58:57.600000,1.10785,1.10782,5140000,1000000
2018-08-31 13:58:58.040000,1.10785,1.10784,1200000,1250000
2018-08-31 13:58:58.584000,1.10785,1.10782,2250000,2060000
2018-08-31 13:58:59.417000,1.10785,1.10782,2810000,1310000
2018-08-31 13:59:00.137000,1.10785,1.10782,2620000,1310000
2018-08-31 13:59:00.711000,1.10784,1.10782,1000000,2060000
2018-08-31 13:59:01.236000,1.10785,1.10782,1500000,2440000
2018-08-31 13:59:02.112000,1.10785,1.10782,1690000,2060000
2018-08-31 13:59:02.457000,1.10785,1.10783,1500000,1190000
2018-08-31 13:59:02.665000,1.10787,1.10784,3450000,2810000
2018-08-31 13:59:04.112000,1.10787,1.10784,2250000,2060000
2018-08-31 13:59:04.640000,1.10787,1.10785,1100000,1250000
2018-08-31 13:59:04.747000,1.10788,1.10787,1100000,1250000
2018-08-31 13:59:04.801000,1.1079,1.10787,4390000,1310000
2018-08-31 13:59:05.040000,1.1079,1.10787,4010000,1000000
2018-08-31 13:59:05.246000,1.1079,1.10787,2250000,2810000
2018-08-31 13:59:05.796000,1.1079,1.10787,2440000,2060000
2018-08-31 13:59:06.328000,1.1079,1.10787,2440000,1690000
2018-08-31 13:59:06.898000,1.10791,1.10789,3190000,1000000
2018-08-31 13:59:07.571000,1.10791,1.10788,2620000,1310000
2018-08-31 13:59:08.122000,1.10792,1.10789,2620000,1690000
2018-08-31 13:59:08.388000,1.10791,1.10788,2060000,2140000
2018-08-31 13:59:08.891000,1.10791,1.10788,2060000,1310000
2018-08-31 13:59:09.124000,1.10791,1.10788,1870000,1690000
2018-08-31 13:59:09.637000,1.10791,1.10788,2440000,1500000
2018-08-31 13:59:10.215000,1.10791,1.10788,1370000,2060000
2018-08-31 13:59:10.267000,1.10793,1.1079,3450000,2060000
2018-08-31 13:59:10.370000,1.10794,1.10792,1120000,1690000
2018-08-31 13:59:10.752000,1.10796,1.10794,1500000,1190000
2018-08-31 13:59:10.907000,1.10798,1.10795,1690000,1690000
2018-08-31 13:59:11.448000,1.10799,1.10797,1500000,2060000
2018-08-31 13:59:11.784000,1.10803,1.108,1870000,1310000
2018-08-31 13:59:12.289000,1.10804,1.10801,2810000,1000000
2018-08-31 13:59:13.033000,1.10804,1.10801,2890000,1120000
2018-08-31 13:59:13.583000,1.10804,1.10801,1690000,1500000
2018-08-31 13:59:14.088000,1.10803,1.108,1620000,2060000
2018-08-31 13:59:14.619000,1.10803,1.108,2510000,1870000
2018-08-31 13:59:16.759000,1.10801,1.10798,1310000,4120000
2018-08-31 13:59:17.265000,1.10801,1.10798,1560000,3370000
2018-08-31 13:59:17.753000,1.10799,1.10797,2060000,1570000
2018-08-31 13:59:18.269000,1.10798,1.10795,1310000,3190000
2018-08-31 13:59:19.213000,1.10799,1.10796,3560000,2440000
2018-08-31 13:59:21.095000,1.10799,1.10796,1870000,3190000
2018-08-31 13:59:21.629000,1.10799,1.10796,2060000,2440000
2018-08-31 13:59:22.144000,1.10799,1.10796,2060000,2060000
2018-08-31 13:59:24.552000,1.10799,1.10796,1250000,3190000
2018-08-31 13:59:24.866000,1.10795,1.10793,1000000,2810000
2018-08-31 13:59:25.819000,1.10795,1.10793,1310000,1120000
2018-08-31 13:59:27.162000,1.10797,1.10794,5510000,1690000
2018-08-31 13:59:27.214000,1.10797,1.10794,3820000,3940000
2018-08-31 13:59:27.779000,1.10796,1.10794,2060000,1000000
2018-08-31 13:59:28.303000,1.10796,1.10793,2060000,2060000
2018-08-31 13:59:29.113000,1.10795,1.10793,1000000,2810000
2018-08-31 13:59:29.476000,1.10793,1.10792,1120000,2320000
2018-08-31 13:59:29.631000,1.10793,1.1079,2440000,1870000
2018-08-31 13:59:30.144000,1.10793,1.1079,1500000,2810000
2018-08-31 13:59:30.677000,1.10793,1.10791,1250000,1000000
2018-08-31 13:59:30.989000,1.10793,1.1079,2250000,1250000
2018-08-31 13:59:31.492000,1.10793,1.10791,1500000,1500000
2018-08-31 13:59:31.598000,1.10794,1.10792,1370000,2440000
2018-08-31 13:59:32.100000,1.10793,1.10791,1500000,2440000
2018-08-31 13:59:32.646000,1.10793,1.10791,1500000,1690000
2018-08-31 13:59:33.598000,1.10794,1.10792,1370000,1690000
2018-08-31 13:59:34.199000,1.10795,1.10792,3190000,2440000
2018-08-31 13:59:35.170000,1.10795,1.10793,1500000,1690000
2018-08-31 13:59:35.920000,1.108,1.10797,1000000,3190000
2018-08-31 13:59:36.619000,1.10801,1.10799,1690000,1500000
2018-08-31 13:59:38.270000,1.10802,1.108,1500000,1250000
2018-08-31 13:59:41.076000,1.10803,1.108,2810000,1500000
2018-08-31 13:59:42.945000,1.10803,1.108,1870000,2810000
2018-08-31 13:59:43.527000,1.10803,1.10801,1120000,2060000
2018-08-31 13:59:44.065000,1.10803,1.10801,1120000,1310000
2018-08-31 13:59:44.584000,1.10804,1.10801,3560000,2440000
2018-08-31 13:59:45.097000,1.10804,1.10801,1690000,1690000
2018-08-31 13:59:46.569000,1.10804,1.10801,1500000,2440000
2018-08-31 13:59:47.113000,1.10804,1.10801,1690000,1690000
2018-08-31 13:59:48.124000,1.10804,1.10801,1250000,2510000
2018-08-31 13:59:48.382000,1.10807,1.10804,1690000,1000000
2018-08-31 13:59:49.005000,1.10805,1.10802,1120000,3490000
2018-08-31 13:59:49.815000,1.10806,1.10803,1690000,1000000
2018-08-31 13:59:50.328000,1.10807,1.10804,1690000,1500000
2018-08-31 13:59:50.873000,1.10807,1.10804,1500000,1690000
2018-08-31 13:59:51.415000,1.10808,1.10805,1500000,1250000
2018-08-31 13:59:52.527000,1.10809,1.10804,2440000,1000000
2018-08-31 13:59:52.733000,1.10805,1.10803,1250000,1000000
2018-08-31 13:59:53.090000,1.10803,1.108,1500000,1690000
2018-08-31 13:59:55.724000,1.10804,1.108,1690000,1690000
2018-08-31 13:59:57.080000,1.10806,1.10801,2440000,1690000
2018-08-31 13:59:57.600000,1.10806,1.10801,2000000,1010000
2018-08-31 13:59:58.185000,1.10806,1.10801,2250000,1190000
2018-08-31 13:59:58.408000,1.10808,1.10803,3000000,1250000
2018-08-31 13:59:58.671000,1.10809,1.10805,2000000,1310000
2018-08-31 13:59:58.777000,1.10808,1.10804,2250000,2250000
2018-08-31 13:59:59.547000,1.10804,1.10803,1000000,1000000
2018-08-31 13:59:59.805000,1.10804,1.108,1940000,1690000
2018-08-31 14:00:00.121000,1.10805,1.10801,2250000,1250000
2018-08-31 14:00:00.578000,1.10806,1.10803,1120000,1500000
2018-08-31 14:00:00.630000,1.10808,1.10804,1870000,1000000
2018-08-31 14:00:01.138000,1.10809,1.10804,2440000,1500000
2018-08-31 14:00:01.591000,1.10811,1.10807,7500000,1000000
2018-08-31 14:00:02.123000,1.10812,1.10806,6750000,1190000
2018-08-31 14:00:02.629000,1.10813,1.10806,6000000,7010000
2018-08-31 14:00:02.681000,1.10813,1.10808,1690000,1690000
2018-08-31 14:00:02.967000,1.10812,1.10809,1750000,1250000
2018-08-31 14:00:03.022000,1.10811,1.10806,1690000,1990000
2018-08-31 14:00:03.545000,1.10811,1.10804,2250000,3640000
2018-08-31 14:00:05.045000,1.10811,1.10804,3190000,3860000
2018-08-31 14:00:05.746000,1.10811,1.10805,2070000,1320000
2018-08-31 14:00:06.282000,1.10811,1.10805,2510000,1390000
2018-08-31 14:00:06.811000,1.10809,1.10806,1500000,1000000
2018-08-31 14:00:09.475000,1.10809,1.10806,1120000,1000000
2018-08-31 14:00:09.528000,1.10811,1.10809,1760000,1500000
2018-08-31 14:00:09.590000,1.10813,1.1081,1120000,2060000
2018-08-31 14:00:10.133000,1.10813,1.1081,1120000,3560000
2018-08-31 14:00:10.648000,1.10814,1.10811,1690000,1000000
2018-08-31 14:00:11.706000,1.10815,1.10812,2440000,1000000
2018-08-31 14:00:12.799000,1.10812,1.1081,1250000,2700000
2018-08-31 14:00:13.109000,1.1081,1.10807,1870000,4010000
2018-08-31 14:00:13.646000,1.10809,1.10807,1000000,2060000
2018-08-31 14:00:14.185000,1.10809,1.10807,1000000,2060000
2018-08-31 14:00:14.721000,1.1081,1.10807,1120000,2060000
2018-08-31 14:00:15.298000,1.10813,1.1081,2620000,2810000
2018-08-31 14:00:15.918000,1.10812,1.10809,1870000,1690000
2018-08-31 14:00:16.432000,1.10813,1.1081,3560000,1000000
2018-08-31 14:00:16.715000,1.10811,1.10808,1310000,3000000
2018-08-31 14:00:17.650000,1.10811,1.10808,1200000,3190000
2018-08-31 14:00:18.155000,1.10811,1.10808,1120000,3190000
2018-08-31 14:00:18.615000,1.10812,1.1081,1000000,1690000
2018-08-31 14:00:19.148000,1.10813,1.10812,1000000,1690000
2018-08-31 14:00:19.200000,1.10814,1.10811,1870000,2060000
2018-08-31 14:00:19.252000,1.10814,1.10812,1120000,1190000
2018-08-31 14:00:20.047000,1.10814,1.10811,1000000,3940000
2018-08-31 14:00:20.697000,1.10815,1.10812,2140000,1000000
2018-08-31 14:00:24.008000,1.10814,1.10812,1250000,1000000
2018-08-31 14:00:24.319000,1.10817,1.10814,3000000,1250000
2018-08-31 14:00:25.274000,1.10815,1.10813,1000000,1010000
2018-08-31 14:00:25.786000,1.10816,1.10813,1120000,1690000
2018-08-31 14:00:26.486000,1.10816,1.10814,1000000,1000000
2018-08-31 14:00:27.156000,1.10817,1.10814,2060000,1000000
2018-08-31 14:00:27.606000,1.10816,1.10814,1070000,1000000
2018-08-31 14:00:29.007000,1.10817,1.10815,1200000,1000000
2018-08-31 14:00:29.060000,1.1082,1.10818,1770000,1000000
2018-08-31 14:00:29.582000,1.1082,1.10818,1250000,1500000
2018-08-31 14:00:30.101000,1.10821,1.10818,1120000,2440000
2018-08-31 14:00:33.104000,1.10821,1.10819,1000000,1000000
2018-08-31 14:00:33.207000,1.10824,1.10822,4200000,3060000
2018-08-31 14:00:33.260000,1.10826,1.10823,1870000,1250000
2018-08-31 14:00:34.073000,1.10826,1.10824,1000000,1000000
2018-08-31 14:00:34.578000,1.10827,1.10825,1250000,1000000
2018-08-31 14:00:35.118000,1.10827,1.10824,1250000,4010000
2018-08-31 14:00:36.749000,1.10826,1.10824,1000000,1310000
2018-08-31 14:00:36.803000,1.10825,1.10822,1690000,4090000
2018-08-31 14:00:37.252000,1.10827,1.10824,2440000,2060000
2018-08-31 14:00:37.801000,1.10828,1.10825,3190000,1000000
2018-08-31 14:00:38.825000,1.10827,1.10824,1000000,3190000
2018-08-31 14:00:39.307000,1.10826,1.10823,1000000,4310000
2018-08-31 14:00:39.819000,1.10825,1.10822,1000000,4390000
2018-08-31 14:00:40.022000,1.10824,1.10821,1690000,2810000
2018-08-31 14:00:40.128000,1.10823,1.10821,1000000,1690000
2018-08-31 14:00:40.493000,1.10824,1.10821,2060000,2060000
2018-08-31 14:00:41.255000,1.10824,1.10821,1500000,4690000
2018-08-31 14:00:41.408000,1.10826,1.10824,1310000,1000000
2018-08-31 14:00:41.950000,1.10826,1.10824,1040000,1310000
2018-08-31 14:00:42.502000,1.10828,1.10824,3220000,2060000
2018-08-31 14:00:43.392000,1.10827,1.10824,1040000,2440000
2018-08-31 14:00:44.095000,1.10825,1.10822,2100000,1950000
2018-08-31 14:00:45.088000,1.10823,1.10821,1120000,3520000
2018-08-31 14:00:46.091000,1.10824,1.10822,1690000,1000000
2018-08-31 14:00:46.402000,1.10826,1.10824,1000000,2060000
2018-08-31 14:00:46.916000,1.10827,1.10824,2440000,2060000
2018-08-31 14:00:47.974000,1.10826,1.10823,2440000,1690000
2018-08-31 14:00:48.288000,1.10824,1.10822,1000000,1250000
2018-08-31 14:00:48.587000,1.10825,1.10822,2440000,2440000
2018-08-31 14:00:48.883000,1.10826,1.10823,3750000,1690000
2018-08-31 14:00:49.855000,1.10825,1.10823,1120000,1250000
2018-08-31 14:00:50.375000,1.10824,1.10821,1250000,3940000
2018-08-31 14:00:50.913000,1.10824,1.10821,1250000,4310000
2018-08-31 14:00:51.443000,1.10823,1.10821,1000000,1690000
2018-08-31 14:00:51.911000,1.10821,1.1082,1000000,1000000
2018-08-31 14:00:52.716000,1.10821,1.10819,1000000,2060000
2018-08-31 14:00:53.224000,1.10822,1.10819,2440000,2250000
2018-08-31 14:00:54.064000,1.10822,1.10819,1500000,3190000
2018-08-31 14:00:54.696000,1.10824,1.10821,6640000,1250000
2018-08-31 14:00:55.047000,1.10821,1.10819,1000000,4010000
2018-08-31 14:00:56.327000,1.10823,1.1082,3940000,1000000
2018-08-31 14:00:56.845000,1.10822,1.10819,1190000,5320000
2018-08-31 14:00:57.361000,1.10822,1.10819,1000000,4870000
2018-08-31 14:00:58.176000,1.10822,1.1082,1000000,1000000
2018-08-31 14:00:58.703000,1.10822,1.10819,1310000,2440000
2018-08-31 14:01:00.066000,1.10823,1.1082,5140000,1000000
2018-08-31 14:01:00.566000,1.10824,1.10822,2140000,1000000
2018-08-31 14:01:00.932000,1.10823,1.10821,2060000,1000000
2018-08-31 14:01:00.985000,1.10822,1.1082,1250000,2250000
2018-08-31 14:01:01.490000,1.10822,1.10819,2140000,1500000
2018-08-31 14:01:02.015000,1.10821,1.10818,1190000,4870000
2018-08-31 14:01:02.541000,1.10823,1.1082,3640000,1870000
2018-08-31 14:01:02.927000,1.10825,1.10824,1120000,2440000
2018-08-31 14:01:03.034000,1.10828,1.10826,1500000,2060000
2018-08-31 14:01:03.140000,1.10828,1.10825,1700000,3940000
2018-08-31 14:01:03.438000,1.10828,1.10826,1250000,1120000
2018-08-31 14:01:03.970000,1.10828,1.10826,1000000,1690000
2018-08-31 14:01:04.483000,1.10829,1.10826,2250000,2440000
2018-08-31 14:01:04.587000,1.10829,1.10826,2320000,2440000
2018-08-31 14:01:04.944000,1.10827,1.10825,1120000,2620000
2018-08-31 14:01:05.447000,1.10827,1.10824,2060000,3370000
2018-08-31 14:01:06.377000,1.10825,1.10823,1120000,3560000
2018-08-31 14:01:06.908000,1.10825,1.10823,1000000,1620000
2018-08-31 14:01:08.675000,1.10827,1.10824,2890000,2620000
2018-08-31 14:01:08.832000,1.10827,1.10826,1690000,1000000
2018-08-31 14:01:15.229000,1.10827,1.10825,1000000,1250000
2018-08-31 14:01:18.339000,1.10826,1.10824,1000000,3560000
2018-08-31 14:01:20.030000,1.10826,1.10825,1250000,1000000
2018-08-31 14:01:21.124000,1.10825,1.10824,1000000,1000000
2018-08-31 14:01:22.449000,1.10826,1.10824,1250000,1000000
2018-08-31 14:01:25.158000,1.10827,1.10825,2440000,1000000
2018-08-31 14:01:31.509000,1.10827,1.10825,2440000,1000000
2018-08-31 14:01:35.239000,1.10827,1.10825,2440000,1000000
2018-08-31 14:01:36.523000,1.10827,1.10825,2440000,1000000
2018-08-31 14:01:37.863000,1.10827,1.10825,2440000,1000000
2018-08-31 14:01:38.373000,1.10826,1.10825,1000000,1000000
2018-08-31 14:01:38.916000,1.10827,1.10825,1690000,1000000
2018-08-31 14:01:39.454000,1.10826,1.10825,1000000,1000000
2018-08-31 14:01:39.970000,1.10827,1.10825,1690000,1000000
2018-08-31 14:01:42.362000,1.10826,1.10825,1000000,1000000
2018-08-31 14:01:42.839000,1.10825,1.10824,1120000,1000000
2018-08-31 14:01:43.361000,1.10824,1.10823,1000000,1310000
2018-08-31 14:01:45.341000,1.10822,1.1082,1310000,3490000
2018-08-31 14:01:45.852000,1.10823,1.10821,1000000,2060000
2018-08-31 14:01:46.355000,1.10822,1.1082,1120000,4350000
2018-08-31 14:01:46.895000,1.10822,1.1082,1120000,3600000
2018-08-31 14:01:48.033000,1.10822,1.1082,1620000,2290000
2018-08-31 14:01:49.418000,1.10821,1.10819,1120000,3940000
2018-08-31 14:01:51.787000,1.10821,1.10819,1620000,1870000
2018-08-31 14:01:53.629000,1.10821,1.10819,1310000,1870000
2018-08-31 14:01:54.134000,1.10821,1.10819,1620000,2250000
2018-08-31 14:01:55.834000,1.10821,1.10819,1310000,1870000
2018-08-31 14:02:01.953000,1.10821,1.10818,2060000,5060000
2018-08-31 14:02:04.441000,1.10819,1.10817,1870000,5440000
2018-08-31 14:02:04.548000,1.10818,1.10816,1310000,1870000
2018-08-31 14:02:05.184000,1.10817,1.10815,1000000,2060000
2018-08-31 14:02:06.194000,1.10816,1.10814,1000000,3560000
2018-08-31 14:02:07.370000,1.10816,1.10813,2060000,5060000
2018-08-31 14:02:07.541000,1.10814,1.10812,1120000,2810000
2018-08-31 14:02:08.732000,1.10814,1.10812,1120000,2060000
2018-08-31 14:02:09.242000,1.10813,1.10812,1000000,2060000
2018-08-31 14:02:09.948000,1.10813,1.10812,1000000,2060000
2018-08-31 14:02:11.515000,1.10814,1.10812,1000000,2060000
2018-08-31 14:02:12.051000,1.10814,1.10812,1120000,1190000
2018-08-31 14:02:12.588000,1.10814,1.10812,1120000,1250000
2018-08-31 14:02:14.291000,1.10814,1.10812,1370000,1000000
2018-08-31 14:02:14.460000,1.1081,1.10808,1120000,2510000
2018-08-31 14:02:14.990000,1.1081,1.10808,1120000,2060000
2018-08-31 14:02:17.202000,1.1081,1.10807,1000000,4690000
2018-08-31 14:02:18.216000,1.10809,1.10807,1000000,3940000
2018-08-31 14:02:19.597000,1.10809,1.10806,1120000,5510000
2018-08-31 14:02:20.344000,1.10808,1.10806,1000000,3750000
2018-08-31 14:02:21.466000,1.10807,1.10805,1000000,5440000
2018-08-31 14:02:21.987000,1.10807,1.10805,1000000,1250000
2018-08-31 14:02:23.135000,1.10806,1.10804,1190000,2250000
2018-08-31 14:02:23.188000,1.10803,1.10801,1350000,1250000
2018-08-31 14:02:23.242000,1.10799,1.10797,1120000,1190000
2018-08-31 14:02:23.408000,1.10798,1.10796,1120000,1310000
2018-08-31 14:02:23.565000,1.10797,1.10795,1000000,2440000
2018-08-31 14:02:23.924000,1.10798,1.10795,1120000,2810000
2018-08-31 14:02:24.159000,1.108,1.10798,5170000,1000000
2018-08-31 14:02:24.669000,1.108,1.10798,1500000,1190000
2018-08-31 14:02:25.617000,1.10799,1.10798,1000000,1250000
2018-08-31 14:02:25.668000,1.108,1.10798,1870000,1190000
2018-08-31 14:02:25.873000,1.10799,1.10798,1000000,1250000
2018-08-31 14:02:25.925000,1.108,1.10798,2620000,2440000
2018-08-31 14:02:26.130000,1.10799,1.10798,1000000,1250000
2018-08-31 14:02:26.261000,1.108,1.10798,1870000,2440000
2018-08-31 14:02:26.363000,1.10799,1.10798,1000000,1250000
2018-08-31 14:02:26.670000,1.108,1.10798,1000000,1690000
2018-08-31 14:02:28.815000,1.10798,1.10797,1000000,2440000
2018-08-31 14:02:28.922000,1.10796,1.10793,3560000,1620000
2018-08-31 14:02:28.975000,1.10796,1.10793,4390000,1250000
2018-08-31 14:02:29.029000,1.10793,1.10792,1000000,1690000
2018-08-31 14:02:29.135000,1.10789,1.10787,1000000,1250000
2018-08-31 14:02:29.189000,1.10785,1.10784,1690000,1870000
2018-08-31 14:02:29.365000,1.10784,1.10782,1250000,1120000
2018-08-31 14:02:29.956000,1.10785,1.10782,1000000,5060000
2018-08-31 14:02:30.266000,1.10788,1.10786,1000000,3430000
2018-08-31 14:02:30.594000,1.10791,1.10789,1200000,2060000
2018-08-31 14:02:31.056000,1.10785,1.10782,1750000,2440000
2018-08-31 14:02:31.114000,1.10783,1.10781,1490000,1000000
2018-08-31 14:02:31.356000,1.1078,1.10777,3190000,2250000
2018-08-31 14:02:31.459000,1.10782,1.10779,1870000,2250000
2018-08-31 14:02:31.612000,1.10783,1.10781,2510000,1000000
2018-08-31 14:02:32.130000,1.10783,1.1078,1690000,2620000
2018-08-31 14:02:32.699000,1.10784,1.10781,3640000,1000000
2018-08-31 14:02:33.245000,1.10782,1.1078,1120000,2060000
2018-08-31 14:02:33.774000,1.10783,1.1078,1310000,2810000
2018-08-31 14:02:35.021000,1.10784,1.10781,3640000,1000000
2018-08-31 14:02:35.534000,1.10783,1.1078,1310000,3560000
2018-08-31 14:02:35.856000,1.10792,1.10789,3750000,2810000
2018-08-31 14:02:36.165000,1.1079,1.10788,1000000,1870000
2018-08-31 14:02:37.771000,1.10791,1.10788,1870000,1310000
2018-08-31 14:02:39.002000,1.1079,1.10788,1000000,1690000
2018-08-31 14:02:39.319000,1.10795,1.10792,4690000,1500000
2018-08-31 14:02:39.854000,1.10795,1.10792,1120000,3190000
2018-08-31 14:02:40.366000,1.10795,1.10792,1120000,3560000
2018-08-31 14:02:42.134000,1.10796,1.10794,2810000,1000000
2018-08-31 14:02:42.811000,1.10796,1.10794,1310000,1500000
2018-08-31 14:02:43.345000,1.10795,1.10794,1310000,1000000
2018-08-31 14:02:43.846000,1.10796,1.10793,2440000,1000000
2018-08-31 14:02:44.392000,1.10796,1.10794,2060000,1000000
2018-08-31 14:02:44.941000,1.10796,1.10794,2060000,1000000
2018-08-31 14:02:45.547000,1.10796,1.10794,2060000,1000000
2018-08-31 14:02:47.132000,1.10796,1.10793,2060000,2440000
2018-08-31 14:02:47.647000,1.10795,1.10792,1310000,3940000
2018-08-31 14:02:48.202000,1.10793,1.10792,1000000,1120000
2018-08-31 14:02:48.445000,1.10793,1.1079,2440000,2440000
2018-08-31 14:02:49.010000,1.10793,1.1079,1690000,2250000
2018-08-31 14:02:49.377000,1.1079,1.10788,1000000,2060000
2018-08-31 14:02:49.483000,1.1079,1.10787,1310000,5060000
2018-08-31 14:02:50.013000,1.10789,1.10786,1690000,3190000
2018-08-31 14:02:50.859000,1.10788,1.10786,1000000,2440000
2018-08-31 14:02:51.411000,1.10789,1.10787,1250000,1000000
2018-08-31 14:02:54.544000,1.10792,1.1079,6260000,2250000
2018-08-31 14:02:54.647000,1.10792,1.10789,1870000,2060000
2018-08-31 14:02:55.149000,1.10791,1.10789,1000000,1690000
2018-08-31 14:02:55.665000,1.10792,1.1079,1690000,1000000
2018-08-31 14:02:56.227000,1.10794,1.10791,3070000,3940000
2018-08-31 14:02:56.729000,1.10794,1.10792,1000000,2440000
2018-08-31 14:02:57.277000,1.10794,1.10793,1000000,1250000
2018-08-31 14:02:57.798000,1.10795,1.10793,1310000,1500000
2018-08-31 14:02:59.504000,1.10796,1.10793,1690000,3190000
2018-08-31 14:03:00.287000,1.10795,1.10793,1000000,2440000
2018-08-31 14:03:00.900000,1.10796,1.10794,1310000,1500000
2018-08-31 14:03:01.661000,1.10797,1.10796,1250000,1000000
2018-08-31 14:03:01.815000,1.10799,1.10797,1500000,1250000
2018-08-31 14:03:02.861000,1.10796,1.10794,1000000,4120000
2018-08-31 14:03:03.364000,1.10796,1.10794,1120000,2250000
2018-08-31 14:03:04.005000,1.10797,1.10794,2440000,2250000
2018-08-31 14:03:04.480000,1.10795,1.10794,1310000,1000000
2018-08-31 14:03:05.025000,1.10796,1.10794,2060000,1500000
2018-08-31 14:03:05.595000,1.10796,1.10794,2060000,1500000
2018-08-31 14:03:06.136000,1.10796,1.10794,1310000,1500000
2018-08-31 14:03:14.052000,1.10796,1.10794,1620000,1500000
2018-08-31 14:03:14.589000,1.10796,1.10794,1250000,1000000
2018-08-31 14:03:16.264000,1.10796,1.10794,2060000,1000000
2018-08-31 14:03:16.776000,1.10796,1.10794,1690000,1000000
2018-08-31 14:03:18.649000,1.10795,1.10794,1310000,1000000
2018-08-31 14:03:19.800000,1.10795,1.10793,2440000,1000000
2018-08-31 14:03:21.312000,1.10796,1.10794,3190000,1000000
2018-08-31 14:03:22.415000,1.10795,1.10793,1120000,1690000
2018-08-31 14:03:23.899000,1.10796,1.10793,2440000,2810000
2018-08-31 14:03:24.885000,1.10795,1.10793,1000000,3190000
2018-08-31 14:03:25.395000,1.10796,1.10793,2440000,3190000
2018-08-31 14:03:25.913000,1.10795,1.10793,1000000,3190000
2018-08-31 14:03:26.426000,1.10796,1.10794,2440000,1000000
2018-08-31 14:03:27.449000,1.10796,1.10793,2440000,3190000
2018-08-31 14:03:27.974000,1.10796,1.10793,2440000,2810000
2018-08-31 14:03:29.154000,1.10796,1.10794,1690000,1000000
2018-08-31 14:03:29.698000,1.10796,1.10793,1690000,2810000
2018-08-31 14:03:30.688000,1.10794,1.10793,1120000,1000000
2018-08-31 14:03:31.234000,1.10795,1.10793,3000000,1250000
2018-08-31 14:03:32.356000,1.10797,1.10795,1120000,1690000
2018-08-31 14:03:32.682000,1.10796,1.10794,2060000,1000000
2018-08-31 14:03:34.379000,1.10796,1.10794,2060000,1000000
2018-08-31 14:03:35.872000,1.10797,1.10795,1370000,1250000
2018-08-31 14:03:36.395000,1.10796,1.10794,1690000,1500000
2018-08-31 14:03:37.401000,1.10796,1.10795,1250000,1000000
2018-08-31 14:03:37.914000,1.10795,1.10794,1000000,1000000
2018-08-31 14:03:38.124000,1.10797,1.10795,1120000,1690000
2018-08-31 14:03:39.108000,1.10797,1.10795,1620000,1500000
2018-08-31 14:03:39.215000,1.10799,1.10798,2620000,1250000
2018-08-31 14:03:39.562000,1.10798,1.10796,1500000,2060000
2018-08-31 14:03:40.248000,1.10799,1.10797,3190000,1000000
2018-08-31 14:03:40.401000,1.108,1.10798,2250000,2060000
2018-08-31 14:03:40.934000,1.108,1.10798,1500000,3560000
2018-08-31 14:03:41.436000,1.10801,1.10799,1870000,1310000
2018-08-31 14:03:48.141000,1.10801,1.108,1500000,1000000
2018-08-31 14:03:49.160000,1.10801,1.10799,1120000,1690000
2018-08-31 14:03:49.999000,1.108,1.10798,1310000,1570000
2018-08-31 14:03:50.345000,1.10802,1.10799,3940000,2060000
2018-08-31 14:03:50.861000,1.10801,1.10799,1000000,2060000
2018-08-31 14:03:51.560000,1.10803,1.108,2060000,5440000
2018-08-31 14:03:51.655000,1.10805,1.10803,2620000,1310000
2018-08-31 14:03:51.707000,1.10806,1.10804,1690000,1120000
2018-08-31 14:03:52.247000,1.10807,1.10805,3190000,1000000
2018-08-31 14:03:55.803000,1.10808,1.10807,1000000,1310000
2018-08-31 14:03:55.857000,1.10807,1.10806,1000000,1250000
2018-08-31 14:03:56.372000,1.10807,1.10805,1310000,1500000
2018-08-31 14:03:57.645000,1.10807,1.10805,1120000,1190000
2018-08-31 14:03:58.182000,1.10808,1.10805,3190000,1250000
2018-08-31 14:04:00.901000,1.10806,1.10804,1000000,4840000
2018-08-31 14:04:02.073000,1.10807,1.10804,1120000,4760000
2018-08-31 14:04:06.490000,1.10807,1.10804,1870000,4390000
2018-08-31 14:04:08.310000,1.10807,1.10804,1000000,4760000
2018-08-31 14:04:10.466000,1.10807,1.10805,1250000,1370000
2018-08-31 14:04:11.193000,1.10807,1.10805,2060000,1000000
2018-08-31 14:04:11.301000,1.10803,1.10802,1120000,1500000
2018-08-31 14:04:11.431000,1.10803,1.10801,1310000,1100000
2018-08-31 14:04:11.485000,1.10802,1.108,1370000,1840000
2018-08-31 14:04:13.560000,1.10801,1.10799,2060000,1500000
2018-08-31 14:04:14.096000,1.10801,1.10799,2810000,1000000
2018-08-31 14:04:14.436000,1.10796,1.10794,1690000,2250000
2018-08-31 14:04:15.527000,1.10795,1.10793,1000000,1690000
2018-08-31 14:04:16.277000,1.10795,1.10794,1000000,1000000
2018-08-31 14:04:16.814000,1.10795,1.10793,1000000,1250000
2018-08-31 14:04:18.942000,1.10794,1.10792,1310000,2770000
2018-08-31 14:04:19.248000,1.10793,1.10791,2060000,1000000
2018-08-31 14:04:21.255000,1.10793,1.10792,1000000,1250000
2018-08-31 14:04:21.526000,1.1079,1.10789,1000000,1000000
2018-08-31 14:04:22.077000,1.10791,1.1079,1000000,1250000
2018-08-31 14:04:22.589000,1.10793,1.1079,4310000,1000000
2018-08-31 14:04:24.221000,1.10792,1.10791,1000000,1000000
2018-08-31 14:04:24.274000,1.10794,1.10792,1500000,1250000
2018-08-31 14:04:24.326000,1.10795,1.10792,2510000,2810000
2018-08-31 14:04:24.836000,1.10795,1.10792,2440000,1690000
2018-08-31 14:04:25.360000,1.10797,1.10795,1370000,1250000
2018-08-31 14:04:25.904000,1.10798,1.10795,2620000,3190000
2018-08-31 14:04:26.545000,1.10798,1.10795,2810000,2440000
2018-08-31 14:04:27.056000,1.10798,1.10796,2810000,1000000
2018-08-31 14:04:29.765000,1.10798,1.10797,1000000,1250000
2018-08-31 14:04:30.224000,1.108,1.10798,1000000,2440000
2018-08-31 14:04:31.491000,1.108,1.10798,1500000,1250000
2018-08-31 14:04:32.100000,1.10799,1.10797,1120000,1250000
2018-08-31 14:04:32.844000,1.10799,1.10797,1370000,1250000
2018-08-31 14:04:33.447000,1.10801,1.10798,7760000,1250000
2018-08-31 14:04:34.016000,1.10798,1.10795,2620000,2510000
2018-08-31 14:04:34.175000,1.10797,1.10795,3190000,1000000
2018-08-31 14:04:34.695000,1.10798,1.10796,1000000,1250000
2018-08-31 14:04:35.373000,1.10799,1.10796,2810000,1250000
2018-08-31 14:04:36.043000,1.10797,1.10795,1870000,1000000
2018-08-31 14:04:36.587000,1.10797,1.10794,2250000,1250000
2018-08-31 14:04:36.891000,1.10798,1.10795,2620000,1310000
2018-08-31 14:04:37.411000,1.10798,1.10796,1690000,1000000
2018-08-31 14:04:37.939000,1.10799,1.10796,1690000,2810000
2018-08-31 14:04:38.557000,1.10798,1.10797,1000000,1000000
2018-08-31 14:04:39.340000,1.10799,1.10797,1250000,1000000
2018-08-31 14:04:39.930000,1.108,1.10798,1870000,1690000
2018-08-31 14:04:40.453000,1.10801,1.10798,2810000,1690000
2018-08-31 14:04:41.969000,1.10801,1.10798,2440000,1690000
2018-08-31 14:04:44.357000,1.10799,1.10797,1120000,1690000
2018-08-31 14:04:45.163000,1.10801,1.10799,5440000,1000000
2018-08-31 14:04:45.216000,1.108,1.10797,2060000,5140000
2018-08-31 14:04:45.373000,1.10801,1.10799,3940000,1000000
2018-08-31 14:04:45.426000,1.10801,1.10798,4310000,2250000
2018-08-31 14:04:45.973000,1.108,1.10797,3560000,1690000
2018-08-31 14:04:46.493000,1.108,1.10797,3560000,1690000
2018-08-31 14:04:47.009000,1.10799,1.10797,1000000,1690000
2018-08-31 14:04:50.084000,1.10799,1.10797,1370000,1250000
2018-08-31 14:04:50.593000,1.10801,1.108,2250000,1000000
2018-08-31 14:04:51.113000,1.10802,1.108,1500000,1000000
2018-08-31 14:04:54.521000,1.10801,1.10798,2440000,3450000
2018-08-31 14:04:54.572000,1.108,1.10797,3560000,1200000
2018-08-31 14:04:55.834000,1.10798,1.10796,1120000,3190000
2018-08-31 14:04:56.364000,1.10797,1.10795,1310000,1500000
2018-08-31 14:04:58.741000,1.10797,1.10795,3190000,1000000
2018-08-31 14:04:59.413000,1.10797,1.10795,2440000,1500000
2018-08-31 14:04:59.935000,1.10797,1.10795,2440000,1000000
2018-08-31 14:05:01.224000,1.10797,1.10795,1690000,2250000
2018-08-31 14:05:01.771000,1.10797,1.10795,1690000,2250000
2018-08-31 14:05:01.875000,1.10799,1.10797,2890000,1000000
2018-08-31 14:05:02.080000,1.10801,1.10798,3190000,3000000
2018-08-31 14:05:02.769000,1.10801,1.10799,2440000,1000000
2018-08-31 14:05:04.243000,1.10802,1.108,1690000,1000000
2018-08-31 14:05:07.174000,1.10802,1.10799,2440000,1500000
2018-08-31 14:05:09.655000,1.10801,1.10798,2060000,3820000
2018-08-31 14:05:10.187000,1.108,1.10798,2060000,2620000
2018-08-31 14:05:10.600000,1.10798,1.10796,2060000,2700000
2018-08-31 14:05:12.015000,1.108,1.10798,3560000,1500000
2018-08-31 14:05:13.847000,1.10802,1.10799,6190000,2060000
2018-08-31 14:05:14.397000,1.10802,1.10799,1310000,2440000
2018-08-31 14:05:14.902000,1.10802,1.10799,1310000,2060000
2018-08-31 14:05:15.414000,1.10802,1.10799,2060000,1870000
2018-08-31 14:05:15.935000,1.10802,1.108,2060000,1000000
2018-08-31 14:05:23.541000,1.10802,1.108,1250000,2620000
2018-08-31 14:05:26.315000,1.10802,1.108,2810000,1120000
2018-08-31 14:05:26.633000,1.10804,1.10801,8250000,1190000
2018-08-31 14:05:26.685000,1.10807,1.10805,2250000,2810000
2018-08-31 14:05:28.667000,1.10807,1.10806,1250000,1000000
2018-08-31 14:05:32.167000,1.10807,1.10805,1310000,2620000
2018-08-31 14:05:36.976000,1.10808,1.10806,2060000,1000000
2018-08-31 14:05:38.087000,1.10807,1.10805,1310000,4120000
2018-08-31 14:05:42.674000,1.10807,1.10806,1310000,1120000
2018-08-31 14:05:43.194000,1.10807,1.10805,1310000,4500000
2018-08-31 14:05:43.699000,1.10807,1.10806,1310000,1120000
2018-08-31 14:05:44.272000,1.10808,1.10806,2060000,3370000
2018-08-31 14:06:01.040000,1.1081,1.10808,4310000,1120000
2018-08-31 14:06:02.498000,1.10811,1.10809,1560000,1500000
2018-08-31 14:06:02.655000,1.10812,1.1081,3190000,1000000
2018-08-31 14:06:03.114000,1.10811,1.10809,1190000,4570000
2018-08-31 14:06:03.637000,1.10811,1.10809,1190000,1000000
2018-08-31 14:06:03.796000,1.10813,1.1081,3560000,2620000
2018-08-31 14:06:04.329000,1.10812,1.1081,1560000,2250000
2018-08-31 14:06:04.858000,1.10813,1.1081,3190000,4690000
2018-08-31 14:06:05.399000,1.10813,1.10811,2440000,1000000
2018-08-31 14:06:05.945000,1.10813,1.10811,3190000,1000000
2018-08-31 14:06:06.476000,1.10813,1.10811,2440000,1000000
2018-08-31 14:06:11.251000,1.10813,1.10811,2060000,1500000
2018-08-31 14:06:11.760000,1.10813,1.10811,2060000,2250000
2018-08-31 14:06:13.356000,1.10814,1.10812,2060000,1000000
2018-08-31 14:06:20.130000,1.10816,1.10814,2250000,2440000
2018-08-31 14:06:20.340000,1.1082,1.10817,3190000,3000000
2018-08-31 14:06:21.220000,1.10819,1.10817,1310000,2620000
2018-08-31 14:06:22.846000,1.10818,1.10816,1190000,2320000
2018-08-31 14:06:22.953000,1.10817,1.10815,1690000,2620000
2018-08-31 14:06:23.985000,1.10818,1.10816,3940000,1000000
2018-08-31 14:06:24.525000,1.10818,1.10815,2060000,3000000
2018-08-31 14:06:26.294000,1.10817,1.10815,1620000,1120000
2018-08-31 14:06:29.355000,1.10818,1.10816,1690000,1000000
2018-08-31 14:06:29.852000,1.10819,1.10816,3560000,2440000
2018-08-31 14:06:31.813000,1.10819,1.10817,2060000,1000000
2018-08-31 14:06:44.289000,1.1082,1.10818,3190000,1000000
2018-08-31 14:06:45.024000,1.1082,1.10817,3190000,1500000
2018-08-31 14:06:45.882000,1.1082,1.10818,1690000,1000000
2018-08-31 14:06:46.386000,1.1082,1.10818,2440000,1000000
2018-08-31 14:06:47.759000,1.10824,1.10822,1120000,2250000
2018-08-31 14:06:47.920000,1.10826,1.10824,1120000,1120000
2018-08-31 14:06:48.747000,1.10827,1.10825,1310000,1000000
2018-08-31 14:06:49.296000,1.10826,1.10824,1000000,2440000
2018-08-31 14:06:49.803000,1.10825,1.10823,2060000,1000000
2018-08-31 14:06:50.137000,1.10824,1.10822,1560000,1000000
2018-08-31 14:06:50.645000,1.10823,1.10821,1560000,3370000
2018-08-31 14:06:51.235000,1.10821,1.1082,1310000,1870000
2018-08-31 14:06:51.759000,1.10822,1.10819,3190000,1870000
2018-08-31 14:06:53.029000,1.10822,1.10819,2060000,2440000
2018-08-31 14:06:53.545000,1.10822,1.1082,1310000,1000000
2018-08-31 14:06:54.541000,1.10823,1.10821,3190000,1000000
2018-08-31 14:06:55.117000,1.10822,1.1082,2060000,1000000
2018-08-31 14:06:55.763000,1.10823,1.10821,2440000,1000000
2018-08-31 14:06:56.018000,1.10822,1.1082,1250000,2250000
2018-08-31 14:06:56.529000,1.10822,1.1082,1250000,3000000
2018-08-31 14:06:57.054000,1.10822,1.10821,1120000,1000000
2018-08-31 14:06:57.259000,1.10821,1.1082,1500000,2960000
2018-08-31 14:06:57.766000,1.10821,1.10819,1310000,1500000
2018-08-31 14:06:58.273000,1.10821,1.10818,2060000,4570000
2018-08-31 14:06:59.147000,1.10821,1.10819,1310000,1500000
2018-08-31 14:06:59.657000,1.10822,1.1082,2440000,1000000
2018-08-31 14:07:00.173000,1.10822,1.1082,1310000,1500000
2018-08-31 14:07:00.688000,1.10821,1.10819,1000000,6450000
2018-08-31 14:07:02.401000,1.10822,1.1082,1250000,1500000
2018-08-31 14:07:02.942000,1.10823,1.10821,1690000,1000000
2018-08-31 14:07:03.185000,1.10824,1.10822,2060000,2250000
2018-08-31 14:07:03.734000,1.10825,1.10823,1310000,1500000
2018-08-31 14:07:03.991000,1.10827,1.10825,1120000,2060000
2018-08-31 14:07:04.515000,1.10829,1.10826,3940000,1500000
2018-08-31 14:07:04.776000,1.10828,1.10825,2060000,3370000
2018-08-31 14:07:05.309000,1.10828,1.10825,3940000,1000000
2018-08-31 14:07:06.047000,1.10826,1.10824,2060000,1200000
2018-08-31 14:07:06.254000,1.10822,1.1082,1120000,2620000
2018-08-31 14:07:06.793000,1.10823,1.1082,2810000,1500000
2018-08-31 14:07:08.380000,1.10822,1.1082,1620000,1500000
2018-08-31 14:07:10.868000,1.10823,1.10822,1250000,1000000
2018-08-31 14:07:11.397000,1.10824,1.10822,1690000,1000000
2018-08-31 14:07:11.945000,1.10825,1.10823,1690000,1000000
2018-08-31 14:07:14.020000,1.10822,1.10821,1000000,3450000
2018-08-31 14:07:14.236000,1.1082,1.10818,1620000,1870000
2018-08-31 14:07:14.861000,1.10821,1.10818,2810000,3370000
2018-08-31 14:07:15.404000,1.1082,1.10818,1310000,1120000
2018-08-31 14:07:15.929000,1.10821,1.10819,2060000,1000000
2018-08-31 14:07:18.934000,1.10821,1.10819,2060000,1000000
2018-08-31 14:07:19.090000,1.10822,1.10821,3000000,1870000
2018-08-31 14:07:19.143000,1.10824,1.10822,1870000,2620000
2018-08-31 14:07:19.320000,1.10826,1.10824,1000000,3000000
2018-08-31 14:07:19.371000,1.10827,1.10825,2060000,1000000
2018-08-31 14:07:19.781000,1.10827,1.10824,3940000,1000000
2018-08-31 14:07:20.290000,1.10827,1.10824,2810000,1370000
2018-08-31 14:07:20.831000,1.10827,1.10825,2810000,1000000
2018-08-31 14:07:21.343000,1.10828,1.10826,5700000,1000000
2018-08-31 14:07:21.820000,1.10825,1.10824,1000000,1000000
2018-08-31 14:07:21.922000,1.10825,1.10822,2810000,2250000
2018-08-31 14:07:22.076000,1.10828,1.10824,5440000,1120000
2018-08-31 14:07:22.725000,1.10828,1.10825,6190000,1000000
2018-08-31 14:07:23.439000,1.10828,1.10826,2440000,1000000
2018-08-31 14:07:23.969000,1.10829,1.10826,6190000,1000000
2018-08-31 14:07:24.285000,1.10829,1.10827,4690000,1000000
2018-08-31 14:07:29.885000,1.1083,1.10827,3640000,1120000
2018-08-31 14:07:30.200000,1.1083,1.10829,1250000,1000000
2018-08-31 14:07:30.617000,1.10824,1.10821,1190000,3370000
2018-08-31 14:07:30.824000,1.10821,1.10819,2620000,1370000
2018-08-31 14:07:31.007000,1.10823,1.10821,4390000,1120000
2018-08-31 14:07:31.848000,1.10824,1.10822,3640000,1000000
2018-08-31 14:07:32.744000,1.10821,1.10819,2810000,1950000
2018-08-31 14:07:33.271000,1.1082,1.10818,1190000,1120000
2018-08-31 14:07:33.860000,1.1082,1.10818,2060000,1120000
2018-08-31 14:07:35.339000,1.10819,1.10817,1310000,2620000
2018-08-31 14:07:36.367000,1.10819,1.10816,4390000,1000000
2018-08-31 14:07:38.181000,1.10819,1.10817,4010000,1500000
2018-08-31 14:07:38.723000,1.1082,1.10818,3190000,1000000
2018-08-31 14:07:39.615000,1.1082,1.10818,1310000,1000000
2018-08-31 14:07:40.124000,1.1082,1.10818,1190000,1000000
2018-08-31 14:07:40.470000,1.10822,1.10821,4310000,1000000
2018-08-31 14:07:41.002000,1.10823,1.10821,3940000,1000000
2018-08-31 14:07:41.385000,1.10825,1.10824,1870000,1000000
2018-08-31 14:07:41.895000,1.10825,1.10824,1690000,1000000
2018-08-31 14:07:41.947000,1.10823,1.10821,1310000,3070000
2018-08-31 14:07:42.467000,1.10824,1.10822,3190000,1120000
2018-08-31 14:07:43.038000,1.10824,1.10823,1250000,1000000
2018-08-31 14:07:43.194000,1.10825,1.10823,2440000,1000000
2018-08-31 14:07:44.025000,1.10825,1.10823,1000000,1870000
2018-08-31 14:07:44.526000,1.10827,1.10825,2060000,1000000
2018-08-31 14:07:45.383000,1.10827,1.10825,3940000,1000000
2018-08-31 14:07:47.958000,1.10827,1.10825,1690000,1000000
2018-08-31 14:07:48.641000,1.10828,1.10826,1250000,1000000
2018-08-31 14:07:48.694000,1.10829,1.10827,5100000,1000000
2018-08-31 14:07:48.801000,1.10833,1.10831,2440000,1000000
2018-08-31 14:07:49.370000,1.10834,1.10832,2810000,1120000
2018-08-31 14:07:49.874000,1.10835,1.10833,4310000,1000000
2018-08-31 14:07:51.684000,1.10836,1.10834,3750000,1000000
2018-08-31 14:07:51.893000,1.10838,1.10837,1000000,1000000
2018-08-31 14:07:52.043000,1.1084,1.10838,2590000,1000000
2018-08-31 14:07:56.582000,1.10841,1.10839,3560000,1000000
2018-08-31 14:07:57.107000,1.10841,1.10839,3190000,1000000
2018-08-31 14:07:57.442000,1.10846,1.10844,2060000,1000000
2018-08-31 14:07:57.860000,1.10843,1.10841,2060000,1570000
2018-08-31 14:07:58.004000,1.10842,1.1084,3940000,1000000
2018-08-31 14:07:58.056000,1.10841,1.10839,1500000,1690000
2018-08-31 14:07:58.561000,1.1084,1.10838,2060000,1000000
2018-08-31 14:07:59.158000,1.1084,1.10838,2060000,1000000
2018-08-31 14:08:03.055000,1.10839,1.10838,1000000,1000000
2018-08-31 14:08:04.016000,1.10839,1.10837,1500000,1250000
2018-08-31 14:08:05.310000,1.10839,1.10837,1000000,1870000
2018-08-31 14:08:07.564000,1.10839,1.10837,1000000,1870000
2018-08-31 14:08:08.530000,1.10839,1.10837,1000000,2060000
2018-08-31 14:08:09.321000,1.10839,1.10837,1000000,1870000
2018-08-31 14:08:10.793000,1.1084,1.10838,1120000,1120000
2018-08-31 14:08:11.909000,1.10841,1.10839,1500000,1000000
2018-08-31 14:08:12.012000,1.10843,1.10841,2700000,1000000
2018-08-31 14:08:12.064000,1.10844,1.10843,1570000,1310000
2018-08-31 14:08:12.122000,1.10845,1.10843,1000000,1310000
2018-08-31 14:08:15.294000,1.10846,1.10844,2060000,1000000
2018-08-31 14:08:16.205000,1.10845,1.10843,2060000,1000000
2018-08-31 14:08:16.745000,1.10844,1.10842,1250000,1120000
2018-08-31 14:08:17.265000,1.10843,1.10841,1250000,1870000
2018-08-31 14:08:17.771000,1.10844,1.10842,1310000,1000000
2018-08-31 14:08:18.323000,1.10845,1.10843,1250000,1120000
2018-08-31 14:08:19.216000,1.10846,1.10844,2060000,1000000
2018-08-31 14:08:19.966000,1.10844,1.10842,1250000,1870000
2018-08-31 14:08:20.432000,1.10842,1.1084,1250000,1500000
2018-08-31 14:08:21.243000,1.10843,1.10841,1690000,1120000
2018-08-31 14:08:21.573000,1.10842,1.1084,2060000,1000000
2018-08-31 14:08:22.085000,1.10841,1.10839,1250000,1870000
2018-08-31 14:08:25.524000,1.10839,1.10837,1000000,2440000
2018-08-31 14:08:26.280000,1.1084,1.10837,2060000,2440000
2018-08-31 14:08:26.451000,1.10845,1.10843,1390000,2250000
2018-08-31 14:08:27.900000,1.10846,1.10843,1250000,3190000
2018-08-31 14:08:28.472000,1.10846,1.10844,1250000,1500000
2018-08-31 14:08:29.030000,1.10846,1.10843,1250000,3190000
2018-08-31 14:08:29.549000,1.10846,1.10843,2060000,1120000
2018-08-31 14:08:30.733000,1.10844,1.10842,1250000,2620000
2018-08-31 14:08:31.278000,1.10844,1.10842,1250000,1120000
2018-08-31 14:08:32.219000,1.10844,1.10842,1190000,1000000
2018-08-31 14:08:32.730000,1.10843,1.10841,1250000,3750000
2018-08-31 14:08:33.253000,1.10842,1.1084,1690000,2250000
2018-08-31 14:08:33.781000,1.10841,1.10839,2060000,1000000
2018-08-31 14:08:36.895000,1.10839,1.10837,1000000,2510000
2018-08-31 14:08:38.176000,1.10838,1.10837,1000000,1250000
2018-08-31 14:08:39.549000,1.10837,1.10836,1000000,1120000
2018-08-31 14:08:39.703000,1.10834,1.10832,1500000,2810000
2018-08-31 14:08:40.263000,1.10833,1.10832,1500000,1000000
2018-08-31 14:08:40.773000,1.10833,1.10831,1000000,1500000
2018-08-31 14:08:41.889000,1.10834,1.10832,1500000,1000000
2018-08-31 14:08:45.149000,1.10832,1.1083,2810000,3000000
2018-08-31 14:08:45.253000,1.10831,1.10829,1690000,1120000
2018-08-31 14:08:45.621000,1.10828,1.10826,1000000,4760000
2018-08-31 14:08:45.759000,1.10828,1.10826,1000000,2440000
2018-08-31 14:08:46.774000,1.10829,1.10827,1690000,1000000
2018-08-31 14:08:47.512000,1.10829,1.10827,1500000,1370000
2018-08-31 14:08:48.041000,1.10829,1.10827,1690000,1120000
2018-08-31 14:08:48.648000,1.10829,1.10827,1690000,1000000
2018-08-31 14:08:49.184000,1.10829,1.10827,2810000,1000000
2018-08-31 14:08:50.115000,1.10828,1.10826,1000000,1310000
2018-08-31 14:08:55.651000,1.10831,1.10829,5250000,1720000
2018-08-31 14:08:55.707000,1.10836,1.10835,1870000,1540000
2018-08-31 14:08:55.987000,1.10835,1.10833,1870000,1870000
2018-08-31 14:08:56.757000,1.10834,1.10832,1690000,2620000
2018-08-31 14:08:57.267000,1.10833,1.10831,1250000,1120000
2018-08-31 14:08:57.997000,1.10833,1.10831,1000000,3000000
2018-08-31 14:08:58.505000,1.10834,1.10832,1500000,1120000
2018-08-31 14:08:59.428000,1.10833,1.10831,1000000,1500000
2018-08-31 14:09:02.313000,1.10832,1.1083,1690000,1870000
2018-08-31 14:09:02.624000,1.1083,1.10828,1500000,1870000
2018-08-31 14:09:03.197000,1.10829,1.10828,1000000,1000000
2018-08-31 14:09:04.300000,1.1083,1.10828,2810000,1000000
2018-08-31 14:09:04.707000,1.10832,1.1083,1000000,1870000
2018-08-31 14:09:05.595000,1.10831,1.10829,1000000,2250000
2018-08-31 14:09:06.831000,1.1083,1.10828,1690000,1000000
2018-08-31 14:09:07.356000,1.10829,1.10827,1250000,1500000
2018-08-31 14:09:08.096000,1.10828,1.10826,1000000,3560000
2018-08-31 14:09:11.282000,1.10829,1.10827,2440000,1000000
2018-08-31 14:09:13.631000,1.1083,1.10828,3750000,1000000
2018-08-31 14:09:13.945000,1.10833,1.1083,2060000,2620000
2018-08-31 14:09:14.499000,1.10833,1.10831,1000000,2250000
2018-08-31 14:09:15.228000,1.10834,1.10832,1690000,1000000
2018-08-31 14:09:15.755000,1.10835,1.10833,1310000,1120000
2018-08-31 14:09:19.113000,1.10834,1.10832,1250000,1000000
2018-08-31 14:09:20.739000,1.1083,1.10829,1250000,1950000
2018-08-31 14:09:20.856000,1.1083,1.10828,2440000,1120000
2018-08-31 14:09:21.653000,1.1083,1.10828,5810000,1120000
2018-08-31 14:09:21.755000,1.10829,1.10826,4690000,1000000
2018-08-31 14:09:22.344000,1.10829,1.10827,2060000,1120000
2018-08-31 14:09:22.498000,1.10828,1.10825,2060000,1500000
2018-08-31 14:09:23.388000,1.10827,1.10825,1000000,1120000
2018-08-31 14:09:26.339000,1.10828,1.10826,1500000,1120000
2018-08-31 14:09:28.239000,1.1083,1.10828,3940000,1000000
2018-08-31 14:09:29.229000,1.10829,1.10827,1120000,1500000
2018-08-31 14:09:29.804000,1.10828,1.10826,3560000,1000000
2018-08-31 14:09:30.445000,1.10827,1.10825,2060000,1120000
2018-08-31 14:09:31.199000,1.10827,1.10824,1310000,2620000
2018-08-31 14:09:31.815000,1.10827,1.10825,1310000,1000000
2018-08-31 14:09:32.355000,1.10827,1.10825,1310000,1000000
2018-08-31 14:09:33.113000,1.10828,1.10826,2440000,1000000
2018-08-31 14:09:33.624000,1.10828,1.10826,1000000,1620000
2018-08-31 14:09:36.223000,1.10829,1.10827,1250000,1120000
2018-08-31 14:09:39.227000,1.10828,1.10826,1000000,2060000
2018-08-31 14:09:39.812000,1.10829,1.10827,2810000,1000000
2018-08-31 14:09:40.070000,1.10827,1.10825,1870000,1500000
2018-08-31 14:09:40.122000,1.10825,1.10824,1000000,3600000
2018-08-31 14:09:40.434000,1.10816,1.10814,1690000,1200000
2018-08-31 14:09:40.550000,1.10816,1.10813,2440000,1120000
2018-08-31 14:09:40.654000,1.10809,1.10808,1000000,1120000
2018-08-31 14:09:40.963000,1.10812,1.10811,1100000,1500000
2018-08-31 14:09:41.486000,1.10813,1.10811,1000000,2060000
2018-08-31 14:09:41.646000,1.1081,1.10808,1000000,1870000
2018-08-31 14:09:42.197000,1.10811,1.10809,1000000,1120000
2018-08-31 14:09:42.249000,1.10813,1.10811,1390000,1000000
2018-08-31 14:09:42.578000,1.10811,1.10809,1250000,1500000
2018-08-31 14:09:43.089000,1.10812,1.1081,1190000,1000000
2018-08-31 14:09:43.614000,1.10813,1.10811,2440000,1000000
2018-08-31 14:09:44.290000,1.10812,1.10809,1690000,1500000
2018-08-31 14:09:45.365000,1.10813,1.10812,1200000,1120000
2018-08-31 14:09:45.469000,1.10815,1.10813,2060000,1000000
2018-08-31 14:09:45.996000,1.10816,1.10813,2060000,2250000
2018-08-31 14:09:46.878000,1.10818,1.10816,6820000,1000000
2018-08-31 14:09:47.366000,1.1082,1.10817,2810000,1120000
2018-08-31 14:09:47.523000,1.1082,1.10818,2060000,1000000
2018-08-31 14:09:48.043000,1.10821,1.10819,1250000,1120000
2018-08-31 14:09:49.233000,1.10822,1.1082,2810000,1000000
2018-08-31 14:09:49.754000,1.10822,1.1082,2060000,1120000
2018-08-31 14:09:50.282000,1.10821,1.10819,1250000,1000000
2018-08-31 14:09:51.542000,1.10819,1.10817,1000000,4950000
2018-08-31 14:09:52.056000,1.1082,1.10817,1690000,3000000
2018-08-31 14:09:52.587000,1.10823,1.10822,2320000,1000000
2018-08-31 14:09:53.136000,1.10823,1.10821,1000000,3750000
2018-08-31 14:09:55.931000,1.10824,1.10821,4310000,3040000
2018-08-31 14:09:56.457000,1.10823,1.10821,1000000,1690000
2018-08-31 14:09:57.209000,1.10824,1.10821,4690000,2060000
2018-08-31 14:09:57.748000,1.10823,1.10821,1000000,2290000
2018-08-31 14:09:58.292000,1.10825,1.10824,3000000,1250000
2018-08-31 14:09:58.398000,1.10824,1.10822,1500000,1870000
2018-08-31 14:09:58.949000,1.10823,1.10822,1000000,1000000
2018-08-31 14:09:59.510000,1.10824,1.10822,1690000,1000000
2018-08-31 14:10:00.693000,1.10824,1.10821,2440000,1600000
2018-08-31 14:10:03.754000,1.10824,1.10821,3190000,1600000
2018-08-31 14:10:04.437000,1.10822,1.1082,1500000,1120000
2018-08-31 14:10:05.004000,1.10822,1.10819,1500000,3560000
2018-08-31 14:10:05.546000,1.10822,1.10819,1690000,3000000
2018-08-31 14:10:06.877000,1.10822,1.1082,1190000,1000000
2018-08-31 14:10:09.531000,1.10822,1.10819,1690000,3000000
2018-08-31 14:10:10.413000,1.10822,1.1082,1250000,1000000
2018-08-31 14:10:13.503000,1.10823,1.1082,2810000,1000000
2018-08-31 14:10:15.095000,1.10822,1.1082,1250000,1000000
2018-08-31 14:10:18.424000,1.10824,1.10822,4950000,1250000
2018-08-31 14:10:18.741000,1.10828,1.10826,1000000,1690000
2018-08-31 14:10:19.267000,1.10828,1.10826,1000000,1310000
2018-08-31 14:10:21.941000,1.10829,1.10827,1690000,1000000
2018-08-31 14:10:25.198000,1.10831,1.10829,5320000,1690000
2018-08-31 14:10:25.304000,1.10832,1.10831,1250000,1000000
2018-08-31 14:10:25.814000,1.10833,1.10831,1250000,1500000
2018-08-31 14:10:26.274000,1.10832,1.1083,1000000,3450000
2018-08-31 14:10:26.379000,1.10833,1.1083,2060000,1120000
2018-08-31 14:10:28.273000,1.10833,1.10831,1870000,1000000
2018-08-31 14:10:32.038000,1.10834,1.10832,3560000,1000000
2018-08-31 14:10:33.238000,1.10834,1.10832,3000000,1000000
2018-08-31 14:10:35.779000,1.10834,1.10832,3190000,1000000
2018-08-31 14:10:36.461000,1.10832,1.1083,1000000,1700000
2018-08-31 14:10:36.997000,1.10831,1.10829,1500000,1330000
2018-08-31 14:10:37.252000,1.1083,1.10828,1500000,1120000
2018-08-31 14:10:37.763000,1.1083,1.10827,3190000,1330000
2018-08-31 14:10:38.853000,1.10829,1.10827,1120000,1000000
2018-08-31 14:10:39.910000,1.1083,1.10828,3560000,1500000
2018-08-31 14:10:41.074000,1.10829,1.10828,1250000,1500000
2018-08-31 14:10:42.197000,1.1083,1.10828,3000000,1700000
2018-08-31 14:10:50.526000,1.10829,1.10828,1000000,1870000
2018-08-31 14:10:53.236000,1.10829,1.10827,2060000,1500000
2018-08-31 14:10:54.312000,1.10829,1.10828,1310000,1000000
2018-08-31 14:10:55.169000,1.10829,1.10827,1310000,1000000
2018-08-31 14:10:55.221000,1.10824,1.10823,3000000,1250000
2018-08-31 14:10:55.572000,1.10822,1.1082,1690000,1000000
2018-08-31 14:10:56.115000,1.10822,1.1082,1250000,1000000
2018-08-31 14:10:56.663000,1.10822,1.1082,1690000,1000000
2018-08-31 14:10:57.174000,1.10822,1.1082,1250000,1000000
2018-08-31 14:10:58.734000,1.10818,1.10817,1000000,1000000
2018-08-31 14:10:58.786000,1.10818,1.10816,2810000,1000000
2018-08-31 14:10:58.890000,1.1082,1.10818,1120000,1370000
2018-08-31 14:10:59.482000,1.10821,1.10819,1690000,1120000
2018-08-31 14:10:59.845000,1.10819,1.10817,1000000,4950000
2018-08-31 14:11:00.100000,1.10818,1.10816,1000000,1760000
2018-08-31 14:11:00.387000,1.10819,1.10818,1000000,1120000
2018-08-31 14:11:01.510000,1.1082,1.10818,1690000,1120000
2018-08-31 14:11:02.443000,1.10817,1.10816,1250000,1000000
2018-08-31 14:11:02.960000,1.10817,1.10815,1250000,1120000
2018-08-31 14:11:03.650000,1.10816,1.10814,1000000,1500000
2018-08-31 14:11:04.009000,1.10815,1.10813,1000000,1000000
2018-08-31 14:11:04.511000,1.10815,1.10813,1000000,1500000
2018-08-31 14:11:05.944000,1.10815,1.10813,1000000,2250000
2018-08-31 14:11:08.213000,1.10814,1.10812,1690000,2250000
2018-08-31 14:11:08.351000,1.10811,1.10809,1690000,2250000
2018-08-31 14:11:08.877000,1.10812,1.1081,4120000,1310000
2018-08-31 14:11:09.031000,1.10814,1.10812,6070000,1000000
2018-08-31 14:11:09.621000,1.10815,1.10813,2440000,1120000
2018-08-31 14:11:10.133000,1.10814,1.10812,1000000,1870000
2018-08-31 14:11:11.040000,1.10814,1.10812,2060000,1500000
2018-08-31 14:11:11.093000,1.10813,1.10811,2810000,1570000
2018-08-31 14:11:12.936000,1.10813,1.10811,1000000,1870000
2018-08-31 14:11:13.220000,1.10815,1.10813,1950000,1000000
2018-08-31 14:11:16.181000,1.10815,1.10814,1000000,1000000
2018-08-31 14:11:16.951000,1.10815,1.10813,3560000,1000000
2018-08-31 14:11:17.668000,1.10814,1.10812,1250000,1120000
2018-08-31 14:11:18.368000,1.10813,1.10811,1690000,2250000
2018-08-31 14:11:18.421000,1.10811,1.10809,1000000,1570000
2018-08-31 14:11:18.524000,1.10811,1.10809,1000000,1000000
2018-08-31 14:11:19.450000,1.10809,1.10807,1250000,2620000
2018-08-31 14:11:19.977000,1.10809,1.10807,1000000,3000000
2018-08-31 14:11:21.025000,1.1081,1.10808,2440000,1120000
2018-08-31 14:11:21.612000,1.1081,1.10808,2810000,1000000
2018-08-31 14:11:22.139000,1.10808,1.10806,1000000,2810000
2018-08-31 14:11:22.347000,1.10807,1.10805,1310000,1000000
2018-08-31 14:11:22.563000,1.10805,1.10803,1250000,1870000
2018-08-31 14:11:22.875000,1.10803,1.10802,1000000,1120000
2018-08-31 14:11:23.084000,1.10805,1.10803,1000000,1000000
2018-08-31 14:11:23.631000,1.10805,1.10803,1000000,2250000
2018-08-31 14:11:24.217000,1.10805,1.10803,1000000,2440000
2018-08-31 14:11:24.270000,1.10807,1.10805,1120000,1190000
2018-08-31 14:11:25.344000,1.10808,1.10806,1000000,2440000
2018-08-31 14:11:25.914000,1.10807,1.10806,1000000,1690000
2018-08-31 14:11:26.416000,1.10808,1.10806,1000000,2440000
2018-08-31 14:11:26.934000,1.10809,1.10806,1000000,2810000
2018-08-31 14:11:26.987000,1.10807,1.10805,1000000,4950000
2018-08-31 14:11:27.504000,1.10807,1.10805,1500000,1000000
2018-08-31 14:11:28.057000,1.10805,1.10803,1690000,1500000
2018-08-31 14:11:29.099000,1.10805,1.10803,1690000,1000000
2018-08-31 14:11:29.822000,1.10804,1.10802,1690000,1120000
2018-08-31 14:11:31.508000,1.10802,1.108,1000000,1310000
2018-08-31 14:11:33.414000,1.108,1.10798,1000000,8890000
2018-08-31 14:11:33.940000,1.10799,1.10797,1120000,2320000
2018-08-31 14:11:33.992000,1.10797,1.10795,1000000,2060000
2018-08-31 14:11:34.636000,1.10797,1.10795,1120000,1620000
2018-08-31 14:11:35.147000,1.10797,1.10795,2060000,1000000
2018-08-31 14:11:36.394000,1.10797,1.10795,1120000,2060000
2018-08-31 14:11:36.700000,1.10799,1.10797,1120000,1620000
2018-08-31 14:11:37.220000,1.108,1.10799,1690000,1000000
2018-08-31 14:11:37.621000,1.10798,1.10796,1000000,2440000
2018-08-31 14:11:38.262000,1.10797,1.10795,1000000,1250000
2018-08-31 14:11:38.766000,1.10796,1.10794,1000000,1690000
2018-08-31 14:11:39.887000,1.10797,1.10795,1120000,1120000
2018-08-31 14:11:40.403000,1.10797,1.10795,1500000,1500000
2018-08-31 14:11:40.811000,1.10798,1.10796,2060000,1120000
2018-08-31 14:11:41.934000,1.10798,1.10796,2060000,1870000
2018-08-31 14:11:42.446000,1.10799,1.10796,2810000,1870000
2018-08-31 14:11:43.490000,1.10798,1.10796,2060000,1370000
2018-08-31 14:11:44.170000,1.10798,1.10796,3190000,1120000
2018-08-31 14:11:44.679000,1.10797,1.10795,1000000,1500000
2018-08-31 14:11:45.218000,1.10798,1.10795,2810000,2060000
2018-08-31 14:11:45.939000,1.10798,1.10796,2810000,1370000
2018-08-31 14:11:46.453000,1.10797,1.10795,1000000,1620000
2018-08-31 14:11:46.506000,1.10796,1.10794,1000000,3940000
2018-08-31 14:11:47.007000,1.10796,1.10794,1000000,2060000
2018-08-31 14:11:47.945000,1.10795,1.10793,1000000,2810000
2018-08-31 14:11:48.548000,1.10796,1.10794,1000000,2250000
2018-08-31 14:11:51.480000,1.10796,1.10794,1250000,1120000
2018-08-31 14:11:51.559000,1.10792,1.10791,1250000,1950000
2018-08-31 14:11:51.664000,1.10791,1.10789,1000000,1690000
2018-08-31 14:11:52.185000,1.10791,1.10789,1000000,1690000
2018-08-31 14:11:53.526000,1.1079,1.10789,1000000,1000000
2018-08-31 14:11:54.195000,1.1079,1.10788,1000000,2440000
2018-08-31 14:11:55.133000,1.10791,1.10788,1500000,1690000
2018-08-31 14:11:55.822000,1.1079,1.10788,1000000,1690000
2018-08-31 14:11:56.330000,1.1079,1.10788,1000000,1690000
2018-08-31 14:11:56.831000,1.10791,1.10789,1500000,1120000
2018-08-31 14:11:58.174000,1.1079,1.10788,1500000,1620000
2018-08-31 14:11:59.273000,1.10791,1.10789,2060000,1120000
2018-08-31 14:11:59.829000,1.1079,1.10788,1000000,1370000
2018-08-31 14:12:00.338000,1.10791,1.10789,2440000,1120000
2018-08-31 14:12:00.672000,1.10792,1.10789,3370000,1480000
2018-08-31 14:12:00.826000,1.10795,1.10794,1000000,1120000
2018-08-31 14:12:01.021000,1.10793,1.10792,1000000,1870000
2018-08-31 14:12:01.570000,1.10794,1.10792,2440000,1120000
2018-08-31 14:12:02.686000,1.10794,1.10791,6190000,1000000
2018-08-31 14:12:02.909000,1.10791,1.10789,1000000,3260000
2018-08-31 14:12:03.368000,1.10793,1.10791,2810000,1000000
2018-08-31 14:12:03.893000,1.10793,1.10791,4310000,1000000
2018-08-31 14:12:04.824000,1.10793,1.10791,4310000,1000000
2018-08-31 14:12:05.336000,1.10794,1.10792,3560000,1000000
2018-08-31 14:12:06.324000,1.10792,1.1079,1000000,1310000
2018-08-31 14:12:06.873000,1.10792,1.1079,1500000,1250000
2018-08-31 14:12:07.418000,1.10791,1.1079,1000000,1000000
2018-08-31 14:12:09.481000,1.10792,1.1079,3940000,1000000
2018-08-31 14:12:09.793000,1.10793,1.10792,1870000,1120000
2018-08-31 14:12:10.252000,1.10796,1.10794,2440000,1000000
2018-08-31 14:12:11.375000,1.10796,1.10794,2060000,1000000
2018-08-31 14:12:13.020000,1.10798,1.10796,2890000,1120000
2018-08-31 14:12:13.335000,1.108,1.10798,1120000,2060000
2018-08-31 14:12:13.908000,1.108,1.10798,1000000,3560000
2018-08-31 14:12:13.961000,1.10802,1.108,2620000,1250000
2018-08-31 14:12:15.712000,1.10803,1.10801,4310000,1000000
2018-08-31 14:12:16.599000,1.10803,1.10801,3000000,1000000
2018-08-31 14:12:17.693000,1.10803,1.10801,3750000,1000000
2018-08-31 14:12:18.229000,1.10803,1.10801,3560000,1000000
2018-08-31 14:12:20.125000,1.10803,1.10802,1120000,1000000
2018-08-31 14:12:20.634000,1.10804,1.10802,4310000,1000000
2018-08-31 14:12:21.197000,1.10805,1.10803,5440000,1000000
2018-08-31 14:12:21.834000,1.10804,1.10802,1310000,1120000
2018-08-31 14:12:22.397000,1.10804,1.10802,1250000,1000000
2018-08-31 14:12:23.552000,1.10803,1.10801,1870000,1120000
2018-08-31 14:12:24.070000,1.10803,1.10802,1120000,1000000
2018-08-31 14:12:25.530000,1.10803,1.10801,2250000,1000000
2018-08-31 14:12:26.084000,1.10802,1.108,1500000,1000000
2018-08-31 14:12:28.494000,1.10801,1.10799,1250000,2250000
2018-08-31 14:12:28.546000,1.10799,1.10797,1690000,5250000
2018-08-31 14:12:29.068000,1.10798,1.10797,1000000,1000000
2018-08-31 14:12:29.507000,1.10796,1.10794,1500000,2060000
2018-08-31 14:12:30.756000,1.10796,1.10795,1000000,1000000
2018-08-31 14:12:31.756000,1.10795,1.10793,1120000,1690000
2018-08-31 14:12:31.859000,1.10796,1.10794,1000000,1690000
2018-08-31 14:12:32.323000,1.10797,1.10795,2060000,1120000
2018-08-31 14:12:35.524000,1.10795,1.10793,1250000,1500000
2018-08-31 14:12:36.046000,1.10795,1.10793,1000000,1310000
2018-08-31 14:12:36.738000,1.10795,1.10793,1000000,1620000
2018-08-31 14:12:38.032000,1.10796,1.10794,2810000,1120000
2018-08-31 14:12:39.209000,1.10797,1.10795,4010000,1120000
2018-08-31 14:12:39.757000,1.10797,1.10796,1310000,1000000
2018-08-31 14:12:40.645000,1.10796,1.10795,1000000,1000000
2018-08-31 14:12:42.038000,1.10797,1.10795,2060000,1120000
2018-08-31 14:12:42.774000,1.10795,1.10793,1870000,1120000
2018-08-31 14:12:43.297000,1.10795,1.10793,1500000,1370000
2018-08-31 14:12:44.018000,1.10796,1.10794,1000000,1620000
2018-08-31 14:12:44.528000,1.10796,1.10794,1500000,1250000
2018-08-31 14:12:45.332000,1.10797,1.10796,1000000,1000000
2018-08-31 14:12:45.680000,1.10798,1.10797,1000000,2060000
2018-08-31 14:12:45.784000,1.108,1.10798,3560000,1120000
2018-08-31 14:12:46.289000,1.10798,1.10797,1000000,1690000
2018-08-31 14:12:46.816000,1.10798,1.10796,1000000,1690000
2018-08-31 14:12:47.344000,1.10798,1.10796,1000000,1690000
2018-08-31 14:12:49.154000,1.10798,1.10796,1310000,1120000
2018-08-31 14:12:49.859000,1.10798,1.10796,1250000,1370000
2018-08-31 14:12:51.764000,1.10798,1.10796,1500000,1310000
2018-08-31 14:12:52.498000,1.10797,1.10796,1000000,1310000
2018-08-31 14:12:53.513000,1.10798,1.10796,1500000,1310000
2018-08-31 14:12:54.485000,1.10797,1.10795,1500000,1120000
2018-08-31 14:13:01.097000,1.10796,1.10795,1500000,1000000
2018-08-31 14:13:01.615000,1.10796,1.10794,1870000,1500000
2018-08-31 14:13:02.918000,1.10794,1.10793,1000000,1250000
2018-08-31 14:13:03.438000,1.10795,1.10794,1500000,1250000
2018-08-31 14:13:04.215000,1.10796,1.10795,1000000,1250000
2018-08-31 14:13:04.735000,1.10797,1.10796,1000000,1250000
2018-08-31 14:13:05.213000,1.10799,1.10798,3000000,1310000
2018-08-31 14:13:05.782000,1.108,1.10798,1000000,1310000
2018-08-31 14:13:08.012000,1.108,1.10799,1690000,1000000
2018-08-31 14:13:10.024000,1.10799,1.10798,1000000,1000000
2018-08-31 14:13:10.078000,1.10798,1.10797,1500000,1120000
2018-08-31 14:13:10.883000,1.10798,1.10796,1000000,1690000
2018-08-31 14:13:13.119000,1.10798,1.10796,2810000,1000000
2018-08-31 14:13:13.664000,1.10798,1.10796,3190000,1000000
2018-08-31 14:13:14.372000,1.10797,1.10796,1000000,1000000
2018-08-31 14:13:15.433000,1.10798,1.10796,3000000,1620000
2018-08-31 14:13:17.434000,1.10799,1.10797,5810000,1370000
2018-08-31 14:13:17.948000,1.10799,1.10797,2060000,1120000
2018-08-31 14:13:18.007000,1.10801,1.108,2620000,1250000
2018-08-31 14:13:18.114000,1.10802,1.10801,1250000,1000000
2018-08-31 14:13:18.892000,1.10803,1.10801,1000000,1310000
2018-08-31 14:13:20.012000,1.10803,1.10801,1250000,1870000
2018-08-31 14:13:22.661000,1.10803,1.10801,1250000,1870000
2018-08-31 14:13:23.200000,1.10804,1.10802,2440000,1000000
2018-08-31 14:13:26.768000,1.10804,1.10802,2440000,1120000
2018-08-31 14:13:27.613000,1.10804,1.10802,1690000,1370000
2018-08-31 14:13:27.667000,1.10806,1.10804,2700000,1000000
2018-08-31 14:13:27.803000,1.10807,1.10806,1500000,1250000
2018-08-31 14:13:28.310000,1.10808,1.10806,1000000,1620000
2018-08-31 14:13:28.932000,1.10812,1.1081,2620000,1310000
2018-08-31 14:13:29.548000,1.10813,1.10811,2440000,1000000
2018-08-31 14:13:29.975000,1.1081,1.10809,2060000,1120000
2018-08-31 14:13:30.513000,1.1081,1.10808,4390000,1000000
2018-08-31 14:13:31.063000,1.1081,1.10808,3640000,1000000
2018-08-31 14:13:31.600000,1.10809,1.10807,2440000,1000000
2018-08-31 14:13:32.357000,1.10809,1.10807,1690000,1000000
2018-08-31 14:13:33.291000,1.10808,1.10806,1310000,1000000
2018-08-31 14:13:33.344000,1.10807,1.10805,1000000,1310000
2018-08-31 14:13:33.624000,1.10806,1.10804,1690000,1000000
2018-08-31 14:13:34.161000,1.10805,1.10803,1190000,1000000
2018-08-31 14:13:34.752000,1.10806,1.10804,2890000,1000000
2018-08-31 14:13:35.273000,1.10806,1.10804,2060000,1000000
2018-08-31 14:13:36.782000,1.10807,1.10805,2700000,2690000
2018-08-31 14:13:36.885000,1.10808,1.10806,1310000,1370000
2018-08-31 14:13:39.296000,1.10811,1.10808,4760000,1250000
2018-08-31 14:13:39.351000,1.10812,1.10811,1000000,2060000
2018-08-31 14:13:39.518000,1.10813,1.10811,1250000,1500000
2018-08-31 14:13:39.727000,1.10814,1.10813,2440000,1000000
2018-08-31 14:13:41.852000,1.10816,1.10815,1200000,1250000
2018-08-31 14:13:42.363000,1.10816,1.10814,1310000,1500000
2018-08-31 14:13:43.149000,1.10816,1.10814,2060000,1000000
2018-08-31 14:13:43.776000,1.10817,1.10815,1000000,1310000
2018-08-31 14:13:44.305000,1.10817,1.10815,2060000,1000000
2018-08-31 14:13:45.363000,1.10816,1.10814,1250000,1500000
2018-08-31 14:13:47.032000,1.10816,1.10814,1690000,1000000
2018-08-31 14:13:50.273000,1.10816,1.10815,1310000,1000000
2018-08-31 14:13:50.796000,1.10816,1.10814,2060000,1120000
2018-08-31 14:13:51.344000,1.10816,1.10814,2060000,1120000
2018-08-31 14:13:51.862000,1.10816,1.10814,2060000,1120000
2018-08-31 14:13:52.887000,1.10814,1.10812,1000000,1310000
2018-08-31 14:13:53.394000,1.10813,1.10812,1250000,1000000
2018-08-31 14:13:54.817000,1.10814,1.10812,3190000,1000000
2018-08-31 14:13:55.434000,1.10816,1.10815,4950000,1250000
2018-08-31 14:13:55.488000,1.10817,1.10815,2250000,1690000
2018-08-31 14:13:55.652000,1.10819,1.10818,4500000,1250000
2018-08-31 14:13:55.707000,1.1082,1.10818,1120000,1690000
2018-08-31 14:13:56.247000,1.1082,1.10818,1000000,1310000
2018-08-31 14:13:56.824000,1.10821,1.10819,1000000,1250000
2018-08-31 14:13:57.577000,1.10821,1.10819,1000000,2810000
2018-08-31 14:13:57.836000,1.10823,1.10821,2620000,1000000
2018-08-31 14:13:59.989000,1.10822,1.1082,1000000,1120000
2018-08-31 14:14:00.610000,1.10823,1.10821,2620000,1250000
2018-08-31 14:14:00.715000,1.10824,1.10823,1000000,1000000
2018-08-31 14:14:00.914000,1.10825,1.10823,4310000,1000000
2018-08-31 14:14:02.287000,1.10824,1.10822,1000000,1690000
2018-08-31 14:14:02.797000,1.10825,1.10823,2440000,1000000
2018-08-31 14:14:03.325000,1.10824,1.10822,1000000,2060000
2018-08-31 14:14:03.828000,1.10825,1.10823,1310000,1000000
2018-08-31 14:14:05.948000,1.10824,1.10822,1000000,2810000
2018-08-31 14:14:07.042000,1.10823,1.10821,1500000,1310000
2018-08-31 14:14:08.454000,1.10822,1.1082,1000000,2440000
2018-08-31 14:14:08.974000,1.10822,1.10821,1000000,1000000
2018-08-31 14:14:10.065000,1.10821,1.10819,1000000,2440000
2018-08-31 14:14:10.172000,1.10817,1.10813,4310000,2250000
2018-08-31 14:14:10.382000,1.10816,1.10814,1310000,1500000
2018-08-31 14:14:11.780000,1.10816,1.10814,1000000,2060000
2018-08-31 14:14:11.940000,1.10819,1.10818,1500000,1250000
2018-08-31 14:14:12.084000,1.1082,1.10818,1310000,1870000
2018-08-31 14:14:14.002000,1.1082,1.10818,1310000,2620000
2018-08-31 14:14:18.014000,1.1082,1.10818,1120000,2060000
2018-08-31 14:14:18.941000,1.10822,1.1082,1120000,2060000
2018-08-31 14:14:19.483000,1.10822,1.1082,1120000,1310000
2018-08-31 14:14:20.674000,1.10821,1.10819,1000000,2060000
2018-08-31 14:14:21.248000,1.10821,1.10819,1500000,2060000
2018-08-31 14:14:23.065000,1.10822,1.1082,1120000,2060000
2018-08-31 14:14:23.573000,1.10822,1.1082,1500000,2810000
2018-08-31 14:14:24.104000,1.10822,1.1082,1500000,2060000
2018-08-31 14:14:26.761000,1.10827,1.10825,4500000,1000000
2018-08-31 14:14:27.306000,1.10828,1.10827,2250000,1250000
2018-08-31 14:14:27.645000,1.10829,1.10827,1870000,1250000
2018-08-31 14:14:28.288000,1.1083,1.10828,1650000,1000000
2018-08-31 14:14:28.814000,1.10832,1.10829,2140000,2810000
2018-08-31 14:14:29.731000,1.10833,1.10832,1250000,1000000
2018-08-31 14:14:30.374000,1.10834,1.10832,2440000,1120000
2018-08-31 14:14:30.880000,1.10834,1.10832,1120000,2060000
2018-08-31 14:14:31.093000,1.10836,1.10835,6450000,1690000
2018-08-31 14:14:31.198000,1.10838,1.10836,1000000,2440000
2018-08-31 14:14:31.357000,1.10839,1.10836,3190000,2810000
2018-08-31 14:14:31.888000,1.1084,1.10837,2250000,2810000
2018-08-31 14:14:33.810000,1.1084,1.10837,1120000,2440000
2018-08-31 14:14:34.347000,1.10841,1.10838,2810000,1310000
2018-08-31 14:14:34.655000,1.10844,1.10841,1500000,2060000
2018-08-31 14:14:35.014000,1.10845,1.10843,1000000,2510000
2018-08-31 14:14:35.558000,1.10847,1.10843,2810000,2060000
2018-08-31 14:14:36.274000,1.10847,1.10845,1870000,1310000
2018-08-31 14:14:36.603000,1.10852,1.10848,3560000,2810000
2018-08-31 14:14:37.164000,1.1085,1.10848,1120000,1760000
2018-08-31 14:14:37.612000,1.10852,1.10849,1870000,1620000
2018-08-31 14:14:38.156000,1.10852,1.10849,1000000,1620000
2018-08-31 14:14:38.907000,1.10853,1.10851,1870000,1000000
2018-08-31 14:14:39.430000,1.10852,1.1085,1120000,1310000
2018-08-31 14:14:39.749000,1.10858,1.10856,1500000,1250000
2018-08-31 14:14:40.078000,1.10855,1.10854,1000000,1250000
2018-08-31 14:14:41.559000,1.10853,1.10852,1120000,1100000
2018-08-31 14:14:41.662000,1.10852,1.1085,1000000,2810000
2018-08-31 14:14:42.197000,1.10852,1.1085,1500000,1120000
2018-08-31 14:14:42.892000,1.10849,1.10848,1690000,1000000
2018-08-31 14:14:42.944000,1.10847,1.10845,1000000,1000000
2018-08-31 14:14:42.996000,1.10862,1.1086,30670000,2850000
2018-08-31 14:14:43.333000,1.10878,1.10877,1000000,2250000
2018-08-31 14:14:43.437000,1.10876,1.10874,1200000,1120000
2018-08-31 14:14:44.032000,1.10872,1.10871,1000000,1120000
2018-08-31 14:14:44.261000,1.10875,1.10873,3370000,1000000
2018-08-31 14:14:44.810000,1.10876,1.10874,1870000,1000000
2018-08-31 14:14:45.357000,1.10875,1.10873,1500000,1250000
2018-08-31 14:14:46.309000,1.10874,1.10872,1000000,2810000
2018-08-31 14:14:46.844000,1.10875,1.10873,2060000,1000000
2018-08-31 14:14:47.339000,1.10873,1.10871,1250000,1120000
2018-08-31 14:14:47.443000,1.10871,1.1087,1000000,1120000
2018-08-31 14:14:47.547000,1.1087,1.10868,1000000,2060000
2018-08-31 14:14:48.624000,1.10867,1.10866,1000000,1000000
2018-08-31 14:14:48.994000,1.10866,1.10864,2870000,1120000
2018-08-31 14:14:49.190000,1.10865,1.10863,1500000,3190000
2018-08-31 14:14:49.243000,1.10866,1.10863,1000000,4310000
2018-08-31 14:14:49.574000,1.10873,1.10872,1000000,1250000
2018-08-31 14:14:49.892000,1.1087,1.10868,1120000,2250000
2018-08-31 14:14:50.361000,1.10871,1.1087,1500000,1000000
2018-08-31 14:14:50.577000,1.10871,1.10868,2250000,1690000
2018-08-31 14:14:51.151000,1.10872,1.10869,3750000,1690000
2018-08-31 14:14:51.474000,1.10872,1.1087,3000000,1000000
2018-08-31 14:14:51.996000,1.10874,1.10873,3000000,1500000
2018-08-31 14:14:52.151000,1.10878,1.10877,1000000,1000000
2018-08-31 14:14:54.074000,1.1088,1.10878,3000000,3190000
2018-08-31 14:14:54.129000,1.10884,1.10883,1120000,1000000
2018-08-31 14:14:54.321000,1.10886,1.10885,1870000,1000000
2018-08-31 14:14:54.867000,1.10885,1.10884,1500000,1000000
2018-08-31 14:14:55.616000,1.10885,1.10882,1050000,2700000
2018-08-31 14:14:55.771000,1.10884,1.10881,2250000,1310000
2018-08-31 14:14:56.088000,1.10885,1.10883,2060000,1000000
2018-08-31 14:14:56.406000,1.10887,1.10884,1120000,2060000
2018-08-31 14:14:56.869000,1.10885,1.10884,1000000,1000000
2018-08-31 14:14:56.921000,1.10885,1.10882,3560000,2140000
2018-08-31 14:14:57.366000,1.10883,1.10881,2620000,1120000
2018-08-31 14:14:57.419000,1.1088,1.10878,1000000,1000000
2018-08-31 14:14:57.678000,1.10881,1.10878,1120000,4310000
2018-08-31 14:14:58.076000,1.10881,1.10878,1120000,2060000
2018-08-31 14:14:58.130000,1.10878,1.10877,1000000,1000000
2018-08-31 14:14:58.400000,1.10877,1.10876,1000000,1000000
2018-08-31 14:14:58.910000,1.10878,1.10876,1120000,1560000
2018-08-31 14:14:59.089000,1.10877,1.10874,1000000,3640000
2018-08-31 14:14:59.614000,1.10876,1.10874,1000000,1690000
2018-08-31 14:15:00,1.10874,1.10872,1000000,1000000
2018-08-31 14:15:00.051000,1.10873,1.1087,3190000,1460000
