time,ask,bid,ask_volume,bid_volume
2017-09-27 14:25:00.421000,1.12958,1.12956,1690000,1000000
2017-09-27 14:25:00.474000,1.12955,1.12954,1250000,5620000
2017-09-27 14:25:00.629000,1.12954,1.12952,1690000,1370000
2017-09-27 14:25:01.178000,1.12954,1.12952,3260000,1000000
2017-09-27 14:25:04.120000,1.12955,1.12952,1840000,1000000
2017-09-27 14:25:04.225000,1.12958,1.12956,1870000,1000000
2017-09-27 14:25:04.741000,1.1296,1.12957,2890000,1000000
2017-09-27 14:25:06.822000,1.1296,1.12958,1260000,1000000
2017-09-27 14:25:07.718000,1.1296,1.12957,2890000,1000000
2017-09-27 14:25:08.244000,1.1296,1.12958,2510000,1000000
2017-09-27 14:25:10.241000,1.12961,1.12959,2440000,1000000
2017-09-27 14:25:10.508000,1.12962,1.12958,6380000,2810000
2017-09-27 14:25:11.058000,1.12961,1.12958,1000000,2810000
2017-09-27 14:25:11.568000,1.12961,1.12958,3640000,1310000
2017-09-27 14:25:12.750000,1.12962,1.1296,1640000,1120000
2017-09-27 14:25:13.362000,1.12961,1.12958,1310000,1870000
2017-09-27 14:25:14.055000,1.12962,1.12961,1500000,2060000
2017-09-27 14:25:14.107000,1.12965,1.12961,2890000,3190000
2017-09-27 14:25:14.583000,1.12965,1.12963,2250000,1000000
2017-09-27 14:25:14.916000,1.12966,1.12964,2060000,1000000
2017-09-27 14:25:15.019000,1.12968,1.12966,4310000,1000000
2017-09-27 14:25:15.530000,1.12967,1.12965,1120000,1000000
2017-09-27 14:25:20.012000,1.12964,1.12963,1000000,1000000
2017-09-27 14:25:20.063000,1.12962,1.12959,2630000,2440000
2017-09-27 14:25:20.576000,1.12962,1.12959,3750000,1500000
2017-09-27 14:25:21.514000,1.12962,1.1296,1100000,1000000
2017-09-27 14:25:21.567000,1.12964,1.12963,1000000,1000000
2017-09-27 14:25:22.168000,1.12966,1.12963,2810000,1000000
2017-09-27 14:25:22.699000,1.12966,1.12963,3190000,1000000
2017-09-27 14:25:26.510000,1.12963,1.12961,3000000,1000000
2017-09-27 14:25:26.838000,1.12962,1.1296,2630000,1000000
2017-09-27 14:25:27.549000,1.12962,1.1296,3000000,1000000
2017-09-27 14:25:28.423000,1.12962,1.12959,3750000,1250000
2017-09-27 14:25:29.023000,1.12962,1.12959,7130000,1250000
2017-09-27 14:25:29.585000,1.12964,1.12962,2250000,1000000
2017-09-27 14:25:29.689000,1.12964,1.12961,4760000,1250000
2017-09-27 14:25:29.947000,1.12966,1.12964,1500000,2250000
2017-09-27 14:25:30.558000,1.12963,1.12962,3370000,1500000
2017-09-27 14:25:30.815000,1.12962,1.12959,3370000,2440000
2017-09-27 14:25:31.275000,1.12962,1.12961,3000000,2850000
2017-09-27 14:25:31.492000,1.12966,1.12963,1800000,3220000
2017-09-27 14:25:32.300000,1.12967,1.12964,2440000,2850000
2017-09-27 14:25:34.809000,1.12967,1.12966,1000000,1000000
2017-09-27 14:25:35.323000,1.1297,1.12969,3000000,1000000
2017-09-27 14:25:35.512000,1.12971,1.12969,1500000,1500000
2017-09-27 14:25:35.720000,1.1297,1.12968,2660000,1000000
2017-09-27 14:25:36.232000,1.1297,1.12968,2250000,1000000
2017-09-27 14:25:36.484000,1.12972,1.12969,1120000,2440000
2017-09-27 14:25:39.340000,1.12972,1.12971,1000000,1000000
2017-09-27 14:25:39.879000,1.12972,1.1297,1000000,2060000
2017-09-27 14:25:40.390000,1.12973,1.1297,1500000,1690000
2017-09-27 14:25:40.982000,1.12974,1.12971,1950000,3410000
2017-09-27 14:25:41.528000,1.12974,1.12972,1500000,1000000
2017-09-27 14:25:41.837000,1.12973,1.1297,1750000,2250000
2017-09-27 14:25:42.201000,1.12973,1.12971,1000000,1000000
2017-09-27 14:25:44.402000,1.12973,1.12971,1370000,1000000
2017-09-27 14:25:44.922000,1.12973,1.1297,1870000,2440000
2017-09-27 14:25:44.974000,1.12974,1.12972,1500000,1500000
2017-09-27 14:25:45.491000,1.12973,1.12971,3940000,1500000
2017-09-27 14:25:45.798000,1.12966,1.12965,1000000,1000000
2017-09-27 14:25:46.328000,1.12966,1.12965,1000000,1000000
2017-09-27 14:25:46.710000,1.12969,1.12967,1760000,1000000
2017-09-27 14:25:46.761000,1.1297,1.12967,1120000,5440000
2017-09-27 14:25:46.966000,1.12972,1.1297,1000000,1120000
2017-09-27 14:25:47.507000,1.12972,1.12971,1000000,1690000
2017-09-27 14:25:48.042000,1.12973,1.12971,1000000,1690000
2017-09-27 14:25:48.824000,1.12972,1.1297,1500000,1500000
2017-09-27 14:25:49.515000,1.12971,1.12969,1000000,1250000
2017-09-27 14:25:49.881000,1.12967,1.12965,1000000,3190000
2017-09-27 14:25:50.086000,1.12969,1.12967,1000000,1250000
2017-09-27 14:25:50.190000,1.12967,1.12965,1500000,2620000
2017-09-27 14:25:50.697000,1.12967,1.12966,1000000,1000000
2017-09-27 14:25:51.201000,1.12967,1.12965,1500000,1000000
2017-09-27 14:25:51.765000,1.12964,1.12963,1500000,1250000
2017-09-27 14:25:51.969000,1.12961,1.12959,2060000,1000000
2017-09-27 14:25:53.110000,1.12961,1.12959,1690000,1000000
2017-09-27 14:25:53.899000,1.12961,1.1296,1250000,1000000
2017-09-27 14:25:54.108000,1.12963,1.12962,1500000,1870000
2017-09-27 14:25:54.261000,1.12962,1.1296,1500000,1000000
2017-09-27 14:25:55.174000,1.12965,1.12963,3370000,1000000
2017-09-27 14:25:55.226000,1.12966,1.12962,3750000,4540000
2017-09-27 14:25:55.332000,1.12967,1.12965,1500000,1500000
2017-09-27 14:25:56.052000,1.12967,1.12966,1000000,1500000
2017-09-27 14:25:58.209000,1.12967,1.12965,1000000,1000000
2017-09-27 14:25:58.887000,1.12967,1.12965,1370000,1000000
2017-09-27 14:25:59.457000,1.12966,1.12964,2620000,1000000
2017-09-27 14:25:59.960000,1.12966,1.12963,2620000,1120000
2017-09-27 14:26:00.552000,1.12967,1.12965,1370000,1000000
2017-09-27 14:26:01.095000,1.12967,1.12965,1000000,1000000
2017-09-27 14:26:01.978000,1.12966,1.12964,1120000,1000000
2017-09-27 14:26:02.506000,1.12967,1.12965,1000000,1000000
2017-09-27 14:26:06.181000,1.12967,1.12966,1000000,1000000
2017-09-27 14:26:06.438000,1.12971,1.12968,3000000,1000000
2017-09-27 14:26:06.719000,1.12972,1.12971,1120000,1000000
2017-09-27 14:26:07.179000,1.12969,1.12968,1910000,2250000
2017-09-27 14:26:07.333000,1.12968,1.12966,1000000,1000000
2017-09-27 14:26:08.711000,1.12968,1.12966,1500000,1000000
2017-09-27 14:26:08.903000,1.12972,1.1297,1200000,1500000
2017-09-27 14:26:09.700000,1.12972,1.12969,6000000,1000000
2017-09-27 14:26:09.957000,1.12972,1.1297,3820000,1000000
2017-09-27 14:26:10.474000,1.12973,1.12971,1000000,1000000
2017-09-27 14:26:10.983000,1.12973,1.12972,1000000,1000000
2017-09-27 14:26:12.664000,1.12973,1.12971,1000000,1000000
2017-09-27 14:26:17.008000,1.12973,1.1297,1000000,1690000
2017-09-27 14:26:17.341000,1.12972,1.1297,1000000,1250000
2017-09-27 14:26:19.853000,1.12971,1.12969,1000000,2060000
2017-09-27 14:26:19.955000,1.12968,1.12966,1000000,1500000
2017-09-27 14:26:20.522000,1.12968,1.12966,1000000,1000000
2017-09-27 14:26:20.879000,1.12966,1.12964,1000000,3940000
2017-09-27 14:26:21.402000,1.12965,1.12962,1000000,3560000
2017-09-27 14:26:22.007000,1.12966,1.12963,1120000,1310000
2017-09-27 14:26:23.175000,1.12965,1.12962,1250000,1870000
2017-09-27 14:26:23.484000,1.12963,1.12961,1120000,1500000
2017-09-27 14:26:23.792000,1.12965,1.12962,1120000,2250000
2017-09-27 14:26:24.326000,1.12964,1.12962,1000000,1000000
2017-09-27 14:26:25.128000,1.12963,1.12961,1000000,2060000
2017-09-27 14:26:25.639000,1.12965,1.12963,1000000,1000000
2017-09-27 14:26:26.504000,1.12965,1.12963,1000000,1120000
2017-09-27 14:26:27.259000,1.12966,1.12962,1120000,4800000
2017-09-27 14:26:27.311000,1.12969,1.12968,1000000,1000000
2017-09-27 14:26:27.365000,1.1297,1.12968,3000000,1000000
2017-09-27 14:26:27.883000,1.12971,1.12968,1000000,1250000
2017-09-27 14:26:28.333000,1.12972,1.1297,3190000,6000000
2017-09-27 14:26:28.881000,1.12972,1.12969,2810000,1000000
2017-09-27 14:26:29.387000,1.12971,1.12968,1000000,1690000
2017-09-27 14:26:33.232000,1.12968,1.12966,1000000,8620000
2017-09-27 14:26:33.336000,1.12965,1.12963,1000000,1370000
2017-09-27 14:26:33.653000,1.12965,1.12962,1000000,3600000
2017-09-27 14:26:33.756000,1.12965,1.12963,1000000,1870000
2017-09-27 14:26:33.862000,1.1297,1.12968,1120000,2660000
2017-09-27 14:26:34.427000,1.12971,1.12969,1120000,1000000
2017-09-27 14:26:38.902000,1.1297,1.12968,1000000,4910000
2017-09-27 14:26:39.469000,1.12971,1.1297,1000000,1000000
2017-09-27 14:26:40.416000,1.12973,1.12971,1120000,1000000
2017-09-27 14:26:42.235000,1.12973,1.1297,1370000,1500000
2017-09-27 14:26:42.778000,1.12975,1.12972,1950000,2620000
2017-09-27 14:26:44.263000,1.12976,1.12974,2620000,1000000
2017-09-27 14:26:44.517000,1.12974,1.12971,2620000,2060000
2017-09-27 14:26:46.795000,1.12975,1.12971,6000000,3790000
2017-09-27 14:26:47.304000,1.12975,1.12971,3000000,4910000
2017-09-27 14:26:47.860000,1.12975,1.12972,1870000,1000000
2017-09-27 14:26:48.411000,1.12975,1.12971,1870000,3190000
2017-09-27 14:26:50.775000,1.12975,1.12972,1500000,1500000
2017-09-27 14:26:52.279000,1.12974,1.12972,1000000,1500000
2017-09-27 14:26:52.381000,1.12976,1.12974,1870000,1250000
2017-09-27 14:26:52.689000,1.12977,1.12975,1000000,2440000
2017-09-27 14:26:53.233000,1.12977,1.12975,1120000,1250000
2017-09-27 14:26:54.875000,1.12976,1.12974,1000000,2810000
2017-09-27 14:26:55.029000,1.12975,1.12973,1000000,1000000
2017-09-27 14:26:55.599000,1.12975,1.12973,1000000,1870000
2017-09-27 14:26:56.110000,1.12974,1.12973,1000000,1870000
2017-09-27 14:26:56.163000,1.12976,1.12974,1120000,1120000
2017-09-27 14:26:56.723000,1.12977,1.12974,1500000,2810000
2017-09-27 14:26:57.233000,1.12975,1.12974,1000000,2810000
2017-09-27 14:26:57.540000,1.12972,1.12971,1000000,1310000
2017-09-27 14:26:58.073000,1.12972,1.1297,1000000,2810000
2017-09-27 14:26:59.439000,1.12974,1.12971,4870000,1250000
2017-09-27 14:27:00.007000,1.12972,1.12971,1000000,1000000
2017-09-27 14:27:00.689000,1.12973,1.12971,2440000,1000000
2017-09-27 14:27:03.075000,1.12975,1.12973,3750000,1000000
2017-09-27 14:27:03.382000,1.12976,1.12974,2250000,1120000
2017-09-27 14:27:03.893000,1.12976,1.12974,1000000,1500000
2017-09-27 14:27:04.404000,1.12977,1.12974,1120000,3190000
2017-09-27 14:27:04.967000,1.12976,1.12974,1120000,1500000
2017-09-27 14:27:05.483000,1.12977,1.12973,4310000,1870000
2017-09-27 14:27:05.789000,1.12978,1.12975,1870000,1250000
2017-09-27 14:27:06.175000,1.12978,1.12977,1000000,1000000
2017-09-27 14:27:07.284000,1.12977,1.12975,1000000,1310000
2017-09-27 14:27:07.820000,1.12977,1.12976,1000000,1250000
2017-09-27 14:27:09.201000,1.1298,1.12979,2620000,1310000
2017-09-27 14:27:09.720000,1.12979,1.12977,1000000,1620000
2017-09-27 14:27:11.961000,1.1298,1.12976,3000000,2060000
2017-09-27 14:27:12.607000,1.12978,1.12976,6000000,1120000
2017-09-27 14:27:12.958000,1.12978,1.12977,1000000,1250000
2017-09-27 14:27:13.263000,1.12977,1.12975,1000000,2620000
2017-09-27 14:27:14.092000,1.12976,1.12974,1000000,1870000
2017-09-27 14:27:14.602000,1.12975,1.12973,1000000,2440000
2017-09-27 14:27:16.774000,1.12973,1.12972,1000000,1120000
2017-09-27 14:27:17.299000,1.12973,1.12971,1120000,1310000
2017-09-27 14:27:18.463000,1.12972,1.12971,1000000,1310000
2017-09-27 14:27:19.785000,1.12972,1.1297,1000000,1250000
2017-09-27 14:27:20.302000,1.12971,1.12969,1000000,2060000
2017-09-27 14:27:20.809000,1.12972,1.12969,1690000,2060000
2017-09-27 14:27:21.372000,1.12976,1.12974,2250000,1000000
2017-09-27 14:27:21.526000,1.12976,1.12973,1870000,1120000
2017-09-27 14:27:22.075000,1.12976,1.12974,1500000,1000000
2017-09-27 14:27:22.179000,1.12977,1.12975,5440000,1000000
2017-09-27 14:27:22.281000,1.12976,1.12972,1500000,4690000
2017-09-27 14:27:22.786000,1.12976,1.12972,3370000,3190000
2017-09-27 14:27:23.490000,1.12975,1.12972,3750000,1870000
2017-09-27 14:27:24.359000,1.12975,1.12972,4870000,1120000
2017-09-27 14:27:24.874000,1.12976,1.12973,6560000,1000000
2017-09-27 14:27:25.388000,1.12975,1.12973,1500000,1000000
2017-09-27 14:27:26.264000,1.12976,1.12973,6940000,1000000
2017-09-27 14:27:28.670000,1.12976,1.12974,1500000,1000000
2017-09-27 14:27:28.877000,1.12981,1.12979,1690000,3970000
2017-09-27 14:27:29.188000,1.12983,1.1298,4120000,3600000
2017-09-27 14:27:29.698000,1.12982,1.12979,1310000,2620000
2017-09-27 14:27:29.802000,1.12981,1.12978,3940000,1000000
2017-09-27 14:27:30.057000,1.12981,1.12978,1870000,1000000
2017-09-27 14:27:30.109000,1.12981,1.12979,1000000,1000000
2017-09-27 14:27:30.624000,1.12982,1.12979,1000000,1000000
2017-09-27 14:27:31.300000,1.1298,1.12978,1000000,4310000
2017-09-27 14:27:31.940000,1.12981,1.12979,1000000,1000000
2017-09-27 14:27:32.436000,1.12979,1.12977,1000000,1870000
2017-09-27 14:27:32.946000,1.12979,1.12977,1000000,1120000
2017-09-27 14:27:33.557000,1.12979,1.12977,1000000,2250000
2017-09-27 14:27:34.459000,1.12979,1.12977,1000000,1500000
2017-09-27 14:27:34.994000,1.12979,1.12977,1000000,1870000
2017-09-27 14:27:35.505000,1.12978,1.12977,1000000,1120000
2017-09-27 14:27:37.081000,1.12979,1.12977,1000000,1120000
2017-09-27 14:27:38.369000,1.1298,1.12977,1120000,1120000
2017-09-27 14:27:38.902000,1.12979,1.12977,1000000,1120000
2017-09-27 14:27:39.439000,1.12979,1.12976,1000000,2250000
2017-09-27 14:27:39.746000,1.1298,1.12979,1310000,1000000
2017-09-27 14:27:39.951000,1.12983,1.12981,1200000,1000000
2017-09-27 14:27:40.003000,1.12981,1.12979,2250000,5250000
2017-09-27 14:27:40.517000,1.12982,1.12979,3750000,1000000
2017-09-27 14:27:41.154000,1.12981,1.12979,1500000,1000000
2017-09-27 14:27:41.666000,1.1298,1.12977,1000000,4310000
2017-09-27 14:27:42.220000,1.12982,1.1298,2250000,1120000
2017-09-27 14:27:42.730000,1.12983,1.12979,6190000,2440000
2017-09-27 14:27:43.036000,1.12984,1.1298,6940000,2810000
2017-09-27 14:27:43.642000,1.12984,1.1298,3260000,2810000
2017-09-27 14:27:45.679000,1.12984,1.12982,4120000,1000000
2017-09-27 14:27:46.275000,1.12985,1.12983,8250000,1000000
2017-09-27 14:27:46.803000,1.12984,1.12983,2470000,1000000
2017-09-27 14:27:48.154000,1.12981,1.12979,1500000,6000000
2017-09-27 14:27:48.360000,1.12982,1.1298,3750000,1000000
2017-09-27 14:27:48.904000,1.12983,1.12981,2060000,1000000
2017-09-27 14:27:49.413000,1.12983,1.12981,1310000,1000000
2017-09-27 14:27:50.186000,1.12983,1.12981,1630000,1000000
2017-09-27 14:27:50.630000,1.12981,1.12979,1000000,3750000
2017-09-27 14:27:51.142000,1.12981,1.1298,1120000,1000000
2017-09-27 14:27:53.248000,1.1298,1.12979,1120000,1870000
2017-09-27 14:27:55.572000,1.12982,1.1298,7880000,1000000
2017-09-27 14:27:56.081000,1.12981,1.1298,1500000,1000000
2017-09-27 14:27:57.103000,1.12981,1.12979,1500000,1870000
2017-09-27 14:27:57.638000,1.12981,1.12979,2620000,1870000
2017-09-27 14:27:58.537000,1.12981,1.12979,4870000,1000000
2017-09-27 14:27:59.213000,1.12982,1.12981,1120000,1000000
2017-09-27 14:27:59.724000,1.12983,1.12981,2060000,1000000
2017-09-27 14:28:00.265000,1.12983,1.12982,1000000,1000000
2017-09-27 14:28:00.571000,1.12985,1.12983,1500000,1000000
2017-09-27 14:28:01.096000,1.12985,1.12982,2060000,1120000
2017-09-27 14:28:01.352000,1.12985,1.12983,1250000,1000000
2017-09-27 14:28:01.558000,1.12985,1.12982,1500000,2250000
2017-09-27 14:28:02.781000,1.12982,1.1298,2620000,2250000
2017-09-27 14:28:02.935000,1.12981,1.12979,3750000,1500000
2017-09-27 14:28:03.926000,1.12981,1.12979,1120000,2250000
2017-09-27 14:28:04.443000,1.12981,1.12979,1310000,2250000
2017-09-27 14:28:05.090000,1.12981,1.12979,2060000,2500000
2017-09-27 14:28:05.601000,1.12981,1.12979,1390000,1870000
2017-09-27 14:28:06.014000,1.12979,1.12976,5810000,2620000
2017-09-27 14:28:06.540000,1.12981,1.12978,5810000,1000000
2017-09-27 14:28:07.206000,1.12981,1.12978,5810000,1000000
2017-09-27 14:28:07.969000,1.12981,1.1298,1310000,1000000
2017-09-27 14:28:11.071000,1.12981,1.12979,1120000,2250000
2017-09-27 14:28:14.296000,1.12981,1.1298,1120000,1000000
2017-09-27 14:28:14.830000,1.1298,1.12977,1500000,5440000
2017-09-27 14:28:16.051000,1.1298,1.12977,1500000,4310000
2017-09-27 14:28:16.691000,1.12979,1.12977,1000000,3370000
2017-09-27 14:28:18.528000,1.12981,1.12978,2060000,4500000
2017-09-27 14:28:19.077000,1.12981,1.12979,1870000,1120000
2017-09-27 14:28:19.594000,1.1298,1.12979,1000000,1120000
2017-09-27 14:28:20.646000,1.12979,1.12978,1000000,2250000
2017-09-27 14:28:21.549000,1.1298,1.12979,1000000,1120000
2017-09-27 14:28:22.115000,1.12979,1.12977,1000000,3190000
2017-09-27 14:28:22.773000,1.1298,1.12977,1500000,3190000
2017-09-27 14:28:23.373000,1.12979,1.12977,1000000,1870000
2017-09-27 14:28:24.097000,1.1298,1.12977,1870000,1870000
2017-09-27 14:28:24.746000,1.12979,1.12977,1000000,3000000
2017-09-27 14:28:25.250000,1.12978,1.12976,1000000,3790000
2017-09-27 14:28:25.791000,1.12978,1.12976,1000000,3790000
2017-09-27 14:28:26.688000,1.12978,1.12976,1000000,4160000
2017-09-27 14:28:27.142000,1.12979,1.12977,3000000,1000000
2017-09-27 14:28:27.802000,1.1298,1.12978,5250000,1000000
2017-09-27 14:28:28.382000,1.12979,1.12978,1000000,1000000
2017-09-27 14:28:28.891000,1.12979,1.12977,1000000,1120000
2017-09-27 14:28:29.413000,1.1298,1.12978,2250000,1000000
2017-09-27 14:28:30.025000,1.12979,1.12978,1000000,1000000
2017-09-27 14:28:30.535000,1.12979,1.12977,1500000,1120000
2017-09-27 14:28:31.063000,1.1298,1.12977,3370000,1120000
2017-09-27 14:28:31.289000,1.12978,1.12976,1000000,1690000
2017-09-27 14:28:33.026000,1.12978,1.12976,1000000,1690000
2017-09-27 14:28:33.555000,1.12977,1.12975,1000000,5290000
2017-09-27 14:28:33.869000,1.12974,1.12972,1000000,1500000
2017-09-27 14:28:33.921000,1.12975,1.12971,8060000,1750000
2017-09-27 14:28:34.129000,1.12973,1.12971,3750000,1500000
2017-09-27 14:28:37.070000,1.12972,1.1297,1000000,4910000
2017-09-27 14:28:37.760000,1.12972,1.1297,1000000,4540000
2017-09-27 14:28:38.275000,1.12973,1.1297,1500000,1310000
2017-09-27 14:28:39.595000,1.12971,1.12969,1000000,3560000
2017-09-27 14:28:40.584000,1.12971,1.12969,1000000,1250000
2017-09-27 14:28:42.148000,1.12971,1.12969,1000000,1310000
2017-09-27 14:28:45.514000,1.12971,1.12969,1000000,1500000
2017-09-27 14:28:46.109000,1.12972,1.12969,1000000,2250000
2017-09-27 14:28:46.636000,1.12972,1.12969,1000000,3190000
2017-09-27 14:28:47.546000,1.12972,1.12971,1000000,2100000
2017-09-27 14:28:47.598000,1.12974,1.12972,1000000,1690000
2017-09-27 14:28:50.074000,1.12977,1.12976,4500000,1310000
2017-09-27 14:28:50.397000,1.12976,1.12973,12220000,2060000
2017-09-27 14:28:50.910000,1.12975,1.12972,1350000,3000000
2017-09-27 14:28:51.416000,1.12974,1.12971,2100000,1690000
2017-09-27 14:28:52.522000,1.12974,1.12971,4720000,1250000
2017-09-27 14:28:52.626000,1.12973,1.1297,1350000,3560000
2017-09-27 14:28:52.778000,1.12971,1.12969,1300000,1690000
2017-09-27 14:28:53.688000,1.12972,1.1297,3600000,1000000
2017-09-27 14:28:54.513000,1.12969,1.12968,1000000,1870000
2017-09-27 14:28:54.564000,1.12969,1.12966,3650000,6640000
2017-09-27 14:28:54.719000,1.12971,1.12968,3800000,3980000
2017-09-27 14:28:54.821000,1.12972,1.12969,1500000,1250000
2017-09-27 14:28:55.499000,1.12972,1.1297,1000000,1000000
2017-09-27 14:28:56.995000,1.12973,1.1297,1000000,1250000
2017-09-27 14:28:57.600000,1.12973,1.12971,1000000,1000000
2017-09-27 14:28:58.112000,1.12974,1.12971,1870000,1310000
2017-09-27 14:28:58.807000,1.12974,1.12971,1370000,1310000
2017-09-27 14:28:59.325000,1.12973,1.1297,2250000,1250000
2017-09-27 14:28:59.377000,1.12973,1.12971,2620000,1000000
2017-09-27 14:29:00.063000,1.12973,1.12971,2620000,1000000
2017-09-27 14:29:00.575000,1.12973,1.12971,1500000,1000000
2017-09-27 14:29:01.150000,1.12973,1.12971,1000000,1000000
2017-09-27 14:29:01.693000,1.12973,1.12971,1000000,1000000
2017-09-27 14:29:02.586000,1.12974,1.12972,1120000,1120000
2017-09-27 14:29:03.136000,1.12975,1.12972,3370000,1120000
2017-09-27 14:29:04.313000,1.12975,1.12971,3000000,2810000
2017-09-27 14:29:06.681000,1.12973,1.12971,1120000,1120000
2017-09-27 14:29:10.968000,1.12973,1.1297,3940000,1250000
2017-09-27 14:29:12.312000,1.12972,1.12969,3750000,1000000
2017-09-27 14:29:13.628000,1.1297,1.12968,1870000,3060000
2017-09-27 14:29:14.241000,1.12969,1.12967,1000000,3940000
2017-09-27 14:29:15.031000,1.1297,1.12968,1000000,1540000
2017-09-27 14:29:17.481000,1.1297,1.12968,1000000,3410000
2017-09-27 14:29:17.533000,1.12968,1.12967,1000000,3000000
2017-09-27 14:29:18.627000,1.12968,1.12966,1120000,2060000
2017-09-27 14:29:18.963000,1.12966,1.12964,1500000,1310000
2017-09-27 14:29:20.182000,1.12965,1.12963,1500000,4540000
2017-09-27 14:29:20.932000,1.12963,1.12961,1620000,3070000
2017-09-27 14:29:20.984000,1.12962,1.1296,1050000,8250000
2017-09-27 14:29:21.952000,1.12962,1.1296,2290000,1000000
2017-09-27 14:29:23.056000,1.12963,1.12962,3040000,1120000
2017-09-27 14:29:23.349000,1.12967,1.12964,4690000,1000000
2017-09-27 14:29:23.400000,1.12965,1.12962,1190000,1870000
2017-09-27 14:29:23.607000,1.12967,1.12965,1690000,1000000
2017-09-27 14:29:24.409000,1.12969,1.12966,1690000,1120000
2017-09-27 14:29:25.122000,1.12969,1.12966,1000000,1870000
2017-09-27 14:29:25.626000,1.12969,1.12966,5810000,1870000
2017-09-27 14:29:27.779000,1.1297,1.12968,2620000,1000000
2017-09-27 14:29:27.995000,1.12973,1.12971,2810000,4500000
2017-09-27 14:29:29.232000,1.1297,1.12969,1000000,2060000
2017-09-27 14:29:29.438000,1.12969,1.12967,1310000,1120000
2017-09-27 14:29:29.955000,1.12969,1.12966,1250000,1000000
2017-09-27 14:29:31.122000,1.12969,1.12967,1250000,1000000
2017-09-27 14:29:31.378000,1.12971,1.12968,2440000,6790000
2017-09-27 14:29:32.190000,1.12971,1.12969,2440000,1000000
2017-09-27 14:29:33.723000,1.12971,1.12969,1500000,1000000
2017-09-27 14:29:34.214000,1.1297,1.12968,1120000,1870000
2017-09-27 14:29:34.318000,1.12968,1.12966,1500000,3380000
2017-09-27 14:29:34.369000,1.12969,1.12967,1000000,10500000
2017-09-27 14:29:34.574000,1.12967,1.12965,1000000,2630000
2017-09-27 14:29:35.092000,1.12968,1.12966,1500000,3600000
2017-09-27 14:29:35.611000,1.12968,1.12966,1120000,3970000
2017-09-27 14:29:36.143000,1.12969,1.12967,1120000,1310000
2017-09-27 14:29:36.451000,1.12967,1.12965,1120000,1120000
2017-09-27 14:29:37.007000,1.12966,1.12963,1000000,6600000
2017-09-27 14:29:37.553000,1.12965,1.12963,1000000,2250000
2017-09-27 14:29:38.451000,1.12966,1.12964,1500000,1190000
2017-09-27 14:29:38.707000,1.1297,1.12968,9370000,2850000
2017-09-27 14:29:39.534000,1.12968,1.12966,1000000,3370000
2017-09-27 14:29:40.018000,1.12966,1.12965,1000000,1310000
2017-09-27 14:29:40.274000,1.12965,1.12963,1000000,2140000
2017-09-27 14:29:40.896000,1.12964,1.12963,1000000,1500000
2017-09-27 14:29:41.411000,1.12964,1.12962,1120000,1300000
2017-09-27 14:29:41.926000,1.12964,1.12961,1500000,4540000
2017-09-27 14:29:42.238000,1.12958,1.12956,1000000,2060000
2017-09-27 14:29:44.284000,1.1296,1.12958,1870000,1570000
2017-09-27 14:29:44.594000,1.12958,1.12956,1120000,2060000
2017-09-27 14:29:44.645000,1.12956,1.12955,1000000,1000000
2017-09-27 14:29:44.697000,1.12953,1.12951,1120000,2320000
2017-09-27 14:29:45.386000,1.12953,1.12951,1000000,2660000
2017-09-27 14:29:45.902000,1.12952,1.12951,1000000,1300000
2017-09-27 14:29:46.312000,1.1295,1.12949,1000000,3370000
2017-09-27 14:29:46.363000,1.12947,1.12946,1000000,1250000
2017-09-27 14:29:47.960000,1.12948,1.12946,1120000,4160000
2017-09-27 14:29:48.431000,1.12949,1.12947,1000000,1950000
2017-09-27 14:29:49.015000,1.1295,1.12947,1250000,4910000
2017-09-27 14:29:49.171000,1.12952,1.12949,1000000,3750000
2017-09-27 14:29:49.530000,1.12954,1.12951,1250000,1720000
2017-09-27 14:29:50.800000,1.12955,1.12951,6560000,1370000
2017-09-27 14:29:51.643000,1.12955,1.12951,6560000,1870000
2017-09-27 14:29:53.075000,1.12956,1.12952,1690000,5100000
2017-09-27 14:29:53.228000,1.12959,1.12956,1690000,1500000
2017-09-27 14:29:55.609000,1.1296,1.12957,1250000,1620000
2017-09-27 14:30:02.746000,1.12959,1.12957,1370000,2250000
2017-09-27 14:30:03.269000,1.12958,1.12956,2250000,2060000
2017-09-27 14:30:03.814000,1.12957,1.12956,1000000,2060000
2017-09-27 14:30:07.781000,1.12958,1.12955,3000000,1120000
2017-09-27 14:30:08.087000,1.12951,1.12949,1000000,1570000
2017-09-27 14:30:08.600000,1.12951,1.12949,1370000,1120000
2017-09-27 14:30:09.123000,1.12951,1.12949,1000000,1000000
2017-09-27 14:30:09.473000,1.12949,1.12945,1870000,2510000
2017-09-27 14:30:09.576000,1.12949,1.12945,3000000,2060000
2017-09-27 14:30:09.884000,1.12944,1.12942,1000000,2250000
2017-09-27 14:30:10.005000,1.12941,1.12939,1120000,3750000
2017-09-27 14:30:10.056000,1.12938,1.12936,1000000,2250000
2017-09-27 14:30:10.568000,1.12937,1.12936,1120000,1000000
2017-09-27 14:30:10.894000,1.1294,1.12938,1310000,2290000
2017-09-27 14:30:11.405000,1.1294,1.12938,1690000,1250000
2017-09-27 14:30:11.939000,1.1294,1.12938,1120000,1500000
2017-09-27 14:30:12.455000,1.12939,1.12937,1120000,3790000
2017-09-27 14:30:13.012000,1.1294,1.12938,1500000,1240000
2017-09-27 14:30:13.377000,1.12945,1.12943,2060000,1500000
2017-09-27 14:30:14.782000,1.12945,1.12943,1690000,1000000
2017-09-27 14:30:14.885000,1.12947,1.12946,1120000,1000000
2017-09-27 14:30:15.908000,1.12948,1.12945,1310000,1120000
2017-09-27 14:30:16.113000,1.1295,1.12946,1560000,5400000
2017-09-27 14:30:16.165000,1.12951,1.12949,1760000,1500000
2017-09-27 14:30:16.699000,1.1295,1.12949,1000000,1120000
2017-09-27 14:30:17.193000,1.12948,1.12947,1000000,1500000
2017-09-27 14:30:17.497000,1.12948,1.12945,1750000,1690000
2017-09-27 14:30:18.010000,1.12947,1.12945,1000000,1500000
2017-09-27 14:30:18.522000,1.12948,1.12945,2060000,1500000
2017-09-27 14:30:18.891000,1.1295,1.12949,1000000,1000000
2017-09-27 14:30:18.943000,1.12953,1.12951,1310000,4500000
2017-09-27 14:30:20.018000,1.12953,1.12952,1250000,1000000
2017-09-27 14:30:20.526000,1.12953,1.12951,1620000,1120000
2017-09-27 14:30:21.258000,1.12953,1.1295,1120000,1690000
2017-09-27 14:30:21.685000,1.12955,1.12953,1310000,1000000
2017-09-27 14:30:22.204000,1.12954,1.12951,1500000,2440000
2017-09-27 14:30:22.710000,1.12955,1.12952,2060000,1500000
2017-09-27 14:30:22.763000,1.12957,1.12954,2440000,1310000
2017-09-27 14:30:22.815000,1.12958,1.12955,3560000,1690000
2017-09-27 14:30:23.347000,1.12959,1.12955,2510000,2810000
2017-09-27 14:30:23.657000,1.12957,1.12954,1870000,2630000
2017-09-27 14:30:24.248000,1.12956,1.12953,1310000,3260000
2017-09-27 14:30:24.556000,1.12954,1.12951,2250000,1690000
2017-09-27 14:30:26.080000,1.12954,1.12951,2250000,1250000
2017-09-27 14:30:26.707000,1.12951,1.12949,1690000,3370000
2017-09-27 14:30:26.759000,1.12948,1.12945,1120000,12560000
2017-09-27 14:30:27.068000,1.12952,1.12949,2810000,1690000
2017-09-27 14:30:27.273000,1.12952,1.12949,2060000,3190000
2017-09-27 14:30:27.783000,1.12952,1.12949,2440000,1500000
2017-09-27 14:30:27.942000,1.12951,1.12948,2060000,4420000
2017-09-27 14:30:28.097000,1.12948,1.12945,1000000,3190000
2017-09-27 14:30:28.604000,1.12948,1.12945,1500000,2810000
2017-09-27 14:30:29.417000,1.12949,1.12946,1500000,1690000
2017-09-27 14:30:29.963000,1.12947,1.12946,1120000,1120000
2017-09-27 14:30:30.308000,1.12946,1.12944,1370000,1120000
2017-09-27 14:30:32.092000,1.12945,1.12942,1120000,2630000
2017-09-27 14:30:32.399000,1.12941,1.12939,1870000,1000000
2017-09-27 14:30:32.779000,1.12944,1.1294,3450000,3380000
2017-09-27 14:30:33.338000,1.12945,1.12944,1870000,1500000
2017-09-27 14:30:33.389000,1.12947,1.12944,1310000,1990000
2017-09-27 14:30:34.405000,1.12947,1.12945,1250000,1000000
2017-09-27 14:30:35.828000,1.12948,1.12946,2440000,1000000
2017-09-27 14:30:36.339000,1.12948,1.12946,1310000,1000000
2017-09-27 14:30:36.847000,1.12948,1.12946,1250000,1000000
2017-09-27 14:30:37.436000,1.1295,1.12947,3300000,1000000
2017-09-27 14:30:37.742000,1.12946,1.12944,1310000,1870000
2017-09-27 14:30:37.898000,1.12942,1.12939,1310000,1000000
2017-09-27 14:30:40.092000,1.12941,1.12939,2810000,1000000
2017-09-27 14:30:40.449000,1.12938,1.12937,1250000,1120000
2017-09-27 14:30:41.592000,1.12938,1.12936,1690000,1000000
2017-09-27 14:30:41.695000,1.12936,1.12935,1000000,3380000
2017-09-27 14:30:41.797000,1.12934,1.12932,1000000,1120000
2017-09-27 14:30:42.208000,1.12933,1.1293,1000000,3110000
2017-09-27 14:30:43.879000,1.12934,1.1293,2170000,5180000
2017-09-27 14:30:44.429000,1.12934,1.12932,1000000,1000000
2017-09-27 14:30:45.045000,1.12933,1.12931,1000000,1350000
2017-09-27 14:30:45.479000,1.12935,1.12932,1250000,1540000
2017-09-27 14:30:45.786000,1.12933,1.12931,1000000,1500000
2017-09-27 14:30:46.312000,1.12932,1.12931,1000000,1000000
2017-09-27 14:30:47.686000,1.12933,1.12931,1000000,1500000
2017-09-27 14:30:49.236000,1.12933,1.12929,2810000,4310000
2017-09-27 14:30:49.547000,1.12932,1.1293,2440000,1000000
2017-09-27 14:30:49.598000,1.12934,1.12931,4120000,1250000
2017-09-27 14:30:50.164000,1.12934,1.12931,3190000,1250000
2017-09-27 14:30:52.384000,1.12936,1.12933,1870000,2850000
2017-09-27 14:30:52.539000,1.1294,1.12936,6560000,1120000
2017-09-27 14:30:53.982000,1.1294,1.12937,2440000,1000000
2017-09-27 14:30:54.521000,1.1294,1.12937,2250000,1120000
2017-09-27 14:30:55.197000,1.12939,1.12936,1000000,2810000
2017-09-27 14:30:56.344000,1.12937,1.12936,1500000,1120000
2017-09-27 14:30:56.652000,1.12934,1.12932,3000000,3680000
2017-09-27 14:30:57.173000,1.12934,1.12932,3000000,4800000
2017-09-27 14:30:57.685000,1.12934,1.12932,1000000,3190000
2017-09-27 14:31:00.383000,1.12932,1.12931,1500000,4500000
2017-09-27 14:31:00.597000,1.12932,1.12929,1500000,7310000
2017-09-27 14:31:01.134000,1.12931,1.12929,1000000,3190000
2017-09-27 14:31:01.524000,1.12933,1.12931,1000000,5780000
2017-09-27 14:31:03.424000,1.12934,1.12931,1000000,7090000
2017-09-27 14:31:04.975000,1.12934,1.12932,1000000,1500000
2017-09-27 14:31:05.485000,1.12934,1.12932,1000000,1000000
2017-09-27 14:31:08.406000,1.12934,1.12932,1000000,1840000
2017-09-27 14:31:09.875000,1.12936,1.12932,1500000,3560000
2017-09-27 14:31:10.410000,1.12935,1.12932,1000000,3560000
2017-09-27 14:31:11.168000,1.12935,1.12932,1000000,5060000
2017-09-27 14:31:11.423000,1.12939,1.12936,2320000,1120000
2017-09-27 14:31:11.948000,1.1294,1.12936,1690000,2920000
2017-09-27 14:31:12.473000,1.1294,1.12936,1310000,3300000
2017-09-27 14:31:14.517000,1.1294,1.12937,1000000,5550000
2017-09-27 14:31:15.422000,1.1294,1.12938,1000000,1000000
2017-09-27 14:31:16.368000,1.12937,1.12936,11630000,1500000
2017-09-27 14:31:16.521000,1.12937,1.12934,17440001,1870000
2017-09-27 14:31:17.042000,1.12936,1.12934,1120000,1370000
2017-09-27 14:31:17.357000,1.12943,1.12941,2060000,1000000
2017-09-27 14:31:17.899000,1.12943,1.12941,1000000,1870000
2017-09-27 14:31:18.410000,1.12942,1.1294,1000000,1500000
2017-09-27 14:31:19.105000,1.12943,1.1294,3000000,1000000
2017-09-27 14:31:19.674000,1.12943,1.1294,3750000,1370000
2017-09-27 14:31:20.206000,1.12944,1.12942,1000000,1250000
2017-09-27 14:31:20.257000,1.12945,1.12942,5660000,1000000
2017-09-27 14:31:20.415000,1.12943,1.1294,3370000,3000000
2017-09-27 14:31:20.723000,1.12942,1.1294,6750000,1000000
2017-09-27 14:31:21.884000,1.12943,1.12941,1000000,1120000
2017-09-27 14:31:22.398000,1.12944,1.12942,1000000,1250000
2017-09-27 14:31:23.445000,1.12943,1.1294,3190000,3370000
2017-09-27 14:31:23.820000,1.12944,1.12943,1000000,1000000
2017-09-27 14:31:24.500000,1.12944,1.12942,1000000,1870000
2017-09-27 14:31:24.554000,1.12943,1.12941,1000000,2810000
2017-09-27 14:31:25.066000,1.12943,1.12941,1000000,1500000
2017-09-27 14:31:26.394000,1.12944,1.12942,1120000,1250000
2017-09-27 14:31:27.174000,1.12944,1.12942,1000000,1310000
2017-09-27 14:31:27.685000,1.12945,1.12942,1000000,3940000
2017-09-27 14:31:27.737000,1.12947,1.12944,3000000,1000000
2017-09-27 14:31:27.889000,1.12947,1.12945,1120000,1870000
2017-09-27 14:31:28.043000,1.1295,1.12947,3000000,1000000
2017-09-27 14:31:28.247000,1.12948,1.12946,1000000,1870000
2017-09-27 14:31:28.756000,1.12949,1.12948,1000000,1000000
2017-09-27 14:31:29.058000,1.12951,1.12949,2060000,1000000
2017-09-27 14:31:30.079000,1.12948,1.12946,1000000,3490000
2017-09-27 14:31:30.183000,1.1295,1.12947,2250000,3940000
2017-09-27 14:31:31.671000,1.12949,1.12946,1120000,2060000
2017-09-27 14:31:32.179000,1.12948,1.12945,4120000,1500000
2017-09-27 14:31:32.698000,1.12948,1.12944,5620000,2810000
2017-09-27 14:31:33.220000,1.12947,1.12944,1500000,1250000
2017-09-27 14:31:34.190000,1.12947,1.12943,2250000,2620000
2017-09-27 14:31:34.448000,1.12944,1.12942,1000000,1120000
2017-09-27 14:31:34.790000,1.12942,1.1294,2250000,2060000
2017-09-27 14:31:35.301000,1.12941,1.12939,1000000,2810000
2017-09-27 14:31:35.843000,1.12942,1.12939,1950000,2060000
2017-09-27 14:31:37.613000,1.12943,1.12941,1200000,1810000
2017-09-27 14:31:37.767000,1.12945,1.12942,6190000,1000000
2017-09-27 14:31:38.272000,1.12943,1.1294,1120000,3000000
2017-09-27 14:31:38.792000,1.12943,1.1294,5250000,1690000
2017-09-27 14:31:39.294000,1.12943,1.12939,1500000,2740000
2017-09-27 14:31:39.823000,1.12942,1.12939,1120000,2060000
2017-09-27 14:31:40.391000,1.12942,1.12939,1000000,2740000
2017-09-27 14:31:40.902000,1.1294,1.12938,1000000,1500000
2017-09-27 14:31:41.423000,1.12942,1.12938,5250000,1250000
2017-09-27 14:31:41.834000,1.12939,1.12938,1000000,1120000
2017-09-27 14:31:41.939000,1.12938,1.12935,1500000,1620000
2017-09-27 14:31:42.457000,1.12938,1.12936,1000000,1880000
2017-09-27 14:31:43.202000,1.12938,1.12935,1100000,4310000
2017-09-27 14:31:43.254000,1.12938,1.12935,1570000,3000000
2017-09-27 14:31:43.769000,1.12938,1.12935,1000000,4430000
2017-09-27 14:31:45.122000,1.12938,1.12936,1000000,2060000
2017-09-27 14:31:45.707000,1.12938,1.12936,1000000,2060000
2017-09-27 14:31:46.263000,1.12938,1.12936,1000000,2440000
2017-09-27 14:31:47.175000,1.12938,1.12936,1000000,2810000
2017-09-27 14:31:47.711000,1.12938,1.12936,3250000,1120000
2017-09-27 14:31:48.618000,1.12937,1.12935,1000000,3370000
2017-09-27 14:31:48.974000,1.12938,1.12936,1000000,2060000
2017-09-27 14:31:49.510000,1.12938,1.12936,1000000,2060000
2017-09-27 14:31:51.249000,1.1294,1.12937,1950000,1120000
2017-09-27 14:31:51.783000,1.1294,1.12937,1870000,1120000
2017-09-27 14:31:52.619000,1.12938,1.12936,1000000,1120000
2017-09-27 14:31:52.928000,1.12933,1.12931,2250000,3190000
2017-09-27 14:31:53.271000,1.12931,1.12929,1000000,3940000
2017-09-27 14:31:53.427000,1.12929,1.12927,1000000,3190000
2017-09-27 14:31:53.964000,1.1293,1.12927,1120000,1690000
2017-09-27 14:31:54.465000,1.12929,1.12926,2250000,2810000
2017-09-27 14:31:54.619000,1.12927,1.12926,2250000,1000000
2017-09-27 14:31:54.721000,1.12926,1.12924,1250000,1000000
2017-09-27 14:31:55.232000,1.12925,1.12922,2250000,3940000
2017-09-27 14:31:55.567000,1.12922,1.12921,1250000,3000000
2017-09-27 14:31:55.620000,1.12922,1.1292,1000000,1120000
2017-09-27 14:31:55.774000,1.12924,1.12922,3370000,2620000
2017-09-27 14:31:56.291000,1.12924,1.12922,1500000,2810000
2017-09-27 14:31:56.547000,1.12923,1.1292,1690000,1000000
2017-09-27 14:31:57.438000,1.12923,1.12919,2810000,5360000
2017-09-27 14:31:57.745000,1.12921,1.12918,2060000,1500000
2017-09-27 14:31:57.847000,1.1292,1.12917,3000000,1690000
2017-09-27 14:31:58.875000,1.12919,1.12916,5060000,1870000
2017-09-27 14:31:59.531000,1.12919,1.12916,4420000,1000000
2017-09-27 14:32:00.080000,1.12919,1.12917,1250000,1120000
2017-09-27 14:32:00.624000,1.12919,1.12917,2550000,1000000
2017-09-27 14:32:00.931000,1.12916,1.12914,1800000,1000000
2017-09-27 14:32:01.189000,1.12919,1.12917,1120000,9000000
2017-09-27 14:32:01.702000,1.1292,1.12917,1690000,1000000
2017-09-27 14:32:02.371000,1.12921,1.12918,4310000,9750000
2017-09-27 14:32:02.755000,1.12922,1.12921,2620000,1000000
2017-09-27 14:32:03.260000,1.12922,1.1292,1310000,1000000
2017-09-27 14:32:03.520000,1.12922,1.12918,1690000,2060000
2017-09-27 14:32:04.743000,1.12922,1.1292,1500000,15750000
2017-09-27 14:32:05.523000,1.12921,1.12919,1000000,1000000
2017-09-27 14:32:05.830000,1.1292,1.12918,1500000,1000000
2017-09-27 14:32:05.986000,1.12912,1.1291,1250000,1250000
2017-09-27 14:32:06.038000,1.1291,1.12908,1000000,15370000
2017-09-27 14:32:06.836000,1.12911,1.12908,1870000,1690000
2017-09-27 14:32:07.352000,1.1291,1.12909,1120000,1000000
2017-09-27 14:32:07.897000,1.1291,1.12908,1120000,1000000
2017-09-27 14:32:09.033000,1.12909,1.12907,1500000,2250000
2017-09-27 14:32:09.570000,1.12906,1.12904,4120000,3250000
2017-09-27 14:32:10.134000,1.12907,1.12905,3000000,1000000
2017-09-27 14:32:10.658000,1.12906,1.12903,1500000,6190000
2017-09-27 14:32:10.965000,1.12903,1.12902,1000000,1690000
2017-09-27 14:32:11.505000,1.12904,1.12902,1120000,1000000
2017-09-27 14:32:11.812000,1.12905,1.12903,1000000,9040000
2017-09-27 14:32:12.362000,1.12906,1.12904,1500000,5440000
2017-09-27 14:32:13.155000,1.12909,1.12906,3000000,31309999
2017-09-27 14:32:13.665000,1.12909,1.12907,1120000,1120000
2017-09-27 14:32:13.767000,1.12911,1.12908,3750000,5440000
2017-09-27 14:32:14.029000,1.12912,1.12909,36939999,4010000
2017-09-27 14:32:14.600000,1.12911,1.12909,1000000,1310000
2017-09-27 14:32:15.340000,1.12911,1.12909,1000000,2060000
2017-09-27 14:32:15.392000,1.12913,1.12912,1120000,1000000
2017-09-27 14:32:15.901000,1.12913,1.12911,1500000,1120000
2017-09-27 14:32:16.678000,1.12911,1.1291,1000000,1500000
2017-09-27 14:32:16.781000,1.12911,1.12908,3000000,2060000
2017-09-27 14:32:17.036000,1.12911,1.1291,1120000,1250000
2017-09-27 14:32:17.190000,1.12913,1.12911,1000000,1000000
2017-09-27 14:32:18.380000,1.12914,1.12912,1870000,1000000
2017-09-27 14:32:18.635000,1.12913,1.1291,1500000,1000000
2017-09-27 14:32:19.079000,1.12914,1.12912,3070000,1000000
2017-09-27 14:32:19.386000,1.12912,1.12911,1000000,1000000
2017-09-27 14:32:19.926000,1.12913,1.12911,1000000,1120000
2017-09-27 14:32:20.712000,1.12912,1.12911,1000000,1500000
2017-09-27 14:32:21.415000,1.12913,1.12911,1870000,1120000
2017-09-27 14:32:21.843000,1.12912,1.12908,1500000,6560000
2017-09-27 14:32:21.896000,1.1291,1.12908,1000000,5810000
2017-09-27 14:32:22.203000,1.12913,1.12909,3000000,4760000
2017-09-27 14:32:22.358000,1.12912,1.12909,2620000,2700000
2017-09-27 14:32:22.885000,1.12911,1.12909,1120000,2890000
2017-09-27 14:32:23.396000,1.12911,1.12909,1120000,1010000
2017-09-27 14:32:24.133000,1.1291,1.12908,1000000,2890000
2017-09-27 14:32:24.365000,1.12909,1.12907,1870000,1870000
2017-09-27 14:32:25.364000,1.12911,1.12909,3000000,1250000
2017-09-27 14:32:25.467000,1.12912,1.12909,1500000,7010000
2017-09-27 14:32:26.012000,1.12911,1.12908,1120000,3940000
2017-09-27 14:32:26.064000,1.12909,1.12908,1000000,1250000
2017-09-27 14:32:26.579000,1.12911,1.12908,3000000,1310000
2017-09-27 14:32:27.060000,1.12912,1.1291,1500000,3790000
2017-09-27 14:32:27.470000,1.12912,1.12909,3000000,1000000
2017-09-27 14:32:27.625000,1.12894,1.12892,1500000,23360001
2017-09-27 14:32:27.928000,1.12892,1.12891,3370000,1250000
2017-09-27 14:32:28.235000,1.12888,1.12887,1870000,1250000
2017-09-27 14:32:28.287000,1.12888,1.12885,5250000,3560000
2017-09-27 14:32:28.741000,1.12889,1.12887,5320000,7310000
2017-09-27 14:32:29.269000,1.12888,1.12886,1120000,1190000
2017-09-27 14:32:29.790000,1.12889,1.12885,3370000,2440000
2017-09-27 14:32:30.103000,1.12883,1.12882,4120000,7120000
2017-09-27 14:32:30.258000,1.12886,1.12885,1000000,1690000
2017-09-27 14:32:30.778000,1.12888,1.12886,3000000,1000000
2017-09-27 14:32:30.830000,1.1289,1.12889,1500000,1000000
2017-09-27 14:32:31.199000,1.1289,1.12887,1870000,1310000
2017-09-27 14:32:31.355000,1.12888,1.12886,1000000,2920000
2017-09-27 14:32:31.663000,1.12887,1.12884,2250000,1250000
2017-09-27 14:32:31.919000,1.1289,1.12887,6450000,1000000
2017-09-27 14:32:32.227000,1.1289,1.12889,1120000,1250000
2017-09-27 14:32:32.330000,1.12894,1.12892,1000000,1250000
2017-09-27 14:32:32.879000,1.12895,1.12892,2200000,1310000
2017-09-27 14:32:33.429000,1.12896,1.12893,4450000,1000000
2017-09-27 14:32:33.643000,1.12894,1.12891,2810000,2250000
2017-09-27 14:32:33.951000,1.12889,1.12887,1120000,1310000
2017-09-27 14:32:34.596000,1.12888,1.12886,1000000,1690000
2017-09-27 14:32:35.106000,1.12887,1.12885,1000000,2060000
2017-09-27 14:32:35.619000,1.12886,1.12884,1000000,8060000
2017-09-27 14:32:36.133000,1.12887,1.12884,1120000,8060000
2017-09-27 14:32:36.643000,1.12886,1.12884,1000000,6190000
2017-09-27 14:32:37.155000,1.12888,1.12886,1000000,1000000
2017-09-27 14:32:39.983000,1.12887,1.12886,2100000,1250000
2017-09-27 14:32:40.086000,1.12884,1.12883,1000000,6750000
2017-09-27 14:32:40.138000,1.12884,1.12881,1500000,6190000
2017-09-27 14:32:40.343000,1.12886,1.12885,2620000,1000000
2017-09-27 14:32:40.687000,1.12888,1.12886,2060000,1250000
2017-09-27 14:32:41.197000,1.12888,1.12887,1150000,1000000
2017-09-27 14:32:41.702000,1.12889,1.12887,1980000,1000000
2017-09-27 14:32:42.250000,1.12889,1.12886,1500000,2440000
2017-09-27 14:32:42.762000,1.12889,1.12885,2620000,3560000
2017-09-27 14:32:43.531000,1.12888,1.12887,1000000,17440001
2017-09-27 14:32:43.691000,1.12892,1.12889,4570000,2060000
2017-09-27 14:32:43.742000,1.1289,1.12889,3000000,1500000
2017-09-27 14:32:43.846000,1.12888,1.12886,1500000,1690000
2017-09-27 14:32:43.899000,1.12886,1.12885,1500000,3190000
2017-09-27 14:32:44.688000,1.12886,1.12885,1000000,1250000
2017-09-27 14:32:44.947000,1.12884,1.12882,5620000,1500000
2017-09-27 14:32:45.161000,1.12883,1.12881,1000000,1250000
2017-09-27 14:32:45.674000,1.12882,1.1288,1000000,2810000
2017-09-27 14:32:46.183000,1.12883,1.12882,1000000,1000000
2017-09-27 14:32:46.697000,1.12884,1.12882,1000000,1000000
2017-09-27 14:32:48.198000,1.12884,1.12882,1500000,1250000
2017-09-27 14:32:48.676000,1.12886,1.12884,3000000,2140000
2017-09-27 14:32:48.830000,1.12887,1.12884,1000000,6380000
2017-09-27 14:32:49.332000,1.12888,1.12885,4690000,3370000
2017-09-27 14:32:49.383000,1.12889,1.12885,2620000,1690000
2017-09-27 14:32:49.895000,1.12889,1.12887,1870000,8250000
2017-09-27 14:32:50.530000,1.12889,1.12887,1120000,8250000
2017-09-27 14:32:51.133000,1.12889,1.12887,1370000,8250000
2017-09-27 14:32:51.998000,1.12887,1.12885,1000000,3560000
2017-09-27 14:32:54.577000,1.12889,1.12886,1950000,8250000
2017-09-27 14:32:54.629000,1.12889,1.12886,5250000,9190000
2017-09-27 14:32:54.765000,1.12887,1.12886,1000000,9000000
2017-09-27 14:32:55.309000,1.12887,1.12885,1000000,3190000
2017-09-27 14:32:55.774000,1.12889,1.12886,3370000,3000000
2017-09-27 14:32:56.862000,1.12891,1.12888,3000000,1870000
2017-09-27 14:32:57.018000,1.12889,1.12887,1500000,1000000
2017-09-27 14:32:57.533000,1.12889,1.12886,3370000,2440000
2017-09-27 14:32:59.953000,1.1289,1.12887,2620000,1500000
2017-09-27 14:33:00.503000,1.12891,1.12888,2250000,1000000
2017-09-27 14:33:00.811000,1.12888,1.12887,1000000,1310000
2017-09-27 14:33:01.342000,1.12888,1.12886,1000000,1310000
2017-09-27 14:33:02.659000,1.12889,1.12887,1500000,1120000
2017-09-27 14:33:03.478000,1.12891,1.1289,2620000,1500000
2017-09-27 14:33:03.685000,1.12893,1.12891,3560000,1000000
2017-09-27 14:33:03.788000,1.12891,1.12888,5810000,1500000
2017-09-27 14:33:03.840000,1.12889,1.12887,6000000,1620000
2017-09-27 14:33:04.373000,1.12888,1.12886,4500000,3190000
2017-09-27 14:33:05.088000,1.12888,1.12886,4500000,1690000
2017-09-27 14:33:05.602000,1.12887,1.12886,1000000,1250000
2017-09-27 14:33:06.144000,1.12886,1.12885,1000000,1250000
2017-09-27 14:33:06.776000,1.12889,1.12887,2250000,1000000
2017-09-27 14:33:07.085000,1.12887,1.12886,35439999,1000000
2017-09-27 14:33:08.337000,1.12887,1.12885,6750000,1310000
2017-09-27 14:33:08.592000,1.12884,1.12883,1120000,1120000
2017-09-27 14:33:08.695000,1.12884,1.12881,1500000,1250000
2017-09-27 14:33:09.002000,1.12883,1.12881,1500000,1390000
2017-09-27 14:33:09.322000,1.12884,1.12882,8620000,1870000
2017-09-27 14:33:09.834000,1.12885,1.12881,1500000,3940000
2017-09-27 14:33:10.142000,1.12886,1.12884,7120000,1000000
2017-09-27 14:33:10.193000,1.12886,1.12883,3750000,2620000
2017-09-27 14:33:10.246000,1.12887,1.12884,3000000,1690000
2017-09-27 14:33:10.298000,1.12887,1.12886,1870000,1500000
2017-09-27 14:33:10.718000,1.12883,1.12881,1000000,2060000
2017-09-27 14:33:11.230000,1.12883,1.12881,1120000,1000000
2017-09-27 14:33:11.747000,1.12883,1.12881,1000000,1540000
2017-09-27 14:33:12.441000,1.12883,1.12881,1000000,1690000
2017-09-27 14:33:12.951000,1.12883,1.12881,1000000,1500000
2017-09-27 14:33:13.448000,1.12882,1.1288,2250000,1120000
2017-09-27 14:33:14.432000,1.12882,1.1288,1870000,1120000
2017-09-27 14:33:15.330000,1.12879,1.12878,1000000,2250000
2017-09-27 14:33:15.636000,1.12875,1.12874,1000000,1250000
2017-09-27 14:33:15.943000,1.12878,1.12876,1120000,1370000
2017-09-27 14:33:16.460000,1.12879,1.12876,8250000,3190000
2017-09-27 14:33:16.835000,1.12882,1.12879,2620000,1690000
2017-09-27 14:33:17.347000,1.12882,1.12879,1870000,3560000
2017-09-27 14:33:19.216000,1.12881,1.12878,6000000,7120000
2017-09-27 14:33:19.269000,1.12879,1.12877,8810000,1100000
2017-09-27 14:33:19.321000,1.12878,1.12876,2810000,5510000
2017-09-27 14:33:19.680000,1.12879,1.12877,2810000,1200000
2017-09-27 14:33:20.479000,1.12879,1.12876,3560000,1120000
2017-09-27 14:33:20.991000,1.12877,1.12875,1000000,1690000
2017-09-27 14:33:21.403000,1.12876,1.12873,1500000,2060000
2017-09-27 14:33:21.937000,1.12874,1.12872,1000000,4870000
2017-09-27 14:33:22.830000,1.12874,1.12871,1870000,6560000
2017-09-27 14:33:23.158000,1.12869,1.12868,1000000,1310000
2017-09-27 14:33:23.622000,1.12866,1.12865,1120000,8060000
2017-09-27 14:33:23.939000,1.12865,1.12863,1000000,1310000
2017-09-27 14:33:25.094000,1.12866,1.12862,5810000,3000000
2017-09-27 14:33:25.404000,1.12865,1.12862,1870000,5620000
2017-09-27 14:33:25.706000,1.12863,1.12862,1500000,1000000
2017-09-27 14:33:25.912000,1.12869,1.12867,1500000,1500000
2017-09-27 14:33:26.069000,1.12868,1.12865,2250000,7690000
2017-09-27 14:33:26.224000,1.12866,1.12862,2620000,1310000
2017-09-27 14:33:26.544000,1.12863,1.12862,1000000,1310000
2017-09-27 14:33:27.165000,1.12865,1.12862,3000000,1690000
2017-09-27 14:33:27.473000,1.12869,1.12867,2060000,8250000
2017-09-27 14:33:27.887000,1.12871,1.12868,3750000,1310000
2017-09-27 14:33:27.939000,1.12873,1.12869,3940000,1370000
2017-09-27 14:33:28.340000,1.12873,1.12872,1870000,1000000
2017-09-27 14:33:28.493000,1.12876,1.12873,4310000,1000000
2017-09-27 14:33:28.954000,1.12873,1.12872,1250000,1000000
2017-09-27 14:33:29.118000,1.12873,1.1287,2440000,1950000
2017-09-27 14:33:29.271000,1.1287,1.12868,1310000,1120000
2017-09-27 14:33:29.527000,1.12874,1.12871,1690000,1000000
2017-09-27 14:33:30.061000,1.12875,1.12873,1390000,1000000
2017-09-27 14:33:30.625000,1.12874,1.12872,1310000,1120000
2017-09-27 14:33:30.932000,1.12871,1.12869,1000000,1620000
2017-09-27 14:33:31.138000,1.1287,1.12867,2660000,1470000
2017-09-27 14:33:31.190000,1.12868,1.12866,1500000,1760000
2017-09-27 14:33:31.703000,1.12868,1.12866,1500000,1010000
2017-09-27 14:33:32.054000,1.1286,1.12858,1000000,2810000
2017-09-27 14:33:32.208000,1.12857,1.12856,1500000,1200000
2017-09-27 14:33:32.746000,1.12857,1.12855,1000000,1120000
2017-09-27 14:33:32.797000,1.12859,1.12856,6260000,1000000
2017-09-27 14:33:32.951000,1.12859,1.12857,1690000,1000000
2017-09-27 14:33:33.435000,1.12861,1.12858,1100000,5440000
2017-09-27 14:33:33.640000,1.12861,1.12858,5740000,1120000
2017-09-27 14:33:33.998000,1.12861,1.12859,1120000,1000000
2017-09-27 14:33:34.515000,1.12861,1.12858,1120000,8440000
2017-09-27 14:33:34.824000,1.12862,1.1286,1310000,1000000
2017-09-27 14:33:34.876000,1.12861,1.12858,1120000,8810000
2017-09-27 14:33:35.297000,1.12862,1.1286,1910000,1000000
2017-09-27 14:33:35.845000,1.12862,1.1286,2290000,1000000
2017-09-27 14:33:36.050000,1.12862,1.12859,2060000,1500000
2017-09-27 14:33:36.677000,1.12862,1.1286,1690000,1000000
2017-09-27 14:33:37.194000,1.12862,1.1286,2060000,1000000
2017-09-27 14:33:37.553000,1.12861,1.12858,1250000,7120000
2017-09-27 14:33:38.122000,1.1286,1.12858,1000000,6750000
2017-09-27 14:33:38.275000,1.12851,1.1285,1500000,100000
2017-09-27 14:33:38.328000,1.12849,1.12846,2810000,18910000
2017-09-27 14:33:38.381000,1.12846,1.12843,18180000,2620000
2017-09-27 14:33:38.432000,1.12843,1.12841,1000000,9430000
2017-09-27 14:33:38.971000,1.12842,1.1284,8250000,3190000
2017-09-27 14:33:39.245000,1.12845,1.12841,2590000,1500000
2017-09-27 14:33:39.919000,1.12845,1.12841,2550000,2620000
2017-09-27 14:33:40.199000,1.12848,1.12846,3070000,1120000
2017-09-27 14:33:40.508000,1.12851,1.12848,2970000,1120000
2017-09-27 14:33:40.742000,1.12849,1.12845,1000000,7100000
2017-09-27 14:33:40.794000,1.12842,1.12841,1310000,1000000
2017-09-27 14:33:41.389000,1.12843,1.1284,9410000,1500000
2017-09-27 14:33:41.544000,1.12843,1.12842,3940000,1500000
2017-09-27 14:33:41.647000,1.12848,1.12845,1250000,1500000
2017-09-27 14:33:41.699000,1.12846,1.12843,2060000,1570000
2017-09-27 14:33:42.007000,1.12843,1.1284,1000000,3260000
2017-09-27 14:33:42.351000,1.12839,1.12837,2250000,1120000
2017-09-27 14:33:42.900000,1.12841,1.12837,3190000,2620000
2017-09-27 14:33:43.384000,1.12838,1.12835,3560000,1500000
2017-09-27 14:33:43.713000,1.12832,1.12831,1310000,1500000
2017-09-27 14:33:44.020000,1.12828,1.12826,1000000,7870000
2017-09-27 14:33:44.297000,1.12825,1.12823,1690000,1500000
2017-09-27 14:33:44.350000,1.12826,1.12825,1250000,1120000
2017-09-27 14:33:44.662000,1.12828,1.12827,2060000,1500000
2017-09-27 14:33:45.162000,1.12829,1.12828,1050000,1000000
2017-09-27 14:33:45.524000,1.12829,1.12826,4160000,2620000
2017-09-27 14:33:45.627000,1.12827,1.12826,1000000,1120000
2017-09-27 14:33:45.729000,1.12829,1.12827,1720000,1000000
2017-09-27 14:33:46.233000,1.1283,1.12828,1310000,1000000
2017-09-27 14:33:46.768000,1.12831,1.12828,3450000,1000000
2017-09-27 14:33:47.383000,1.12831,1.12829,4160000,1000000
2017-09-27 14:33:47.844000,1.12839,1.12837,1190000,1000000
2017-09-27 14:33:48.359000,1.12842,1.12839,5440000,1000000
2017-09-27 14:33:48.668000,1.12843,1.12841,2810000,1000000
2017-09-27 14:33:48.720000,1.12848,1.12846,3600000,1000000
2017-09-27 14:33:48.772000,1.12846,1.12844,4370000,2810000
2017-09-27 14:33:49.287000,1.12846,1.12843,2060000,3000000
2017-09-27 14:33:49.744000,1.12842,1.12841,1310000,1000000
2017-09-27 14:33:50.055000,1.12845,1.12843,2810000,1000000
2017-09-27 14:33:50.613000,1.12844,1.12843,1120000,1000000
2017-09-27 14:33:51.073000,1.12839,1.12837,3600000,21639999
2017-09-27 14:33:51.124000,1.12843,1.1284,11890000,5620000
2017-09-27 14:33:51.227000,1.12845,1.12842,5890000,1000000
2017-09-27 14:33:51.582000,1.12842,1.1284,1290000,1870000
2017-09-27 14:33:51.633000,1.12832,1.12828,2440000,3640000
2017-09-27 14:33:51.685000,1.1283,1.12828,1000000,1000000
2017-09-27 14:33:52.145000,1.12828,1.12825,1310000,1370000
2017-09-27 14:33:52.578000,1.12829,1.12827,1100000,1000000
2017-09-27 14:33:52.835000,1.12832,1.12829,5440000,1870000
2017-09-27 14:33:53.290000,1.12832,1.1283,4310000,1000000
2017-09-27 14:33:53.342000,1.12832,1.12829,1310000,1120000
2017-09-27 14:33:53.445000,1.12832,1.12831,1250000,1000000
2017-09-27 14:33:53.600000,1.12831,1.12829,1310000,1000000
2017-09-27 14:33:53.753000,1.12833,1.12831,6640000,1200000
2017-09-27 14:33:54.004000,1.12831,1.12828,2100000,1120000
2017-09-27 14:33:54.416000,1.12833,1.12832,2620000,1500000
2017-09-27 14:33:54.520000,1.12837,1.12836,1000000,1120000
2017-09-27 14:33:54.747000,1.1284,1.12837,6040000,1000000
2017-09-27 14:33:55.263000,1.1284,1.12838,1190000,1000000
2017-09-27 14:33:55.671000,1.12841,1.1284,1870000,1000000
2017-09-27 14:33:55.773000,1.12844,1.12842,2060000,1000000
2017-09-27 14:33:55.981000,1.12841,1.12838,2810000,4870000
2017-09-27 14:33:56.354000,1.12843,1.12841,2060000,2250000
2017-09-27 14:33:56.406000,1.1284,1.12838,2850000,2620000
2017-09-27 14:33:56.920000,1.1284,1.12838,1540000,1000000
2017-09-27 14:33:57.438000,1.1284,1.12837,3410000,1120000
2017-09-27 14:33:57.748000,1.12844,1.12842,8810000,1370000
2017-09-27 14:33:58.063000,1.12842,1.12841,4540000,1000000
2017-09-27 14:33:58.115000,1.12842,1.1284,1870000,1120000
2017-09-27 14:33:58.168000,1.12844,1.12842,2810000,1000000
2017-09-27 14:33:58.476000,1.12845,1.12844,1690000,1000000
2017-09-27 14:33:58.999000,1.12845,1.12842,1250000,2620000
2017-09-27 14:33:59.512000,1.12841,1.1284,3040000,1950000
2017-09-27 14:33:59.764000,1.12842,1.12838,6860000,3940000
2017-09-27 14:34:00.393000,1.12839,1.12837,1250000,1500000
2017-09-27 14:34:00.905000,1.12838,1.12836,3220000,3750000
2017-09-27 14:34:01.242000,1.1283,1.12827,1000000,3070000
2017-09-27 14:34:01.756000,1.12831,1.12828,1690000,1870000
2017-09-27 14:34:02.296000,1.12831,1.12828,2290000,1500000
2017-09-27 14:34:03.551000,1.1283,1.12828,3190000,1120000
2017-09-27 14:34:03.762000,1.1283,1.12827,2060000,1500000
2017-09-27 14:34:04.388000,1.12831,1.12828,3450000,1000000
2017-09-27 14:34:04.647000,1.1283,1.12827,2140000,1870000
2017-09-27 14:34:04.803000,1.12826,1.12824,7200000,1000000
2017-09-27 14:34:05.323000,1.12825,1.12823,2140000,1000000
2017-09-27 14:34:05.375000,1.12824,1.12821,1010000,3520000
2017-09-27 14:34:05.631000,1.12825,1.12824,1390000,1000000
2017-09-27 14:34:05.839000,1.12827,1.12825,1690000,1000000
2017-09-27 14:34:06.366000,1.12826,1.12823,1310000,1120000
2017-09-27 14:34:06.723000,1.12824,1.12821,1910000,1870000
2017-09-27 14:34:06.947000,1.12826,1.12823,4310000,1500000
2017-09-27 14:34:07.152000,1.12829,1.12826,1690000,4950000
2017-09-27 14:34:07.258000,1.1283,1.12827,2810000,1000000
2017-09-27 14:34:07.657000,1.12827,1.12825,1000000,2620000
2017-09-27 14:34:07.965000,1.12831,1.12828,3190000,1500000
2017-09-27 14:34:08.069000,1.12829,1.12826,3970000,1500000
2017-09-27 14:34:08.587000,1.12827,1.12825,1000000,5620000
2017-09-27 14:34:09.054000,1.12829,1.12828,1000000,1000000
2017-09-27 14:34:09.159000,1.12828,1.12825,1310000,3000000
2017-09-27 14:34:09.665000,1.12827,1.12824,1310000,3370000
2017-09-27 14:34:09.975000,1.12826,1.12823,2290000,3000000
2017-09-27 14:34:10.329000,1.12827,1.12826,1310000,4500000
2017-09-27 14:34:10.841000,1.12828,1.12827,1690000,4500000
2017-09-27 14:34:11.260000,1.12825,1.12824,1000000,1500000
2017-09-27 14:34:11.568000,1.12828,1.12826,2810000,1000000
2017-09-27 14:34:12.079000,1.12828,1.12827,1250000,1000000
2017-09-27 14:34:12.386000,1.1283,1.12828,1250000,1000000
2017-09-27 14:34:12.892000,1.12831,1.12829,1690000,1000000
2017-09-27 14:34:13.394000,1.1283,1.12828,1250000,1000000
2017-09-27 14:34:14.344000,1.12829,1.12828,1000000,1000000
2017-09-27 14:34:14.558000,1.12827,1.12826,1000000,1000000
2017-09-27 14:34:14.787000,1.12831,1.12828,1650000,1310000
2017-09-27 14:34:15.301000,1.1283,1.12827,3480000,3190000
2017-09-27 14:34:15.817000,1.1283,1.12828,1000000,1250000
2017-09-27 14:34:16.328000,1.12831,1.12828,1000000,2250000
2017-09-27 14:34:16.431000,1.1283,1.12828,1000000,1500000
2017-09-27 14:34:16.589000,1.1283,1.12827,1000000,1690000
2017-09-27 14:34:16.641000,1.12829,1.12827,1000000,1250000
2017-09-27 14:34:16.947000,1.12827,1.12825,1000000,8060000
2017-09-27 14:34:16.999000,1.12828,1.12826,4500000,1100000
2017-09-27 14:34:17.051000,1.12827,1.12825,1000000,1200000
2017-09-27 14:34:17.154000,1.12828,1.12825,5250000,2060000
2017-09-27 14:34:17.311000,1.12823,1.12821,2100000,22010000
2017-09-27 14:34:17.411000,1.12823,1.12822,3600000,2320000
2017-09-27 14:34:17.514000,1.12818,1.12816,1000000,1310000
2017-09-27 14:34:17.823000,1.12819,1.12818,1000000,1000000
2017-09-27 14:34:18.295000,1.12821,1.1282,1000000,1000000
2017-09-27 14:34:18.808000,1.12823,1.1282,8850000,1000000
2017-09-27 14:34:19.740000,1.12822,1.1282,1250000,1000000
2017-09-27 14:34:20.046000,1.12819,1.12818,1120000,2620000
2017-09-27 14:34:20.572000,1.12819,1.12818,1120000,2620000
2017-09-27 14:34:21.079000,1.12819,1.12817,1120000,4130000
2017-09-27 14:34:21.233000,1.12821,1.1282,1000000,1000000
2017-09-27 14:34:21.439000,1.12819,1.12818,1120000,3370000
2017-09-27 14:34:22.320000,1.1282,1.12818,1520000,1500000
2017-09-27 14:34:22.628000,1.12822,1.1282,2730000,1000000
2017-09-27 14:34:22.833000,1.1282,1.12818,1500000,3560000
2017-09-27 14:34:23.207000,1.12821,1.1282,1500000,1000000
2017-09-27 14:34:23.404000,1.12822,1.1282,1500000,2250000
2017-09-27 14:34:23.917000,1.12823,1.12821,3000000,3190000
2017-09-27 14:34:24.643000,1.12823,1.12821,1870000,3260000
2017-09-27 14:34:25.253000,1.12822,1.12821,1000000,3190000
2017-09-27 14:34:25.795000,1.12823,1.12822,1000000,1120000
2017-09-27 14:34:26.415000,1.12823,1.12821,1370000,4310000
2017-09-27 14:34:26.930000,1.12824,1.12822,1870000,1000000
2017-09-27 14:34:27.287000,1.12822,1.12821,1120000,3260000
2017-09-27 14:34:27.799000,1.12823,1.12822,1000000,1120000
2017-09-27 14:34:28.208000,1.12821,1.12819,2550000,3000000
2017-09-27 14:34:28.372000,1.12815,1.12812,1870000,2440000
2017-09-27 14:34:28.477000,1.12817,1.12814,1500000,3560000
2017-09-27 14:34:28.989000,1.12816,1.12815,1000000,2250000
2017-09-27 14:34:29.191000,1.12818,1.12817,1120000,1250000
2017-09-27 14:34:29.828000,1.12817,1.12815,1300000,1250000
2017-09-27 14:34:30.363000,1.12818,1.12816,6220000,1000000
2017-09-27 14:34:30.876000,1.1282,1.12817,1120000,2810000
2017-09-27 14:34:31.554000,1.12818,1.12817,1000000,2810000
2017-09-27 14:34:32.199000,1.1282,1.12817,1000000,1690000
2017-09-27 14:34:32.558000,1.12818,1.12817,6750000,1250000
2017-09-27 14:34:33.066000,1.12817,1.12815,1000000,2140000
2017-09-27 14:34:33.586000,1.12817,1.12816,1000000,3190000
2017-09-27 14:34:34.245000,1.12818,1.12816,1000000,2440000
2017-09-27 14:34:34.602000,1.12817,1.12815,5250000,4310000
2017-09-27 14:34:34.922000,1.12818,1.12817,1000000,1500000
2017-09-27 14:34:35.433000,1.12817,1.12816,1000000,3260000
2017-09-27 14:34:36.045000,1.12818,1.12816,1120000,1690000
2017-09-27 14:34:36.596000,1.12819,1.12816,3370000,1000000
2017-09-27 14:34:36.853000,1.12821,1.1282,2620000,1310000
2017-09-27 14:34:36.956000,1.12824,1.12821,3370000,1310000
2017-09-27 14:34:37.007000,1.12825,1.12823,1500000,1120000
2017-09-27 14:34:37.849000,1.12825,1.12821,1370000,3190000
2017-09-27 14:34:38.156000,1.12825,1.12823,1000000,4500000
2017-09-27 14:34:38.911000,1.12825,1.12822,1500000,1310000
2017-09-27 14:34:39.421000,1.12825,1.12821,1870000,2510000
2017-09-27 14:34:39.768000,1.12826,1.12824,1870000,8620000
2017-09-27 14:34:40.178000,1.12822,1.1282,3220000,3370000
2017-09-27 14:34:40.641000,1.12819,1.12817,1000000,6560000
2017-09-27 14:34:40.693000,1.1282,1.12818,1000000,2060000
2017-09-27 14:34:40.745000,1.1282,1.12819,1000000,2440000
2017-09-27 14:34:40.848000,1.12822,1.12818,3480000,3190000
2017-09-27 14:34:41.314000,1.12819,1.12817,6000000,2700000
2017-09-27 14:34:41.688000,1.12822,1.1282,4090000,1000000
2017-09-27 14:34:42.228000,1.1282,1.12818,1000000,1620000
2017-09-27 14:34:42.534000,1.12819,1.12817,1000000,4310000
2017-09-27 14:34:42.842000,1.12817,1.12815,1000000,4310000
2017-09-27 14:34:43.046000,1.12821,1.12817,4500000,2510000
2017-09-27 14:34:43.200000,1.12818,1.12816,3000000,1250000
2017-09-27 14:34:43.952000,1.12817,1.12815,1000000,4690000
2017-09-27 14:34:45.276000,1.12815,1.12813,3000000,6740000
2017-09-27 14:34:45.329000,1.1281,1.12807,1120000,14510000
2017-09-27 14:34:45.381000,1.12811,1.12807,1120000,13090000
2017-09-27 14:34:45.834000,1.12807,1.12806,1000000,2250000
2017-09-27 14:34:46.194000,1.1281,1.12807,7120000,1690000
2017-09-27 14:34:46.347000,1.12808,1.12807,1000000,6370000
2017-09-27 14:34:46.687000,1.12804,1.12803,2250000,1120000
2017-09-27 14:34:48.914000,1.12804,1.12802,1870000,1000000
2017-09-27 14:34:49.225000,1.12802,1.12801,1870000,6000000
2017-09-27 14:34:49.379000,1.12801,1.12799,5290000,1000000
2017-09-27 14:34:49.482000,1.12802,1.12799,8060000,1000000
2017-09-27 14:34:49.892000,1.128,1.12799,1000000,1120000
2017-09-27 14:34:50.404000,1.128,1.12799,1000000,1870000
2017-09-27 14:34:50.680000,1.12803,1.12802,1500000,1000000
2017-09-27 14:34:50.987000,1.12802,1.128,1000000,1000000
2017-09-27 14:34:51.246000,1.12804,1.12802,2060000,1000000
2017-09-27 14:34:51.556000,1.12805,1.12804,1000000,1120000
2017-09-27 14:34:51.968000,1.12804,1.12802,1190000,2250000
2017-09-27 14:34:52.223000,1.12804,1.128,6410000,1500000
2017-09-27 14:34:52.274000,1.12804,1.12802,5660000,1000000
2017-09-27 14:34:52.585000,1.12806,1.12805,1250000,1120000
2017-09-27 14:34:53.148000,1.12807,1.12805,1310000,1000000
2017-09-27 14:34:53.200000,1.12809,1.12806,3940000,1120000
2017-09-27 14:34:53.744000,1.12809,1.12806,5060000,1000000
2017-09-27 14:34:53.898000,1.1281,1.12808,4310000,1000000
2017-09-27 14:34:54.294000,1.12813,1.1281,8440000,1120000
2017-09-27 14:34:54.397000,1.12812,1.12809,8660000,1200000
2017-09-27 14:34:55.218000,1.12812,1.12808,2440000,2620000
2017-09-27 14:34:55.325000,1.12813,1.12809,3190000,1870000
2017-09-27 14:34:55.429000,1.12813,1.12812,3190000,1000000
2017-09-27 14:34:55.840000,1.12813,1.12809,4500000,1870000
2017-09-27 14:34:56.354000,1.12812,1.12811,1000000,1000000
2017-09-27 14:34:56.865000,1.12812,1.1281,1370000,1000000
2017-09-27 14:34:57.427000,1.12808,1.12807,1000000,1120000
2017-09-27 14:34:57.530000,1.12807,1.12804,2290000,3000000
2017-09-27 14:34:57.944000,1.12805,1.12803,1460000,3000000
2017-09-27 14:34:58.512000,1.12805,1.12803,1250000,1000000
2017-09-27 14:34:59.021000,1.12805,1.12803,3110000,1000000
2017-09-27 14:34:59.331000,1.12797,1.12796,1690000,2770000
2017-09-27 14:34:59.619000,1.12802,1.128,1250000,1120000
2017-09-27 14:34:59.671000,1.12804,1.12802,1310000,1000000
2017-09-27 14:34:59.722000,1.12805,1.12804,2440000,1500000
2017-09-27 14:34:59.980000,1.12803,1.12802,2060000,2250000
2017-09-27 14:35:00.034000,1.12799,1.12798,1320000,21000000
2017-09-27 14:35:00.086000,1.12797,1.12795,1620000,3000000
2017-09-27 14:35:00.323000,1.12796,1.12794,2770000,1000000
2017-09-27 14:35:00.374000,1.12795,1.12793,2850000,6750000
2017-09-27 14:35:00.886000,1.12795,1.12793,4500000,1000000
2017-09-27 14:35:01.485000,1.12797,1.12794,3370000,1000000
2017-09-27 14:35:01.793000,1.12798,1.12797,3370000,1000000
2017-09-27 14:35:01.844000,1.128,1.12798,1370000,1500000
2017-09-27 14:35:01.987000,1.12804,1.12801,1370000,4310000
2017-09-27 14:35:02.191000,1.12809,1.12806,1120000,1120000
2017-09-27 14:35:02.243000,1.1281,1.12809,5250000,1000000
2017-09-27 14:35:02.295000,1.12812,1.1281,3000000,1000000
2017-09-27 14:35:02.819000,1.12812,1.12811,2810000,1000000
2017-09-27 14:35:02.922000,1.12813,1.12809,5620000,1120000
2017-09-27 14:35:02.975000,1.12812,1.1281,2250000,1000000
2017-09-27 14:35:03.592000,1.12813,1.1281,3000000,1120000
2017-09-27 14:35:04.054000,1.12811,1.12808,1500000,2250000
2017-09-27 14:35:04.107000,1.12809,1.12807,1500000,1500000
2017-09-27 14:35:04.809000,1.1281,1.12807,1500000,2440000
2017-09-27 14:35:05.219000,1.12809,1.12806,1000000,3490000
2017-09-27 14:35:05.527000,1.1281,1.12807,2620000,1690000
2017-09-27 14:35:06.094000,1.1281,1.12807,1870000,1370000
2017-09-27 14:35:06.716000,1.1281,1.12808,1120000,2310000
2017-09-27 14:35:07.432000,1.1281,1.12808,3560000,1000000
2017-09-27 14:35:08.435000,1.12811,1.12807,1500000,9940000
2017-09-27 14:35:09.024000,1.1281,1.12808,1000000,1620000
2017-09-27 14:35:09.487000,1.12809,1.12807,1870000,7870000
2017-09-27 14:35:09.692000,1.12808,1.12806,3940000,2440000
2017-09-27 14:35:09.993000,1.12809,1.12808,1000000,1250000
2017-09-27 14:35:10.506000,1.1281,1.12809,1200000,1000000
2017-09-27 14:35:11.016000,1.12809,1.12807,1000000,5810000
2017-09-27 14:35:11.562000,1.1281,1.12807,1500000,2890000
2017-09-27 14:35:12.104000,1.12809,1.12808,1000000,2060000
2017-09-27 14:35:12.625000,1.12811,1.12809,2250000,1000000
2017-09-27 14:35:13.108000,1.12811,1.12807,5250000,2510000
2017-09-27 14:35:13.632000,1.1281,1.12808,1000000,1690000
2017-09-27 14:35:14.165000,1.1281,1.12808,1000000,1910000
2017-09-27 14:35:14.267000,1.12812,1.1281,1120000,3190000
2017-09-27 14:35:14.580000,1.12817,1.12816,1000000,2060000
2017-09-27 14:35:15.223000,1.12818,1.12816,1120000,24559999
2017-09-27 14:35:16.318000,1.12818,1.12816,1870000,1690000
2017-09-27 14:35:16.829000,1.12817,1.12816,1000000,1500000
2017-09-27 14:35:17.334000,1.12817,1.12816,1000000,1690000
2017-09-27 14:35:19.636000,1.12818,1.12816,1000000,1690000
2017-09-27 14:35:20.141000,1.12819,1.12817,1120000,1120000
2017-09-27 14:35:20.498000,1.12817,1.12816,1000000,1690000
2017-09-27 14:35:21.008000,1.12817,1.12815,1000000,1690000
2017-09-27 14:35:21.530000,1.12816,1.12815,1120000,1500000
2017-09-27 14:35:22.762000,1.12817,1.12815,1150000,12750000
2017-09-27 14:35:24.820000,1.12817,1.12814,2440000,2620000
2017-09-27 14:35:25.024000,1.12816,1.12814,1870000,1120000
2017-09-27 14:35:25.280000,1.12815,1.12811,1690000,5440000
2017-09-27 14:35:25.630000,1.12816,1.12814,3560000,1120000
2017-09-27 14:35:25.788000,1.12819,1.12816,2810000,5620000
2017-09-27 14:35:26.325000,1.12818,1.12816,1120000,1500000
2017-09-27 14:35:29.495000,1.12819,1.12815,3560000,2810000
2017-09-27 14:35:31.561000,1.12818,1.12816,2620000,1000000
2017-09-27 14:35:32.145000,1.12817,1.12815,1120000,1310000
2017-09-27 14:35:32.678000,1.12817,1.12815,1120000,1000000
2017-09-27 14:35:33.206000,1.12818,1.12815,1870000,1250000
2017-09-27 14:35:33.746000,1.12818,1.12815,1870000,1000000
2017-09-27 14:35:34.281000,1.12818,1.12816,1500000,1000000
2017-09-27 14:35:34.806000,1.12818,1.12817,1120000,1000000
2017-09-27 14:35:34.959000,1.12818,1.12815,2250000,1250000
2017-09-27 14:35:35.672000,1.12815,1.12813,3600000,1870000
2017-09-27 14:35:35.725000,1.12804,1.12802,1300000,3260000
2017-09-27 14:35:35.830000,1.12802,1.128,1500000,4200000
2017-09-27 14:35:36.189000,1.12804,1.12802,2620000,1000000
2017-09-27 14:35:36.725000,1.12802,1.12801,1120000,1120000
2017-09-27 14:35:36.880000,1.12804,1.12801,1500000,8620000
2017-09-27 14:35:37.417000,1.12805,1.12802,1870000,1310000
2017-09-27 14:35:37.982000,1.12805,1.12803,1000000,2620000
2017-09-27 14:35:39.395000,1.12806,1.12803,1310000,2620000
2017-09-27 14:35:39.906000,1.12806,1.12804,1120000,1000000
2017-09-27 14:35:40.256000,1.12808,1.12806,1310000,1000000
2017-09-27 14:35:40.617000,1.1281,1.12808,3560000,1000000
2017-09-27 14:35:40.719000,1.12812,1.12809,2810000,1120000
2017-09-27 14:35:41.035000,1.12809,1.12807,1000000,1870000
2017-09-27 14:35:41.638000,1.12811,1.12808,3560000,1120000
2017-09-27 14:35:42.224000,1.12811,1.12809,2440000,1000000
2017-09-27 14:35:42.735000,1.12811,1.12808,2810000,1120000
2017-09-27 14:35:43.052000,1.12812,1.12809,1870000,1310000
2017-09-27 14:35:43.104000,1.12811,1.1281,1000000,1570000
2017-09-27 14:35:43.207000,1.12809,1.12808,2250000,1000000
2017-09-27 14:35:43.721000,1.12808,1.12805,1000000,1620000
2017-09-27 14:35:43.946000,1.12806,1.12804,1120000,1310000
2017-09-27 14:35:44.457000,1.12807,1.12805,1870000,1120000
2017-09-27 14:35:45.247000,1.12807,1.12804,2620000,1690000
2017-09-27 14:35:45.557000,1.12803,1.12801,1870000,4870000
2017-09-27 14:35:45.712000,1.128,1.12799,1310000,1200000
2017-09-27 14:35:46.235000,1.12799,1.12798,1120000,1120000
2017-09-27 14:35:46.581000,1.12798,1.12795,1870000,5060000
2017-09-27 14:35:47.177000,1.12798,1.12796,2250000,1000000
2017-09-27 14:35:47.587000,1.12797,1.12795,2250000,1120000
2017-09-27 14:35:47.692000,1.12794,1.12792,1000000,2810000
2017-09-27 14:35:47.950000,1.12793,1.1279,1120000,2810000
2017-09-27 14:35:48.473000,1.12792,1.1279,1000000,4310000
2017-09-27 14:35:48.782000,1.12788,1.12785,1120000,4690000
2017-09-27 14:35:49.036000,1.12786,1.12784,1000000,1250000
2017-09-27 14:35:49.241000,1.12787,1.12784,3000000,1310000
2017-09-27 14:35:49.837000,1.12787,1.12785,2620000,1000000
2017-09-27 14:35:50.378000,1.12786,1.12784,1120000,1120000
2017-09-27 14:35:50.481000,1.1279,1.12788,1500000,1000000
2017-09-27 14:35:51.028000,1.12789,1.12788,1120000,3750000
2017-09-27 14:35:51.541000,1.1279,1.12788,1000000,4750000
2017-09-27 14:35:52.057000,1.12791,1.12788,2060000,4870000
2017-09-27 14:35:52.570000,1.12791,1.12788,1690000,4870000
2017-09-27 14:35:52.887000,1.12787,1.12785,1000000,1190000
2017-09-27 14:35:52.943000,1.12784,1.12782,1870000,2250000
2017-09-27 14:35:53.046000,1.12782,1.12781,1120000,3000000
2017-09-27 14:35:53.097000,1.12778,1.12776,1120000,1120000
2017-09-27 14:35:53.201000,1.12782,1.1278,1120000,1690000
2017-09-27 14:35:53.254000,1.12784,1.12781,1120000,1700000
2017-09-27 14:35:53.508000,1.12784,1.1278,5440000,1870000
2017-09-27 14:35:53.920000,1.12783,1.12782,1690000,1000000
2017-09-27 14:35:54.253000,1.12786,1.12783,1690000,3000000
2017-09-27 14:35:54.305000,1.12786,1.12785,1250000,1000000
2017-09-27 14:35:54.410000,1.12781,1.12779,1540000,1120000
2017-09-27 14:35:54.922000,1.12782,1.1278,1190000,1000000
2017-09-27 14:35:54.974000,1.12783,1.1278,1690000,1000000
2017-09-27 14:35:55.127000,1.12781,1.12779,1000000,2440000
2017-09-27 14:35:55.641000,1.12783,1.12782,1120000,1000000
2017-09-27 14:35:56.254000,1.12784,1.12783,1500000,1000000
2017-09-27 14:35:56.684000,1.12784,1.12781,2060000,1870000
2017-09-27 14:35:56.838000,1.12783,1.12781,1000000,1100000
2017-09-27 14:35:56.890000,1.12782,1.1278,1000000,2250000
2017-09-27 14:35:56.994000,1.12781,1.12778,1120000,1310000
2017-09-27 14:35:57.505000,1.12782,1.12779,1690000,1000000
2017-09-27 14:35:57.664000,1.12782,1.1278,1000000,1000000
2017-09-27 14:35:57.971000,1.12784,1.12783,1000000,1000000
2017-09-27 14:35:58.073000,1.12784,1.1278,6000000,2250000
2017-09-27 14:35:58.125000,1.12784,1.12782,3370000,1000000
2017-09-27 14:35:58.381000,1.12784,1.12781,1250000,1350000
2017-09-27 14:35:58.893000,1.12784,1.12781,2440000,1120000
2017-09-27 14:35:59.149000,1.12781,1.12779,1120000,1690000
2017-09-27 14:35:59.550000,1.12779,1.12777,1000000,1500000
2017-09-27 14:35:59.603000,1.12778,1.12776,1120000,1690000
2017-09-27 14:35:59.909000,1.12777,1.12775,3750000,3000000
2017-09-27 14:36:00.115000,1.12774,1.12771,1870000,1690000
2017-09-27 14:36:00.219000,1.12774,1.1277,1870000,2810000
2017-09-27 14:36:00.572000,1.12773,1.1277,1120000,2060000
2017-09-27 14:36:01.083000,1.12773,1.1277,1500000,2660000
2017-09-27 14:36:02.037000,1.12774,1.12772,1570000,1500000
2017-09-27 14:36:02.191000,1.12773,1.1277,1000000,5480000
2017-09-27 14:36:02.294000,1.12775,1.12772,4390000,1000000
2017-09-27 14:36:02.805000,1.12774,1.12773,1310000,1000000
2017-09-27 14:36:03.410000,1.12774,1.12772,1420000,1500000
2017-09-27 14:36:03.720000,1.12779,1.12776,4960000,1000000
2017-09-27 14:36:03.977000,1.12778,1.12774,1480000,5060000
2017-09-27 14:36:04.337000,1.1278,1.12778,2100000,1500000
2017-09-27 14:36:04.649000,1.12781,1.12778,1000000,7050000
2017-09-27 14:36:04.956000,1.1278,1.12778,1000000,2810000
2017-09-27 14:36:05.371000,1.12779,1.12775,2060000,1800000
2017-09-27 14:36:05.424000,1.12777,1.12774,1370000,3190000
2017-09-27 14:36:05.995000,1.12776,1.12775,1250000,1000000
2017-09-27 14:36:06.099000,1.12777,1.12772,1940000,7350000
2017-09-27 14:36:06.151000,1.12776,1.12774,1250000,1000000
2017-09-27 14:36:06.457000,1.12774,1.12771,1000000,7910000
2017-09-27 14:36:06.937000,1.12775,1.12773,1000000,2290000
2017-09-27 14:36:07.246000,1.12777,1.12775,1000000,1310000
2017-09-27 14:36:07.555000,1.12779,1.12777,1000000,1240000
2017-09-27 14:36:07.918000,1.12782,1.12779,2140000,1000000
2017-09-27 14:36:08.225000,1.12784,1.12783,1870000,1000000
2017-09-27 14:36:08.680000,1.12785,1.12784,1690000,1000000
2017-09-27 14:36:08.887000,1.12787,1.12786,1000000,1000000
2017-09-27 14:36:09.199000,1.12789,1.12787,1000000,1000000
2017-09-27 14:36:09.711000,1.12791,1.12789,5060000,1000000
2017-09-27 14:36:09.865000,1.12791,1.12787,4390000,1120000
2017-09-27 14:36:09.968000,1.12789,1.12787,1870000,1000000
2017-09-27 14:36:10.546000,1.12787,1.12786,1500000,1310000
2017-09-27 14:36:10.753000,1.12782,1.1278,1000000,1250000
2017-09-27 14:36:12.067000,1.12782,1.12779,1500000,1000000
2017-09-27 14:36:15.353000,1.1278,1.12778,1000000,1250000
2017-09-27 14:36:15.660000,1.12778,1.12777,1000000,1000000
2017-09-27 14:36:15.901000,1.1278,1.12778,1000000,1000000
2017-09-27 14:36:16.464000,1.12781,1.12779,1000000,1250000
2017-09-27 14:36:17.588000,1.12782,1.1278,1370000,1000000
2017-09-27 14:36:17.996000,1.12784,1.12781,6640000,1000000
2017-09-27 14:36:18.254000,1.12783,1.12779,4310000,1310000
2017-09-27 14:36:19.205000,1.12782,1.1278,1000000,1000000
2017-09-27 14:36:19.674000,1.12784,1.12781,8250000,1540000
2017-09-27 14:36:19.829000,1.12786,1.12781,2810000,4940000
2017-09-27 14:36:20.289000,1.12787,1.12782,2250000,5440000
2017-09-27 14:36:20.900000,1.12788,1.12784,1870000,1690000
2017-09-27 14:36:21.417000,1.12789,1.12785,1370000,5810000
2017-09-27 14:36:21.777000,1.1279,1.12786,2250000,5060000
2017-09-27 14:36:22.292000,1.1279,1.12786,1120000,6060000
2017-09-27 14:36:23.119000,1.12791,1.12786,7690000,8730000
2017-09-27 14:36:23.655000,1.12789,1.12788,1120000,1000000
2017-09-27 14:36:23.859000,1.12789,1.12786,1120000,1800000
2017-09-27 14:36:24.371000,1.12789,1.12787,6000000,1000000
2017-09-27 14:36:24.912000,1.12788,1.12787,1000000,1000000
2017-09-27 14:36:26.560000,1.12787,1.12786,1000000,1000000
2017-09-27 14:36:26.983000,1.12787,1.12785,4690000,1120000
2017-09-27 14:36:27.495000,1.12786,1.12785,1120000,1000000
2017-09-27 14:36:28.005000,1.12787,1.12786,3000000,1000000
2017-09-27 14:36:28.518000,1.12788,1.12787,1120000,1000000
2017-09-27 14:36:29.508000,1.12789,1.12787,2620000,1000000
2017-09-27 14:36:30.033000,1.12789,1.12787,2620000,1000000
2017-09-27 14:36:30.585000,1.12789,1.12787,1000000,1000000
2017-09-27 14:36:31.148000,1.1279,1.12787,1720000,3250000
2017-09-27 14:36:31.710000,1.12789,1.12787,1000000,1000000
2017-09-27 14:36:33.383000,1.1279,1.12787,3070000,1000000
2017-09-27 14:36:34.613000,1.1279,1.12787,1650000,1000000
2017-09-27 14:36:35.226000,1.12796,1.12792,3940000,1500000
2017-09-27 14:36:35.433000,1.12794,1.12791,1000000,2440000
2017-09-27 14:36:35.485000,1.12796,1.12792,5440000,1500000
2017-09-27 14:36:35.589000,1.12797,1.12794,2620000,2250000
2017-09-27 14:36:36.154000,1.12796,1.12794,4310000,1000000
2017-09-27 14:36:36.700000,1.12795,1.12794,1500000,1000000
2017-09-27 14:36:37.050000,1.12797,1.12794,3750000,1000000
2017-09-27 14:36:37.101000,1.12797,1.12794,4870000,2620000
2017-09-27 14:36:37.602000,1.12795,1.12794,1500000,1000000
2017-09-27 14:36:37.825000,1.1279,1.12788,2060000,13500000
2017-09-27 14:36:38.080000,1.1279,1.12786,1750000,1690000
2017-09-27 14:36:38.339000,1.12789,1.12788,1000000,1000000
2017-09-27 14:36:38.493000,1.12792,1.1279,2620000,1000000
2017-09-27 14:36:39.004000,1.12791,1.12789,1500000,1000000
2017-09-27 14:36:39.273000,1.1279,1.12788,3190000,1000000
2017-09-27 14:36:39.803000,1.1279,1.12788,3370000,1000000
2017-09-27 14:36:40.064000,1.12788,1.12786,1500000,1000000
2017-09-27 14:36:40.602000,1.12789,1.12788,1120000,1250000
2017-09-27 14:36:40.755000,1.12791,1.12789,2060000,1000000
2017-09-27 14:36:41.286000,1.12784,1.12782,1500000,15750000
2017-09-27 14:36:41.601000,1.1278,1.12779,1000000,1000000
2017-09-27 14:36:41.755000,1.12778,1.12775,3220000,9070000
2017-09-27 14:36:41.925000,1.12774,1.12773,1120000,2250000
2017-09-27 14:36:42.080000,1.12774,1.12772,1000000,1000000
2017-09-27 14:36:43.291000,1.12776,1.12774,2810000,1000000
2017-09-27 14:36:43.395000,1.12778,1.12775,4690000,1000000
2017-09-27 14:36:43.923000,1.12777,1.12774,6560000,1000000
2017-09-27 14:36:44.331000,1.12778,1.12777,1120000,1120000
2017-09-27 14:36:44.383000,1.12781,1.12779,2620000,1500000
2017-09-27 14:36:44.929000,1.12783,1.1278,2810000,1120000
2017-09-27 14:36:45.185000,1.12784,1.12782,1370000,1000000
2017-09-27 14:36:45.693000,1.12784,1.12781,1500000,1000000
2017-09-27 14:36:46.875000,1.12783,1.12781,1000000,1000000
2017-09-27 14:36:47.399000,1.12782,1.12779,1000000,2060000
2017-09-27 14:36:47.808000,1.12785,1.12782,5440000,1000000
2017-09-27 14:36:48.064000,1.12783,1.1278,1690000,1690000
2017-09-27 14:36:48.738000,1.12781,1.12779,1000000,1000000
2017-09-27 14:36:49.690000,1.12781,1.12778,1000000,2810000
2017-09-27 14:36:50.470000,1.12777,1.12775,1000000,2700000
2017-09-27 14:36:50.689000,1.12777,1.12774,1000000,2810000
2017-09-27 14:36:51.208000,1.12774,1.12772,1000000,1000000
2017-09-27 14:36:51.931000,1.12775,1.12772,1000000,1870000
2017-09-27 14:36:53.146000,1.12777,1.12775,1120000,1000000
2017-09-27 14:36:53.658000,1.12777,1.12774,1120000,1500000
2017-09-27 14:36:54.200000,1.12778,1.12775,2810000,1000000
2017-09-27 14:36:54.545000,1.1278,1.12779,1120000,1120000
2017-09-27 14:36:54.597000,1.12782,1.12779,2430000,1500000
2017-09-27 14:36:55.106000,1.12783,1.1278,3190000,1120000
2017-09-27 14:36:55.259000,1.1278,1.12778,4690000,1500000
2017-09-27 14:36:55.310000,1.12779,1.12777,1500000,1120000
2017-09-27 14:36:55.515000,1.12778,1.12775,3750000,1000000
2017-09-27 14:36:56.023000,1.12778,1.12776,1000000,1000000
2017-09-27 14:36:57.068000,1.12776,1.12774,1000000,1500000
2017-09-27 14:36:57.585000,1.12775,1.12773,1500000,1000000
2017-09-27 14:36:58.224000,1.12785,1.12783,2810000,8250000
2017-09-27 14:36:58.735000,1.12785,1.12783,4310000,8250000
2017-09-27 14:36:59.338000,1.12785,1.12782,4690000,8620000
2017-09-27 14:36:59.647000,1.12784,1.12781,3000000,9750000
2017-09-27 14:37:00.216000,1.12784,1.12783,1000000,1000000
2017-09-27 14:37:00.267000,1.12785,1.12784,1500000,1000000
2017-09-27 14:37:00.809000,1.12787,1.12784,4310000,1000000
2017-09-27 14:37:01.356000,1.12788,1.12785,1690000,2250000
2017-09-27 14:37:01.900000,1.12788,1.12786,1120000,1000000
2017-09-27 14:37:02.472000,1.12789,1.12787,1870000,1000000
2017-09-27 14:37:02.591000,1.1279,1.12787,6190000,1750000
2017-09-27 14:37:02.694000,1.12794,1.12791,1000000,6370000
2017-09-27 14:37:02.899000,1.12796,1.12793,8440000,1000000
2017-09-27 14:37:03.517000,1.12794,1.12792,1000000,2620000
2017-09-27 14:37:03.672000,1.12796,1.12793,6750000,1000000
2017-09-27 14:37:06.163000,1.12796,1.12794,1310000,2250000
2017-09-27 14:37:06.692000,1.12786,1.12783,4750000,1690000
2017-09-27 14:37:06.949000,1.12789,1.12787,1870000,1000000
2017-09-27 14:37:07.522000,1.12789,1.12787,1500000,1000000
2017-09-27 14:37:08.033000,1.12789,1.12787,1500000,1000000
2017-09-27 14:37:08.288000,1.12791,1.12789,3000000,3370000
2017-09-27 14:37:08.504000,1.12795,1.12792,1000000,2620000
2017-09-27 14:37:09.025000,1.12795,1.12792,1500000,1000000
2017-09-27 14:37:09.694000,1.12794,1.12791,1000000,2810000
2017-09-27 14:37:10.613000,1.12794,1.12792,1000000,1120000
2017-09-27 14:37:10.928000,1.12789,1.12788,2250000,1120000
2017-09-27 14:37:10.980000,1.12788,1.12785,1500000,19309999
2017-09-27 14:37:11.498000,1.12787,1.12785,1120000,1500000
2017-09-27 14:37:12.268000,1.12785,1.12784,8250000,1500000
2017-09-27 14:37:12.748000,1.12791,1.1279,1200000,1310000
2017-09-27 14:37:12.800000,1.12794,1.12791,9190000,3370000
2017-09-27 14:37:12.954000,1.12795,1.12793,3940000,1000000
2017-09-27 14:37:13.550000,1.12795,1.12792,1310000,2620000
2017-09-27 14:37:15.212000,1.12795,1.12792,2810000,1500000
2017-09-27 14:37:18.232000,1.12792,1.12791,1310000,1870000
2017-09-27 14:37:18.335000,1.12793,1.12791,1120000,1000000
2017-09-27 14:37:18.694000,1.12794,1.12793,1250000,1000000
2017-09-27 14:37:19.209000,1.12795,1.12793,3190000,1000000
2017-09-27 14:37:21.111000,1.12796,1.12794,3560000,1000000
2017-09-27 14:37:21.455000,1.12794,1.12793,1120000,1120000
2017-09-27 14:37:22.123000,1.12794,1.12792,1000000,4500000
2017-09-27 14:37:23.090000,1.12792,1.12791,1000000,1870000
2017-09-27 14:37:23.328000,1.12792,1.12789,2810000,1120000
2017-09-27 14:37:23.791000,1.12794,1.12792,1690000,1000000
2017-09-27 14:37:24.298000,1.12794,1.12792,1250000,1000000
2017-09-27 14:37:24.810000,1.12792,1.1279,1690000,2620000
2017-09-27 14:37:25.118000,1.12791,1.12789,1310000,2120000
2017-09-27 14:37:25.263000,1.12792,1.1279,1250000,1000000
2017-09-27 14:37:25.570000,1.12791,1.12789,1190000,1000000
2017-09-27 14:37:25.879000,1.12789,1.12787,2620000,1000000
2017-09-27 14:37:26.186000,1.12787,1.12786,1000000,1000000
2017-09-27 14:37:26.698000,1.12787,1.12785,1120000,1000000
2017-09-27 14:37:27.215000,1.12788,1.12786,1120000,1000000
2017-09-27 14:37:27.551000,1.12787,1.12785,1000000,1690000
2017-09-27 14:37:27.602000,1.12788,1.12786,2620000,1000000
2017-09-27 14:37:28.819000,1.12788,1.12786,3000000,1000000
2017-09-27 14:37:29.378000,1.12786,1.12783,1000000,2810000
2017-09-27 14:37:30.374000,1.12787,1.12785,1000000,1250000
2017-09-27 14:37:31.935000,1.12787,1.12785,2810000,1000000
2017-09-27 14:37:32.589000,1.12786,1.12784,1120000,1250000
2017-09-27 14:37:32.691000,1.12785,1.12783,3750000,1000000
2017-09-27 14:37:33.099000,1.12787,1.12785,2440000,1500000
2017-09-27 14:37:33.366000,1.12788,1.12786,5250000,1000000
2017-09-27 14:37:33.877000,1.12787,1.12785,1000000,1000000
2017-09-27 14:37:34.430000,1.12788,1.12786,1500000,1000000
2017-09-27 14:37:34.637000,1.12785,1.12784,1000000,1000000
2017-09-27 14:37:34.947000,1.12782,1.12781,1000000,1350000
2017-09-27 14:37:35.457000,1.12782,1.12778,3370000,3940000
2017-09-27 14:37:35.611000,1.12781,1.12778,1000000,3560000
2017-09-27 14:37:35.918000,1.12782,1.12779,1000000,4910000
2017-09-27 14:37:36.441000,1.12782,1.1278,1120000,1000000
2017-09-27 14:37:36.759000,1.1278,1.12779,1120000,1310000
2017-09-27 14:37:37.281000,1.12779,1.12778,1000000,1000000
2017-09-27 14:37:37.804000,1.12779,1.12777,1000000,1690000
2017-09-27 14:37:38.171000,1.12776,1.12773,1000000,1690000
2017-09-27 14:37:38.483000,1.12773,1.12771,1120000,1500000
2017-09-27 14:37:38.740000,1.12772,1.1277,2320000,1000000
2017-09-27 14:37:38.791000,1.12772,1.12769,2620000,6750000
2017-09-27 14:37:38.894000,1.12773,1.12769,4310000,5660000
2017-09-27 14:37:39.771000,1.12773,1.1277,2250000,1690000
2017-09-27 14:37:40.191000,1.1277,1.12768,1000000,5060000
2017-09-27 14:37:40.504000,1.12768,1.12766,1000000,2440000
2017-09-27 14:37:41.492000,1.12768,1.12766,1120000,2060000
2017-09-27 14:37:42.019000,1.12769,1.12766,1500000,1500000
2017-09-27 14:37:42.429000,1.12767,1.12765,1000000,1620000
2017-09-27 14:37:42.739000,1.12763,1.12762,1500000,1000000
2017-09-27 14:37:42.791000,1.12763,1.12761,1120000,1250000
2017-09-27 14:37:42.975000,1.12761,1.12759,1000000,1310000
2017-09-27 14:37:43.491000,1.12762,1.12759,1000000,1690000
2017-09-27 14:37:43.815000,1.12749,1.12747,1690000,1880000
2017-09-27 14:37:44.071000,1.12746,1.12745,1000000,1000000
2017-09-27 14:37:44.175000,1.12746,1.12743,1250000,1500000
2017-09-27 14:37:44.591000,1.12752,1.12749,1500000,1870000
2017-09-27 14:37:45.105000,1.12751,1.12748,2250000,1000000
2017-09-27 14:37:45.416000,1.12749,1.12745,1000000,1870000
2017-09-27 14:37:45.723000,1.12745,1.12743,1500000,1000000
2017-09-27 14:37:45.876000,1.12746,1.12743,1250000,1000000
2017-09-27 14:37:46.425000,1.12746,1.12744,1000000,1250000
2017-09-27 14:37:46.478000,1.12748,1.12745,2240000,2250000
2017-09-27 14:37:46.838000,1.12751,1.12749,1870000,5250000
2017-09-27 14:37:46.994000,1.12755,1.12753,1000000,1000000
2017-09-27 14:37:47.097000,1.12756,1.12754,1870000,1000000
2017-09-27 14:37:47.312000,1.12757,1.12756,1250000,4500000
2017-09-27 14:37:47.518000,1.12758,1.12757,1420000,4500000
2017-09-27 14:37:47.571000,1.1276,1.12758,1760000,1000000
2017-09-27 14:37:47.622000,1.12761,1.12757,3940000,2060000
2017-09-27 14:37:47.725000,1.12762,1.12758,2440000,1500000
2017-09-27 14:37:47.777000,1.12762,1.1276,1690000,3000000
2017-09-27 14:37:48.032000,1.12759,1.12757,1050000,1000000
2017-09-27 14:37:48.314000,1.12762,1.12758,2440000,3000000
2017-09-27 14:37:49.121000,1.12762,1.1276,1690000,1000000
2017-09-27 14:37:49.624000,1.12762,1.1276,2060000,1000000
2017-09-27 14:37:50.084000,1.12761,1.12758,1000000,1250000
2017-09-27 14:37:50.806000,1.12762,1.12758,2250000,1690000
2017-09-27 14:37:51.405000,1.12761,1.12758,1000000,1250000
2017-09-27 14:37:51.559000,1.12759,1.12757,4720000,1000000
2017-09-27 14:37:51.865000,1.12757,1.12755,2250000,1000000
2017-09-27 14:37:52.384000,1.12758,1.12756,3000000,2810000
2017-09-27 14:37:52.436000,1.12761,1.12757,2250000,4870000
2017-09-27 14:37:52.744000,1.12763,1.12761,1000000,1310000
2017-09-27 14:37:53.792000,1.12765,1.12763,3220000,1000000
2017-09-27 14:37:54.003000,1.12766,1.12762,5470000,2440000
2017-09-27 14:37:54.055000,1.12765,1.12762,3970000,1690000
2017-09-27 14:37:54.577000,1.12764,1.12762,1870000,1310000
2017-09-27 14:37:54.781000,1.12765,1.12763,1000000,1310000
2017-09-27 14:37:55.508000,1.12766,1.12764,3000000,1000000
2017-09-27 14:37:55.613000,1.12769,1.12767,1500000,1120000
2017-09-27 14:37:56.732000,1.12769,1.12767,1500000,2440000
2017-09-27 14:37:57.437000,1.12767,1.12766,1500000,3190000
2017-09-27 14:37:57.987000,1.12766,1.12765,1000000,1500000
2017-09-27 14:37:58.531000,1.12768,1.12766,1500000,1000000
2017-09-27 14:37:58.883000,1.1277,1.12767,7350000,4870000
2017-09-27 14:37:59.038000,1.12769,1.12767,1500000,4870000
2017-09-27 14:37:59.573000,1.12769,1.12768,1500000,4500000
2017-09-27 14:37:59.780000,1.12771,1.12768,2250000,2440000
2017-09-27 14:37:59.947000,1.12772,1.12769,4500000,2060000
2017-09-27 14:38:00.205000,1.12773,1.12771,3750000,1000000
2017-09-27 14:38:00.717000,1.12773,1.12771,1500000,1120000
2017-09-27 14:38:01.028000,1.12775,1.12773,1500000,1000000
2017-09-27 14:38:01.489000,1.12776,1.12773,1120000,1310000
2017-09-27 14:38:01.540000,1.12777,1.12775,3370000,1690000
2017-09-27 14:38:01.592000,1.12781,1.1278,1000000,1000000
2017-09-27 14:38:01.742000,1.12784,1.12782,1000000,6190000
2017-09-27 14:38:01.800000,1.12785,1.12784,1720000,4870000
2017-09-27 14:38:02.112000,1.12784,1.12781,3410000,2620000
2017-09-27 14:38:02.455000,1.12782,1.12779,3000000,2440000
2017-09-27 14:38:03.083000,1.12783,1.12779,1190000,2250000
2017-09-27 14:38:03.455000,1.1278,1.12779,1000000,1000000
2017-09-27 14:38:03.610000,1.12779,1.12777,1350000,3000000
2017-09-27 14:38:03.714000,1.12778,1.12776,1000000,1250000
2017-09-27 14:38:04.124000,1.12776,1.12775,1000000,1250000
2017-09-27 14:38:04.434000,1.12778,1.12776,3750000,1120000
2017-09-27 14:38:04.486000,1.12779,1.12776,1310000,1870000
2017-09-27 14:38:05.447000,1.12779,1.12777,1000000,1620000
2017-09-27 14:38:07.749000,1.12782,1.12779,4310000,1000000
2017-09-27 14:38:08.575000,1.12782,1.12781,1120000,1000000
2017-09-27 14:38:08.802000,1.12785,1.12781,3040000,1870000
2017-09-27 14:38:09.321000,1.12785,1.12782,1310000,1000000
2017-09-27 14:38:09.871000,1.12783,1.12781,1690000,1500000
2017-09-27 14:38:09.924000,1.12784,1.12782,1250000,1000000
2017-09-27 14:38:10.079000,1.12788,1.12785,3940000,1000000
2017-09-27 14:38:11.115000,1.12788,1.12786,2060000,1000000
2017-09-27 14:38:12.570000,1.12788,1.12786,1190000,1000000
2017-09-27 14:38:13.097000,1.12789,1.12786,2060000,1000000
2017-09-27 14:38:13.610000,1.1279,1.12787,3000000,1120000
2017-09-27 14:38:14.519000,1.12789,1.12786,1310000,1950000
2017-09-27 14:38:15.601000,1.12789,1.12786,2290000,1120000
2017-09-27 14:38:16.114000,1.12789,1.12786,2290000,1000000
2017-09-27 14:38:16.165000,1.12785,1.12784,1000000,1000000
2017-09-27 14:38:16.472000,1.12784,1.12782,1310000,1000000
2017-09-27 14:38:16.575000,1.12783,1.1278,2660000,1000000
2017-09-27 14:38:17.114000,1.12783,1.1278,4730000,1000000
2017-09-27 14:38:17.425000,1.12785,1.12783,3450000,1000000
2017-09-27 14:38:17.579000,1.12788,1.12785,2140000,1000000
2017-09-27 14:38:18.772000,1.12789,1.12787,4010000,1000000
2017-09-27 14:38:18.926000,1.12789,1.12786,2660000,1500000
2017-09-27 14:38:19.226000,1.12787,1.12785,1310000,1000000
2017-09-27 14:38:21.130000,1.12789,1.12786,5250000,2250000
2017-09-27 14:38:21.436000,1.12791,1.12789,2060000,1500000
2017-09-27 14:38:21.640000,1.12791,1.12789,1120000,2440000
2017-09-27 14:38:21.794000,1.12795,1.12792,6190000,3000000
2017-09-27 14:38:22.303000,1.12795,1.12792,4540000,3000000
2017-09-27 14:38:22.805000,1.12794,1.12792,1300000,3000000
2017-09-27 14:38:23.267000,1.12794,1.1279,3040000,1690000
2017-09-27 14:38:25.065000,1.12792,1.1279,1000000,1250000
2017-09-27 14:38:25.971000,1.12792,1.1279,1000000,1690000
2017-09-27 14:38:26.513000,1.12793,1.1279,1120000,2440000
2017-09-27 14:38:27.065000,1.12793,1.1279,1120000,1310000
2017-09-27 14:38:28.644000,1.12794,1.12792,2660000,1000000
2017-09-27 14:38:29.612000,1.12795,1.12792,3000000,1000000
2017-09-27 14:38:30.441000,1.12796,1.12794,5440000,1000000
2017-09-27 14:38:30.959000,1.12796,1.12794,1000000,1120000
2017-09-27 14:38:31.519000,1.12796,1.12793,1250000,1870000
2017-09-27 14:38:31.841000,1.12793,1.12791,1000000,2210000
2017-09-27 14:38:32.854000,1.12792,1.1279,1000000,1690000
2017-09-27 14:38:33.366000,1.12793,1.12791,1250000,1000000
2017-09-27 14:38:33.870000,1.12792,1.12789,1000000,3370000
2017-09-27 14:38:34.613000,1.12792,1.1279,1000000,2440000
2017-09-27 14:38:35.131000,1.12793,1.1279,1000000,4460000
2017-09-27 14:38:35.668000,1.12792,1.1279,1000000,1310000
2017-09-27 14:38:35.821000,1.12794,1.12791,1690000,1000000
2017-09-27 14:38:38.697000,1.12794,1.1279,3750000,1500000
2017-09-27 14:38:39.127000,1.12795,1.12793,4690000,1000000
2017-09-27 14:38:39.453000,1.12793,1.12791,1000000,1870000
2017-09-27 14:38:39.658000,1.12794,1.12791,1250000,1370000
2017-09-27 14:38:39.710000,1.12796,1.12794,1000000,2440000
2017-09-27 14:38:40.019000,1.12798,1.12796,5510000,2440000
2017-09-27 14:38:40.121000,1.12795,1.12793,3600000,2250000
2017-09-27 14:38:40.225000,1.12796,1.12795,1000000,3560000
2017-09-27 14:38:40.387000,1.12801,1.12798,2320000,1540000
2017-09-27 14:38:40.439000,1.12802,1.128,3190000,2250000
2017-09-27 14:38:40.745000,1.12798,1.12797,2620000,2250000
2017-09-27 14:38:41.160000,1.12799,1.12798,1000000,3750000
2017-09-27 14:38:41.672000,1.12799,1.12798,1270000,1000000
2017-09-27 14:38:41.928000,1.12796,1.12794,1120000,2060000
2017-09-27 14:38:42.292000,1.12797,1.12795,1420000,2440000
2017-09-27 14:38:43.785000,1.12796,1.12794,1500000,1620000
2017-09-27 14:38:44.326000,1.12796,1.12792,2060000,4690000
2017-09-27 14:38:44.837000,1.12796,1.12792,2440000,3190000
2017-09-27 14:38:45.606000,1.12796,1.12794,1000000,1120000
2017-09-27 14:38:48.058000,1.12796,1.12795,1000000,1870000
2017-09-27 14:38:48.366000,1.12798,1.12796,1520000,3000000
2017-09-27 14:38:48.761000,1.12796,1.12794,1000000,2620000
2017-09-27 14:38:48.863000,1.12795,1.12792,1000000,3000000
2017-09-27 14:38:49.615000,1.12796,1.12793,1000000,2810000
2017-09-27 14:38:50.120000,1.12796,1.12793,1250000,1500000
2017-09-27 14:38:50.635000,1.12796,1.12793,1000000,2810000
2017-09-27 14:38:51.178000,1.12798,1.12795,4390000,1000000
2017-09-27 14:38:51.715000,1.12797,1.12794,4310000,1120000
2017-09-27 14:38:53.402000,1.12797,1.12794,2810000,1310000
2017-09-27 14:38:53.505000,1.12797,1.12796,2060000,1120000
2017-09-27 14:38:53.824000,1.12804,1.12801,4910000,2250000
2017-09-27 14:38:54.352000,1.12803,1.12801,1310000,1000000
2017-09-27 14:38:55.038000,1.12804,1.12802,1690000,2500000
2017-09-27 14:38:55.344000,1.12806,1.12804,3190000,1120000
2017-09-27 14:38:55.602000,1.12801,1.128,1000000,3000000
2017-09-27 14:38:56.113000,1.12802,1.128,1120000,1690000
2017-09-27 14:38:56.626000,1.12802,1.128,1120000,1690000
2017-09-27 14:38:57.160000,1.12801,1.12799,1000000,2250000
2017-09-27 14:38:57.328000,1.12803,1.128,3750000,2440000
2017-09-27 14:38:57.483000,1.12805,1.12803,2060000,1500000
2017-09-27 14:38:57.687000,1.12803,1.128,1500000,2060000
2017-09-27 14:38:57.840000,1.12802,1.128,1000000,1690000
2017-09-27 14:38:58.623000,1.12802,1.128,1500000,1690000
2017-09-27 14:38:58.930000,1.128,1.12798,1120000,1690000
2017-09-27 14:38:59.464000,1.128,1.12798,1250000,2500000
2017-09-27 14:39:00.003000,1.12801,1.12799,1370000,1870000
2017-09-27 14:39:00.541000,1.128,1.12798,1120000,1500000
2017-09-27 14:39:00.745000,1.12799,1.12796,1120000,3190000
2017-09-27 14:39:01.279000,1.128,1.12796,2810000,3000000
2017-09-27 14:39:01.793000,1.12799,1.12798,1250000,1120000
2017-09-27 14:39:02.319000,1.12801,1.12798,2810000,1500000
2017-09-27 14:39:02.836000,1.12803,1.12802,2320000,1500000
2017-09-27 14:39:03.117000,1.12802,1.12799,3560000,2440000
2017-09-27 14:39:04.008000,1.12801,1.12798,2060000,2440000
2017-09-27 14:39:04.519000,1.128,1.12798,2060000,1000000
2017-09-27 14:39:05.020000,1.12802,1.12799,2810000,2250000
2017-09-27 14:39:07.083000,1.12801,1.12799,1250000,1000000
2017-09-27 14:39:07.187000,1.12803,1.12801,2060000,1500000
2017-09-27 14:39:07.865000,1.12803,1.12802,1250000,1000000
2017-09-27 14:39:08.223000,1.12806,1.12804,1690000,1500000
2017-09-27 14:39:08.732000,1.12804,1.12803,1250000,2250000
2017-09-27 14:39:09.091000,1.12807,1.12805,2810000,1000000
2017-09-27 14:39:09.615000,1.12808,1.12805,5140000,1500000
2017-09-27 14:39:11.456000,1.12807,1.12805,1310000,2250000
2017-09-27 14:39:11.765000,1.1281,1.12809,1690000,1000000
2017-09-27 14:39:11.869000,1.12814,1.12811,9000000,5060000
2017-09-27 14:39:12.469000,1.12814,1.12812,3560000,1000000
2017-09-27 14:39:12.574000,1.12815,1.12812,3940000,3370000
2017-09-27 14:39:12.784000,1.12817,1.12815,7310000,1000000
2017-09-27 14:39:12.887000,1.12818,1.12817,1000000,1120000
2017-09-27 14:39:12.989000,1.12816,1.12815,1250000,1000000
2017-09-27 14:39:13.569000,1.12817,1.12814,7720000,2250000
2017-09-27 14:39:13.773000,1.12815,1.12812,1690000,1120000
2017-09-27 14:39:13.927000,1.12816,1.12814,2060000,1000000
2017-09-27 14:39:14.128000,1.12819,1.12818,1000000,1000000
2017-09-27 14:39:14.288000,1.12817,1.12815,5890000,1500000
2017-09-27 14:39:14.340000,1.12815,1.12813,1190000,1100000
2017-09-27 14:39:14.851000,1.12816,1.12813,5250000,1120000
2017-09-27 14:39:15.381000,1.12815,1.12812,1250000,1870000
2017-09-27 14:39:15.789000,1.12816,1.12814,3560000,1000000
2017-09-27 14:39:16.298000,1.12814,1.12812,1250000,1120000
2017-09-27 14:39:16.809000,1.12813,1.12811,1000000,1120000
2017-09-27 14:39:17.013000,1.12811,1.12809,1500000,1870000
2017-09-27 14:39:17.257000,1.12813,1.12811,1690000,1000000
2017-09-27 14:39:17.869000,1.12813,1.1281,1310000,2250000
2017-09-27 14:39:18.384000,1.12814,1.12812,1310000,2500000
2017-09-27 14:39:18.896000,1.12817,1.12814,13310000,1500000
2017-09-27 14:39:19.323000,1.12814,1.12812,1000000,14620000
2017-09-27 14:39:19.842000,1.12814,1.12812,2250000,1120000
2017-09-27 14:39:20.389000,1.12814,1.12811,2440000,1870000
2017-09-27 14:39:20.905000,1.12813,1.1281,1500000,2060000
2017-09-27 14:39:21.264000,1.12811,1.1281,1000000,1000000
2017-09-27 14:39:21.783000,1.12811,1.1281,1240000,1000000
2017-09-27 14:39:22.372000,1.12812,1.12809,1990000,2810000
2017-09-27 14:39:22.679000,1.12812,1.1281,1310000,2810000
2017-09-27 14:39:22.986000,1.12809,1.12808,1310000,1120000
2017-09-27 14:39:23.223000,1.12808,1.12806,1000000,1500000
2017-09-27 14:39:23.529000,1.12806,1.12803,1310000,3450000
2017-09-27 14:39:24.042000,1.12807,1.12803,3000000,4310000
2017-09-27 14:39:24.553000,1.12806,1.12803,2250000,2810000
2017-09-27 14:39:25.062000,1.12805,1.12803,1000000,2060000
2017-09-27 14:39:25.601000,1.12805,1.12803,1120000,2060000
2017-09-27 14:39:26.132000,1.12804,1.12803,1000000,2060000
2017-09-27 14:39:26.745000,1.12805,1.12803,1120000,1500000
2017-09-27 14:39:28.524000,1.12804,1.12803,1500000,1500000
2017-09-27 14:39:28.626000,1.12805,1.12803,1870000,1500000
2017-09-27 14:39:29.128000,1.12804,1.12802,1870000,1500000
2017-09-27 14:39:29.639000,1.12803,1.12802,1000000,1870000
2017-09-27 14:39:29.998000,1.12805,1.12803,4310000,1500000
2017-09-27 14:39:30.139000,1.12804,1.12802,1000000,2620000
2017-09-27 14:39:31.908000,1.12804,1.12803,1500000,1500000
2017-09-27 14:39:32.416000,1.12803,1.12802,1000000,2620000
2017-09-27 14:39:32.976000,1.12804,1.12803,1500000,1500000
2017-09-27 14:39:33.639000,1.12805,1.12804,1610000,1000000
2017-09-27 14:39:33.987000,1.12807,1.12806,1250000,2250000
2017-09-27 14:39:34.526000,1.12807,1.12805,1690000,1500000
2017-09-27 14:39:34.834000,1.12803,1.12802,2250000,1500000
2017-09-27 14:39:35.141000,1.12804,1.12801,2250000,2620000
2017-09-27 14:39:35.246000,1.12802,1.12801,1000000,1870000
2017-09-27 14:39:35.672000,1.12801,1.12799,1000000,3000000
2017-09-27 14:39:35.775000,1.12799,1.12797,1500000,2250000
2017-09-27 14:39:36.287000,1.12798,1.12797,1000000,1500000
2017-09-27 14:39:36.596000,1.12798,1.12795,1870000,2620000
2017-09-27 14:39:36.853000,1.12798,1.12796,2250000,1870000
2017-09-27 14:39:37.367000,1.12797,1.12796,1000000,1000000
2017-09-27 14:39:37.925000,1.12796,1.12795,1000000,1500000
2017-09-27 14:39:38.435000,1.12795,1.12794,1000000,1500000
2017-09-27 14:39:38.948000,1.12796,1.12794,1120000,1500000
2017-09-27 14:39:39.255000,1.12793,1.12791,1500000,4950000
2017-09-27 14:39:39.981000,1.12793,1.12791,1000000,2620000
2017-09-27 14:39:40.601000,1.12793,1.12791,1000000,2620000
2017-09-27 14:39:40.755000,1.12796,1.12794,3370000,1120000
2017-09-27 14:39:40.806000,1.12797,1.12796,2250000,1000000
2017-09-27 14:39:40.961000,1.12796,1.12794,1000000,2440000
2017-09-27 14:39:41.476000,1.12796,1.12794,2060000,1000000
2017-09-27 14:39:41.703000,1.12797,1.12794,5250000,5470000
2017-09-27 14:39:41.857000,1.12799,1.12797,1000000,1870000
2017-09-27 14:39:42.380000,1.12799,1.12798,1250000,1500000
2017-09-27 14:39:42.891000,1.12799,1.12797,1250000,2250000
2017-09-27 14:39:43.270000,1.12801,1.12798,2810000,7120000
2017-09-27 14:39:43.322000,1.12802,1.128,2060000,1870000
2017-09-27 14:39:43.730000,1.12801,1.12799,1690000,1870000
2017-09-27 14:39:44.240000,1.128,1.12798,1000000,1500000
2017-09-27 14:39:44.548000,1.12798,1.12796,1500000,1870000
2017-09-27 14:39:44.754000,1.12797,1.12795,1000000,2320000
2017-09-27 14:39:45.314000,1.12797,1.12796,1000000,1500000
2017-09-27 14:39:46.039000,1.12796,1.12794,1310000,2700000
2017-09-27 14:39:46.091000,1.12795,1.12793,1310000,2620000
2017-09-27 14:39:46.195000,1.12793,1.12791,2250000,1000000
2017-09-27 14:39:46.756000,1.12793,1.12791,1000000,1570000
2017-09-27 14:39:47.268000,1.12792,1.1279,1000000,2250000
2017-09-27 14:39:48.466000,1.12795,1.12792,6560000,1000000
2017-09-27 14:39:48.864000,1.12792,1.12791,1000000,1500000
2017-09-27 14:39:52.268000,1.12796,1.12794,1500000,5470000
2017-09-27 14:39:52.370000,1.12798,1.12797,8250000,1000000
2017-09-27 14:39:52.881000,1.12798,1.12796,1120000,1500000
2017-09-27 14:39:53.240000,1.12797,1.12794,1000000,5060000
2017-09-27 14:39:53.455000,1.12795,1.12793,1000000,3370000
2017-09-27 14:39:53.609000,1.12793,1.12791,1500000,1570000
2017-09-27 14:39:54.129000,1.12792,1.12789,1500000,5440000
2017-09-27 14:39:54.386000,1.12794,1.12791,1250000,1500000
2017-09-27 14:39:55.110000,1.12793,1.12791,1000000,1120000
2017-09-27 14:39:56.973000,1.12794,1.12791,1690000,4120000
2017-09-27 14:39:57.530000,1.12794,1.12792,1250000,1870000
2017-09-27 14:39:58.636000,1.12794,1.12792,1250000,1100000
2017-09-27 14:39:59.277000,1.12796,1.12794,1870000,1870000
2017-09-27 14:39:59.583000,1.12798,1.12797,1000000,1200000
2017-09-27 14:40:00.093000,1.12799,1.12798,1250000,1100000
2017-09-27 14:40:00.343000,1.128,1.12797,1310000,1950000
2017-09-27 14:40:02.124000,1.12799,1.12797,1000000,2700000
2017-09-27 14:40:02.644000,1.12801,1.12797,3000000,2890000
2017-09-27 14:40:03.309000,1.128,1.12798,1500000,1160000
2017-09-27 14:40:03.475000,1.12797,1.12796,2060000,1870000
2017-09-27 14:40:03.578000,1.12797,1.12794,1310000,1000000
2017-09-27 14:40:03.782000,1.12797,1.12796,1250000,1500000
2017-09-27 14:40:04.702000,1.12798,1.12796,1250000,1000000
2017-09-27 14:40:05.228000,1.12798,1.12797,1250000,1000000
2017-09-27 14:40:05.534000,1.12792,1.1279,1000000,1870000
2017-09-27 14:40:06.085000,1.12792,1.12789,1000000,2060000
2017-09-27 14:40:06.421000,1.1279,1.12788,1120000,2250000
2017-09-27 14:40:06.926000,1.12791,1.12788,3000000,3000000
2017-09-27 14:40:08.679000,1.12789,1.12788,1000000,2620000
2017-09-27 14:40:08.884000,1.12787,1.12786,1000000,1870000
2017-09-27 14:40:09.452000,1.12788,1.12786,1250000,2620000
2017-09-27 14:40:10.683000,1.12787,1.12785,1000000,3000000
2017-09-27 14:40:11.651000,1.12787,1.12785,1000000,1870000
2017-09-27 14:40:11.965000,1.12789,1.12787,2440000,1500000
2017-09-27 14:40:12.551000,1.1279,1.12788,2620000,1500000
2017-09-27 14:40:12.653000,1.12792,1.1279,1120000,1500000
2017-09-27 14:40:13.942000,1.12793,1.12792,1000000,1500000
2017-09-27 14:40:13.994000,1.12797,1.12795,3450000,1570000
2017-09-27 14:40:14.503000,1.12797,1.12795,1000000,2320000
2017-09-27 14:40:15.011000,1.12798,1.12796,1250000,1500000
2017-09-27 14:40:15.685000,1.12796,1.12794,1690000,1950000
2017-09-27 14:40:15.840000,1.12792,1.1279,1690000,4870000
2017-09-27 14:40:16.198000,1.12791,1.12789,1000000,1500000
2017-09-27 14:40:17.234000,1.12791,1.12789,1000000,1500000
2017-09-27 14:40:17.696000,1.12793,1.12791,2440000,1000000
2017-09-27 14:40:18.253000,1.12794,1.12792,2440000,1000000
2017-09-27 14:40:20.520000,1.12795,1.12794,1000000,1000000
2017-09-27 14:40:21.377000,1.12796,1.12793,5060000,1000000
2017-09-27 14:40:21.684000,1.12798,1.12797,2440000,1120000
2017-09-27 14:40:22.009000,1.12802,1.12801,1310000,1500000
2017-09-27 14:40:22.215000,1.12805,1.12803,4310000,1000000
2017-09-27 14:40:22.267000,1.12803,1.12801,1690000,6000000
2017-09-27 14:40:22.319000,1.12805,1.12803,4690000,1120000
2017-09-27 14:40:22.473000,1.12802,1.128,1690000,2250000
2017-09-27 14:40:22.739000,1.128,1.12798,1000000,1000000
2017-09-27 14:40:23.046000,1.12801,1.12799,1250000,1000000
2017-09-27 14:40:23.200000,1.12801,1.12798,3190000,1120000
2017-09-27 14:40:23.251000,1.12798,1.12796,1500000,2250000
