time,ask,bid,ask_volume,bid_volume
2022-04-28 14:25:00.071000,1.31148,1.3114,1200000,2620000
2022-04-28 14:25:04.079000,1.31142,1.31139,1320000,1200000
2022-04-28 14:25:04.131000,1.31142,1.31134,1340000,3970000
2022-04-28 14:25:04.285000,1.31145,1.31137,4140000,1340000
2022-04-28 14:25:04.337000,1.31142,1.31137,1200000,1800000
2022-04-28 14:25:04.439000,1.31143,1.31135,1200000,2400000
2022-04-28 14:25:04.592000,1.31142,1.31135,1200000,2400000
2022-04-28 14:25:04.644000,1.31141,1.31134,1340000,1200000
2022-04-28 14:25:04.745000,1.3114,1.31132,1340000,5240000
2022-04-28 14:25:04.851000,1.31138,1.31132,1200000,3140000
2022-04-28 14:25:04.953000,1.31134,1.31127,1200000,1500000
2022-04-28 14:25:05.056000,1.31137,1.3113,1440000,1570000
2022-04-28 14:25:05.107000,1.3114,1.31135,4320000,1200000
2022-04-28 14:25:05.158000,1.31142,1.31135,1920000,1340000
2022-04-28 14:25:05.260000,1.31142,1.31135,1880000,1570000
2022-04-28 14:25:05.464000,1.31145,1.31138,1320000,2240000
2022-04-28 14:25:05.566000,1.31148,1.31141,1200000,1340000
2022-04-28 14:25:05.668000,1.31149,1.31141,1440000,1340000
2022-04-28 14:25:05.770000,1.31148,1.3114,1200000,2620000
2022-04-28 14:25:08.140000,1.31147,1.3114,1500000,1800000
2022-04-28 14:25:08.192000,1.31142,1.31134,2110000,4940000
2022-04-28 14:25:08.294000,1.31141,1.31133,1200000,3140000
2022-04-28 14:25:08.548000,1.31136,1.31132,1440000,1800000
2022-04-28 14:25:08.650000,1.31139,1.31133,2100000,1200000
2022-04-28 14:25:08.752000,1.31144,1.31136,5330000,1340000
2022-04-28 14:25:08.854000,1.31144,1.31137,2100000,1800000
2022-04-28 14:25:08.905000,1.31144,1.31137,1500000,2240000
2022-04-28 14:25:09.008000,1.31142,1.31135,1200000,2400000
2022-04-28 14:25:09.271000,1.31142,1.31135,1200000,2240000
2022-04-28 14:25:09.410000,1.3114,1.31135,1200000,2240000
2022-04-28 14:25:10.173000,1.31138,1.31133,1200000,2240000
2022-04-28 14:25:10.325000,1.31138,1.31133,1200000,4200000
2022-04-28 14:25:10.427000,1.31142,1.31134,2110000,1340000
2022-04-28 14:25:10.796000,1.31138,1.31133,1200000,1340000
2022-04-28 14:25:10.898000,1.31134,1.31129,1200000,1340000
2022-04-28 14:25:11.153000,1.31133,1.31127,1200000,2400000
2022-04-28 14:25:11.446000,1.31136,1.3113,1200000,1800000
2022-04-28 14:25:11.599000,1.31137,1.31131,1200000,2240000
2022-04-28 14:25:11.702000,1.31138,1.31131,1200000,1340000
2022-04-28 14:25:11.804000,1.31137,1.31131,1200000,2240000
2022-04-28 14:25:12.029000,1.3114,1.31132,6380000,1200000
2022-04-28 14:25:12.131000,1.3114,1.31132,1620000,1200000
2022-04-28 14:25:12.233000,1.3114,1.31132,2340000,1200000
2022-04-28 14:25:12.437000,1.3114,1.31132,3240000,1200000
2022-04-28 14:25:12.640000,1.3114,1.31132,3240000,1200000
2022-04-28 14:25:12.844000,1.31136,1.31132,1670000,1200000
2022-04-28 14:25:12.946000,1.31135,1.31127,1620000,2240000
2022-04-28 14:25:13.048000,1.31136,1.31127,1620000,1200000
2022-04-28 14:25:13.252000,1.31136,1.31127,1210000,1200000
2022-04-28 14:25:14.220000,1.31132,1.31124,2750000,2540000
2022-04-28 14:25:14.322000,1.31133,1.31125,1210000,2240000
2022-04-28 14:25:14.424000,1.31134,1.31126,5940000,1200000
2022-04-28 14:25:15.263000,1.31136,1.31126,3190000,1340000
2022-04-28 14:25:15.416000,1.31135,1.31128,1620000,1200000
2022-04-28 14:25:15.518000,1.31136,1.31128,2180000,2240000
2022-04-28 14:25:15.721000,1.31137,1.3113,3080000,1200000
2022-04-28 14:25:15.773000,1.31138,1.31131,1620000,1200000
2022-04-28 14:25:15.875000,1.31139,1.31131,1920000,1800000
2022-04-28 14:25:15.977000,1.31139,1.31132,1320000,1200000
2022-04-28 14:25:16.079000,1.31143,1.31138,5590000,1340000
2022-04-28 14:25:16.486000,1.31145,1.31139,1620000,1340000
2022-04-28 14:25:16.537000,1.31147,1.3114,2220000,1200000
2022-04-28 14:25:16.791000,1.31147,1.3114,2360000,1200000
2022-04-28 14:25:16.894000,1.31147,1.31139,3080000,2240000
2022-04-28 14:25:17.249000,1.31146,1.31137,4090000,5840000
2022-04-28 14:25:17.351000,1.31144,1.31136,3720000,1340000
2022-04-28 14:25:17.504000,1.31141,1.31134,1210000,1200000
2022-04-28 14:25:17.556000,1.31141,1.31132,4620000,2240000
2022-04-28 14:25:17.658000,1.3114,1.31132,1620000,2240000
2022-04-28 14:25:17.760000,1.31137,1.31129,3190000,1340000
2022-04-28 14:25:17.863000,1.31137,1.31126,5520000,2240000
2022-04-28 14:25:17.965000,1.31132,1.31123,1320000,2540000
2022-04-28 14:25:18.017000,1.31133,1.31125,1210000,2400000
2022-04-28 14:25:18.170000,1.31133,1.31122,3860000,2400000
2022-04-28 14:25:18.272000,1.31132,1.31123,4160000,1800000
2022-04-28 14:25:18.487000,1.31129,1.31121,3420000,1200000
2022-04-28 14:25:18.589000,1.31129,1.31118,4090000,2540000
2022-04-28 14:25:18.844000,1.3113,1.31122,1620000,1800000
2022-04-28 14:25:18.946000,1.31129,1.31121,3470000,2240000
2022-04-28 14:25:19.048000,1.31128,1.31119,1440000,3600000
2022-04-28 14:25:19.151000,1.31127,1.31118,2060000,2570000
2022-04-28 14:25:19.304000,1.31127,1.31118,2220000,3140000
2022-04-28 14:25:19.406000,1.31128,1.31117,2220000,4340000
2022-04-28 14:25:19.508000,1.31129,1.31121,4160000,1340000
2022-04-28 14:25:19.610000,1.31129,1.31121,1670000,3140000
2022-04-28 14:25:19.712000,1.3113,1.31122,2220000,4040000
2022-04-28 14:25:19.815000,1.31132,1.31124,1620000,1200000
2022-04-28 14:25:20.183000,1.31133,1.31125,1210000,1940000
2022-04-28 14:25:20.285000,1.31138,1.31129,6560000,5100000
2022-04-28 14:25:20.337000,1.31138,1.3113,2290000,1800000
2022-04-28 14:25:20.439000,1.31139,1.31132,1670000,1800000
2022-04-28 14:25:20.541000,1.31137,1.31131,4550000,1200000
2022-04-28 14:25:20.592000,1.31137,1.31129,2060000,4040000
2022-04-28 14:25:20.745000,1.31137,1.31129,1440000,6000000
2022-04-28 14:25:20.797000,1.31139,1.31135,2220000,1200000
2022-04-28 14:25:20.899000,1.31142,1.31133,2220000,1200000
2022-04-28 14:25:21.001000,1.31141,1.31133,2220000,2700000
2022-04-28 14:25:21.153000,1.3114,1.31132,1670000,2240000
2022-04-28 14:25:21.803000,1.31136,1.31131,1920000,1200000
2022-04-28 14:25:21.854000,1.31136,1.31128,1920000,1340000
2022-04-28 14:25:22.008000,1.31136,1.31127,2520000,2470000
2022-04-28 14:25:22.110000,1.31136,1.31127,4320000,1570000
2022-04-28 14:25:22.161000,1.31131,1.31124,1200000,1570000
2022-04-28 14:25:22.314000,1.31131,1.31122,3420000,2540000
2022-04-28 14:25:22.417000,1.31131,1.31122,5220000,2240000
2022-04-28 14:25:22.621000,1.31131,1.31122,3420000,2770000
2022-04-28 14:25:22.723000,1.31131,1.31123,2060000,2400000
2022-04-28 14:25:22.828000,1.31131,1.31123,2060000,2700000
2022-04-28 14:25:22.930000,1.31132,1.31124,3420000,1340000
2022-04-28 14:25:24.090000,1.31136,1.31127,4320000,4270000
2022-04-28 14:25:24.193000,1.31136,1.31129,1920000,2700000
2022-04-28 14:25:24.297000,1.31134,1.31126,1340000,3000000
2022-04-28 14:25:24.655000,1.31135,1.31129,1320000,1200000
2022-04-28 14:25:24.757000,1.31138,1.31128,3420000,3140000
2022-04-28 14:25:24.859000,1.31136,1.31128,2060000,1500000
2022-04-28 14:25:24.961000,1.31132,1.31126,2220000,1200000
2022-04-28 14:25:25.063000,1.31131,1.31127,4550000,1200000
2022-04-28 14:25:25.165000,1.31128,1.3112,3380000,4680000
2022-04-28 14:25:25.267000,1.31127,1.31119,1320000,2540000
2022-04-28 14:25:25.369000,1.31128,1.31118,1320000,2240000
2022-04-28 14:25:25.775000,1.31129,1.31125,2960000,1200000
2022-04-28 14:25:25.877000,1.31129,1.31126,1440000,1200000
2022-04-28 14:25:25.980000,1.31128,1.31125,6840000,1200000
2022-04-28 14:25:26.031000,1.31128,1.31119,2480000,2240000
2022-04-28 14:25:26.336000,1.3113,1.31126,1920000,1200000
2022-04-28 14:25:26.489000,1.31127,1.31119,5520000,1640000
2022-04-28 14:25:26.591000,1.31128,1.3112,2520000,1570000
2022-04-28 14:25:26.693000,1.31128,1.3112,1320000,1640000
2022-04-28 14:25:27.073000,1.3113,1.31123,5180000,1340000
2022-04-28 14:25:27.175000,1.31131,1.31127,1920000,1500000
2022-04-28 14:25:27.633000,1.31133,1.31128,1390000,1340000
2022-04-28 14:25:27.684000,1.31133,1.31129,1390000,1800000
2022-04-28 14:25:27.735000,1.31137,1.31128,1920000,3300000
2022-04-28 14:25:28.422000,1.31136,1.3113,2220000,1640000
2022-04-28 14:25:28.473000,1.31137,1.3113,1440000,4420000
2022-04-28 14:25:28.779000,1.31137,1.31134,1200000,1200000
2022-04-28 14:25:28.942000,1.31137,1.31135,1200000,1200000
2022-04-28 14:25:29.044000,1.31143,1.31136,2060000,1570000
2022-04-28 14:25:30.247000,1.31137,1.31134,1200000,1500000
2022-04-28 14:25:30.780000,1.31138,1.31134,1200000,1200000
2022-04-28 14:25:30.909000,1.31137,1.31133,1200000,6140000
2022-04-28 14:25:31.672000,1.31137,1.31133,1200000,5170000
2022-04-28 14:25:31.723000,1.31142,1.31133,1320000,5470000
2022-04-28 14:25:31.774000,1.31137,1.31133,1200000,5170000
2022-04-28 14:25:31.927000,1.31137,1.31135,1200000,1200000
2022-04-28 14:25:32.029000,1.31138,1.31133,1200000,1200000
2022-04-28 14:25:32.607000,1.31142,1.31139,1200000,1500000
2022-04-28 14:25:32.709000,1.31144,1.3114,1320000,1200000
2022-04-28 14:25:32.811000,1.31148,1.31142,1920000,1200000
2022-04-28 14:25:33.014000,1.31148,1.31142,1320000,1200000
2022-04-28 14:25:33.219000,1.31149,1.31142,1880000,1500000
2022-04-28 14:25:33.372000,1.31152,1.31147,3370000,1500000
2022-04-28 14:25:33.886000,1.31152,1.31146,2360000,2930000
2022-04-28 14:25:33.988000,1.31152,1.31147,1620000,1200000
2022-04-28 14:25:34.192000,1.31154,1.31147,1320000,2030000
2022-04-28 14:25:34.243000,1.31155,1.31148,1920000,1500000
2022-04-28 14:25:34.295000,1.31159,1.31151,3420000,1200000
2022-04-28 14:25:34.397000,1.31158,1.31151,2960000,1500000
2022-04-28 14:25:34.448000,1.31149,1.31146,1800000,1200000
2022-04-28 14:25:34.551000,1.31145,1.31143,1340000,1200000
2022-04-28 14:25:34.603000,1.31145,1.31139,2520000,1200000
2022-04-28 14:25:34.654000,1.31143,1.31137,1920000,2700000
2022-04-28 14:25:34.858000,1.31142,1.31135,2780000,1500000
2022-04-28 14:25:34.960000,1.31142,1.31136,1440000,1200000
2022-04-28 14:25:35.215000,1.31142,1.31135,3680000,1200000
2022-04-28 14:25:35.317000,1.31142,1.31135,3680000,1500000
2022-04-28 14:25:37.473000,1.31143,1.31139,1800000,1200000
2022-04-28 14:25:37.580000,1.31146,1.31139,1440000,1500000
2022-04-28 14:25:37.682000,1.31146,1.31138,1880000,2020000
2022-04-28 14:25:37.835000,1.31146,1.31139,2780000,1200000
2022-04-28 14:25:38.140000,1.31146,1.31139,3840000,1200000
2022-04-28 14:25:38.292000,1.31146,1.31139,1880000,2100000
2022-04-28 14:25:38.558000,1.31147,1.3114,1320000,1500000
2022-04-28 14:25:38.660000,1.31147,1.3114,1320000,1500000
2022-04-28 14:25:38.763000,1.31144,1.31137,1320000,1500000
2022-04-28 14:25:38.865000,1.31144,1.31136,1880000,2100000
2022-04-28 14:25:39.018000,1.31144,1.31136,1320000,2020000
2022-04-28 14:25:39.374000,1.31143,1.31133,4320000,1800000
2022-04-28 14:25:39.476000,1.31141,1.31132,4740000,2020000
2022-04-28 14:25:40.035000,1.31142,1.31137,1320000,2700000
2022-04-28 14:25:40.188000,1.31144,1.31136,2780000,1800000
2022-04-28 14:25:40.239000,1.31144,1.31135,3840000,1800000
2022-04-28 14:25:40.392000,1.31143,1.31133,3380000,2700000
2022-04-28 14:25:40.494000,1.31141,1.31134,1320000,1200000
2022-04-28 14:25:40.596000,1.31141,1.31133,1320000,2020000
2022-04-28 14:25:40.698000,1.31142,1.31136,1320000,1200000
2022-04-28 14:25:40.800000,1.31144,1.31136,2520000,2240000
2022-04-28 14:25:40.902000,1.31144,1.31137,1320000,1200000
2022-04-28 14:25:41.156000,1.31145,1.31137,3860000,1800000
2022-04-28 14:25:41.308000,1.31146,1.31139,2060000,1200000
2022-04-28 14:25:41.462000,1.31148,1.31138,2960000,1500000
2022-04-28 14:25:41.513000,1.31147,1.31139,1320000,1200000
2022-04-28 14:25:41.716000,1.31147,1.3114,1320000,1200000
2022-04-28 14:25:42.856000,1.31149,1.3114,4740000,2920000
2022-04-28 14:25:42.958000,1.31144,1.31137,1320000,6520000
2022-04-28 14:25:43.060000,1.31143,1.31135,1320000,1500000
2022-04-28 14:25:43.111000,1.31143,1.31135,1320000,2100000
2022-04-28 14:25:43.594000,1.31144,1.31137,1200000,3820000
2022-04-28 14:25:43.645000,1.31147,1.31138,1320000,1570000
2022-04-28 14:25:43.747000,1.31147,1.31139,1320000,1340000
2022-04-28 14:25:45.173000,1.31148,1.31139,2040000,3670000
2022-04-28 14:25:45.276000,1.31148,1.31138,1320000,1570000
2022-04-28 14:25:46.365000,1.31148,1.31139,1320000,4420000
2022-04-28 14:25:46.467000,1.31148,1.3114,1320000,1640000
2022-04-28 14:25:47.549000,1.31148,1.31141,2040000,1500000
2022-04-28 14:25:47.651000,1.31142,1.31138,1320000,1200000
2022-04-28 14:25:47.703000,1.31141,1.31134,1880000,1800000
2022-04-28 14:25:47.805000,1.3114,1.31132,1320000,1570000
2022-04-28 14:25:47.957000,1.3114,1.31132,2040000,1500000
2022-04-28 14:25:48.059000,1.31139,1.31132,1320000,1500000
2022-04-28 14:25:48.447000,1.31139,1.31131,2060000,2770000
2022-04-28 14:25:48.549000,1.31138,1.3113,2040000,2400000
2022-04-28 14:25:48.600000,1.31131,1.31127,2290000,2880000
2022-04-28 14:25:48.651000,1.31127,1.31122,7250000,1200000
2022-04-28 14:25:48.703000,1.31127,1.31118,4280000,2400000
2022-04-28 14:25:48.805000,1.3113,1.31121,2520000,2930000
2022-04-28 14:25:48.907000,1.31132,1.3112,1880000,5470000
2022-04-28 14:25:49.009000,1.31131,1.31123,1880000,1500000
2022-04-28 14:25:49.314000,1.31132,1.31124,1880000,1500000
2022-04-28 14:25:49.547000,1.31134,1.31129,1800000,5700000
2022-04-28 14:25:49.598000,1.31137,1.31129,3860000,1200000
2022-04-28 14:25:49.701000,1.31136,1.31127,4580000,2700000
2022-04-28 14:25:49.752000,1.31134,1.31127,1200000,1200000
2022-04-28 14:25:49.854000,1.31135,1.31126,2520000,3370000
2022-04-28 14:25:50.159000,1.31133,1.31125,2520000,1800000
2022-04-28 14:25:50.260000,1.31134,1.31123,3420000,2920000
2022-04-28 14:25:50.913000,1.31135,1.31124,1920000,2700000
2022-04-28 14:25:50.964000,1.31134,1.31126,1440000,2100000
2022-04-28 14:25:51.095000,1.31133,1.31125,5220000,1340000
2022-04-28 14:25:51.146000,1.31134,1.31126,1880000,1340000
2022-04-28 14:25:51.708000,1.31133,1.31125,1320000,2240000
2022-04-28 14:25:51.861000,1.31133,1.31124,1920000,2240000
2022-04-28 14:25:53.426000,1.31127,1.31123,3860000,1200000
2022-04-28 14:25:53.529000,1.31124,1.31118,1440000,1340000
2022-04-28 14:25:53.580000,1.31124,1.31116,1440000,1340000
2022-04-28 14:25:53.732000,1.31122,1.31113,7020000,4380000
2022-04-28 14:25:53.834000,1.31117,1.31109,1920000,2100000
2022-04-28 14:25:54.014000,1.31117,1.31109,1440000,1500000
2022-04-28 14:25:54.274000,1.3112,1.3111,2340000,2100000
2022-04-28 14:25:54.326000,1.31121,1.31112,1880000,2470000
2022-04-28 14:25:54.377000,1.31121,1.31112,2960000,1340000
2022-04-28 14:25:54.479000,1.31121,1.31112,2060000,3140000
2022-04-28 14:25:54.830000,1.31119,1.3111,2960000,3440000
2022-04-28 14:25:54.932000,1.31117,1.31109,1340000,2020000
2022-04-28 14:25:55.136000,1.31108,1.31102,2220000,1940000
2022-04-28 14:25:55.187000,1.31108,1.31102,2220000,1200000
2022-04-28 14:25:55.238000,1.31108,1.311,2750000,2240000
2022-04-28 14:25:55.340000,1.31108,1.31099,3860000,1570000
2022-04-28 14:25:55.493000,1.31106,1.31099,2750000,2240000
2022-04-28 14:25:55.612000,1.31106,1.31098,2570000,2400000
2022-04-28 14:25:55.714000,1.31108,1.31103,1200000,1200000
2022-04-28 14:25:55.817000,1.31109,1.31101,2290000,1800000
2022-04-28 14:25:55.919000,1.31107,1.311,2780000,1200000
2022-04-28 14:25:56.100000,1.31107,1.31098,1880000,3670000
2022-04-28 14:25:56.235000,1.31106,1.31097,4990000,3490000
2022-04-28 14:25:56.337000,1.31106,1.31096,1320000,3040000
2022-04-28 14:25:56.491000,1.31107,1.31098,2960000,3370000
2022-04-28 14:25:56.745000,1.31107,1.311,1320000,1800000
2022-04-28 14:25:56.847000,1.3111,1.31105,1980000,1200000
2022-04-28 14:25:56.899000,1.31113,1.31104,4620000,3140000
2022-04-28 14:25:57.153000,1.31112,1.31104,1620000,1340000
2022-04-28 14:25:57.458000,1.31113,1.31105,1440000,1570000
2022-04-28 14:25:57.560000,1.31114,1.31105,2110000,1570000
2022-04-28 14:25:57.663000,1.31114,1.31106,2110000,1800000
2022-04-28 14:25:59.089000,1.31114,1.31105,3010000,2470000
2022-04-28 14:25:59.344000,1.31113,1.31105,1440000,1570000
2022-04-28 14:25:59.497000,1.31114,1.31105,6610000,2470000
2022-04-28 14:25:59.649000,1.31113,1.31105,1920000,1570000
2022-04-28 14:25:59.852000,1.31113,1.31104,1880000,2700000
2022-04-28 14:26:00.005000,1.31114,1.31106,2290000,1340000
2022-04-28 14:26:00.107000,1.31113,1.31104,3680000,2100000
2022-04-28 14:26:00.209000,1.31113,1.31105,1500000,2400000
2022-04-28 14:26:00.312000,1.31113,1.31102,2780000,4420000
2022-04-28 14:26:00.363000,1.31111,1.31102,1880000,2700000
2022-04-28 14:26:00.466000,1.31109,1.311,3240000,2840000
2022-04-28 14:26:00.517000,1.31108,1.311,1210000,1340000
2022-04-28 14:26:00.771000,1.31107,1.311,1500000,1340000
2022-04-28 14:26:00.873000,1.31108,1.31098,2180000,1340000
2022-04-28 14:26:01.085000,1.31106,1.31098,4160000,1800000
2022-04-28 14:26:01.187000,1.31106,1.31098,3260000,1340000
2022-04-28 14:26:01.289000,1.31107,1.31098,3240000,1500000
2022-04-28 14:26:01.442000,1.31105,1.31098,1200000,1640000
2022-04-28 14:26:01.618000,1.31104,1.31097,1440000,3190000
2022-04-28 14:26:01.771000,1.31106,1.31096,1670000,2240000
2022-04-28 14:26:01.959000,1.31104,1.31097,1500000,1800000
2022-04-28 14:26:02.061000,1.31104,1.31099,1200000,1500000
2022-04-28 14:26:02.214000,1.31107,1.31099,2340000,1500000
2022-04-28 14:26:02.803000,1.31107,1.311,1440000,1200000
2022-04-28 14:26:02.855000,1.3111,1.31102,3900000,4340000
2022-04-28 14:26:02.957000,1.31109,1.31102,1920000,1200000
2022-04-28 14:26:03.009000,1.31107,1.31102,2750000,1200000
2022-04-28 14:26:03.060000,1.31108,1.31097,2340000,3600000
2022-04-28 14:26:03.162000,1.31106,1.31099,1440000,2100000
2022-04-28 14:26:03.315000,1.31107,1.31104,1200000,1500000
2022-04-28 14:26:03.366000,1.31109,1.31102,1440000,2020000
2022-04-28 14:26:03.985000,1.3111,1.31103,3240000,1570000
2022-04-28 14:26:04.037000,1.31111,1.31104,2220000,1500000
2022-04-28 14:26:04.779000,1.31113,1.31104,2220000,2100000
2022-04-28 14:26:05.442000,1.31112,1.31105,2220000,1500000
2022-04-28 14:26:05.945000,1.31111,1.31101,1440000,2100000
2022-04-28 14:26:06.047000,1.31112,1.31105,6420000,1500000
2022-04-28 14:26:08.119000,1.31112,1.31107,1920000,1500000
2022-04-28 14:26:08.222000,1.31113,1.31109,1200000,3440000
2022-04-28 14:26:08.324000,1.31114,1.3111,1200000,1500000
2022-04-28 14:26:08.426000,1.31116,1.3111,1200000,2100000
2022-04-28 14:26:09.241000,1.31116,1.31112,1200000,2100000
2022-04-28 14:26:09.547000,1.31116,1.31111,1200000,6140000
2022-04-28 14:26:09.649000,1.31116,1.3111,1200000,2540000
2022-04-28 14:26:09.970000,1.31116,1.3111,1200000,2540000
2022-04-28 14:26:10.072000,1.31116,1.3111,1200000,2540000
2022-04-28 14:26:10.447000,1.31115,1.31108,3190000,3440000
2022-04-28 14:26:10.549000,1.31107,1.31104,2340000,1200000
2022-04-28 14:26:10.651000,1.31107,1.31104,5660000,1200000
2022-04-28 14:26:10.804000,1.31109,1.31104,2060000,1200000
2022-04-28 14:26:10.957000,1.31108,1.31105,4580000,1200000
2022-04-28 14:26:11.059000,1.31109,1.31105,1880000,1200000
2022-04-28 14:26:11.162000,1.31108,1.31104,2520000,1200000
2022-04-28 14:26:11.213000,1.31108,1.31099,9720000,2540000
2022-04-28 14:26:11.366000,1.31107,1.31104,1440000,1200000
2022-04-28 14:26:11.518000,1.31108,1.31104,2340000,1200000
2022-04-28 14:26:12.204000,1.3111,1.31105,2340000,1200000
2022-04-28 14:26:12.408000,1.31112,1.31106,2290000,1500000
2022-04-28 14:26:12.510000,1.31112,1.31105,2360000,2100000
2022-04-28 14:26:12.612000,1.3111,1.31105,1440000,1200000
2022-04-28 14:26:12.764000,1.31111,1.31105,1620000,2100000
2022-04-28 14:26:13.509000,1.31106,1.31105,1500000,1200000
2022-04-28 14:26:13.612000,1.31108,1.31105,2060000,1200000
2022-04-28 14:26:13.714000,1.31108,1.31105,1880000,1200000
2022-04-28 14:26:13.816000,1.31108,1.31104,2060000,1200000
2022-04-28 14:26:14.019000,1.31107,1.31099,1320000,1500000
2022-04-28 14:26:14.223000,1.31106,1.31098,1200000,4340000
2022-04-28 14:26:14.325000,1.31107,1.31098,2780000,4340000
2022-04-28 14:26:15.296000,1.31107,1.31104,1320000,1200000
2022-04-28 14:26:15.398000,1.31108,1.31105,1320000,1200000
2022-04-28 14:26:15.837000,1.31112,1.31105,1940000,3440000
2022-04-28 14:26:15.889000,1.31114,1.31108,1320000,1500000
2022-04-28 14:26:15.940000,1.31115,1.31107,2780000,2700000
2022-04-28 14:26:16.093000,1.31114,1.31107,1340000,1640000
2022-04-28 14:26:16.246000,1.31114,1.31106,2040000,3440000
2022-04-28 14:26:16.348000,1.31112,1.31106,1200000,1640000
2022-04-28 14:26:17.066000,1.31113,1.31106,1800000,2700000
2022-04-28 14:26:17.632000,1.31116,1.31112,1200000,1500000
2022-04-28 14:26:18.141000,1.31116,1.31111,1200000,2470000
2022-04-28 14:26:18.446000,1.31116,1.31111,1200000,4340000
2022-04-28 14:26:18.954000,1.31116,1.31111,1200000,4340000
2022-04-28 14:26:19.056000,1.31116,1.31112,1200000,3440000
2022-04-28 14:26:19.412000,1.3112,1.31113,5940000,1500000
2022-04-28 14:26:19.514000,1.31116,1.31112,1200000,5240000
2022-04-28 14:26:19.616000,1.3112,1.31112,1440000,5240000
2022-04-28 14:26:20.411000,1.31119,1.31111,1200000,3440000
2022-04-28 14:26:20.513000,1.31118,1.31111,1200000,1640000
2022-04-28 14:26:20.615000,1.31119,1.31111,1440000,4340000
2022-04-28 14:26:20.920000,1.3112,1.31111,1440000,1640000
2022-04-28 14:26:21.175000,1.31119,1.3111,1200000,3900000
2022-04-28 14:26:21.379000,1.31119,1.31112,1440000,2240000
2022-04-28 14:26:21.481000,1.3112,1.31112,1440000,5400000
2022-04-28 14:26:21.735000,1.31121,1.31111,1440000,3600000
2022-04-28 14:26:22.191000,1.3112,1.31111,1920000,6300000
2022-04-28 14:26:22.446000,1.31118,1.31111,1200000,2540000
2022-04-28 14:26:22.548000,1.3112,1.31112,1440000,2700000
2022-04-28 14:26:23.458000,1.31119,1.31111,1200000,4340000
2022-04-28 14:26:24.056000,1.3112,1.31112,1340000,1640000
2022-04-28 14:26:25.114000,1.31118,1.31111,1200000,6140000
2022-04-28 14:26:25.216000,1.31119,1.31111,1340000,3440000
2022-04-28 14:26:25.318000,1.31119,1.31112,1200000,2100000
2022-04-28 14:26:25.532000,1.3112,1.31112,1800000,2100000
2022-04-28 14:26:25.851000,1.31118,1.31111,1340000,2700000
2022-04-28 14:26:25.903000,1.31116,1.31109,3380000,3780000
2022-04-28 14:26:26.005000,1.31115,1.31108,2040000,1500000
2022-04-28 14:26:26.107000,1.31113,1.31107,1340000,1500000
2022-04-28 14:26:26.982000,1.31113,1.31106,1340000,2700000
2022-04-28 14:26:27.543000,1.31113,1.31106,1340000,3600000
2022-04-28 14:26:28.743000,1.31112,1.31106,1200000,1640000
2022-04-28 14:26:28.794000,1.31109,1.31104,2240000,2700000
2022-04-28 14:26:28.846000,1.311,1.31097,1200000,1870000
2022-04-28 14:26:28.925000,1.31098,1.31095,1800000,1200000
2022-04-28 14:26:28.977000,1.31101,1.31096,1200000,2100000
2022-04-28 14:26:29.028000,1.31103,1.31096,1200000,1500000
2022-04-28 14:26:29.130000,1.311,1.31095,1340000,1800000
2022-04-28 14:26:29.182000,1.311,1.31092,1340000,3670000
2022-04-28 14:26:29.284000,1.311,1.31092,1340000,3370000
2022-04-28 14:26:29.386000,1.311,1.31093,1200000,1500000
2022-04-28 14:26:29.488000,1.31103,1.31096,1200000,1640000
2022-04-28 14:26:30.048000,1.31102,1.31095,1200000,2770000
2022-04-28 14:26:30.151000,1.31098,1.31093,1200000,2880000
2022-04-28 14:26:30.253000,1.31099,1.3109,1200000,1640000
2022-04-28 14:26:30.304000,1.31097,1.31089,1340000,2540000
2022-04-28 14:26:30.406000,1.31096,1.31089,1200000,1640000
2022-04-28 14:26:30.813000,1.31096,1.31089,1200000,3440000
2022-04-28 14:26:30.915000,1.31097,1.31089,1200000,3520000
2022-04-28 14:26:31.017000,1.31097,1.31089,1880000,2470000
2022-04-28 14:26:31.069000,1.31096,1.31086,1340000,5240000
2022-04-28 14:26:32.087000,1.31094,1.31087,1200000,2920000
2022-04-28 14:26:32.239000,1.31095,1.31087,2240000,1800000
2022-04-28 14:26:33.222000,1.31099,1.31093,1800000,2700000
2022-04-28 14:26:33.324000,1.31103,1.31097,1200000,1570000
2022-04-28 14:26:33.426000,1.31103,1.31096,1800000,1800000
2022-04-28 14:26:33.528000,1.31103,1.31095,1200000,2240000
2022-04-28 14:26:33.908000,1.31102,1.31094,1200000,1570000
2022-04-28 14:26:34.162000,1.31102,1.31094,2060000,1340000
2022-04-28 14:26:35.633000,1.31102,1.31095,1200000,3140000
2022-04-28 14:26:35.938000,1.31103,1.31094,1200000,4420000
2022-04-28 14:26:36.040000,1.31104,1.31095,1200000,1570000
2022-04-28 14:26:36.477000,1.31102,1.31094,1200000,8020000
2022-04-28 14:26:36.579000,1.31103,1.31095,1340000,2470000
2022-04-28 14:26:36.681000,1.31103,1.31095,1200000,3520000
2022-04-28 14:26:37.888000,1.31102,1.31094,1880000,6140000
2022-04-28 14:26:37.990000,1.31102,1.31094,1880000,2240000
2022-04-28 14:26:38.628000,1.31102,1.31094,2060000,2240000
2022-04-28 14:26:38.831000,1.31102,1.31094,1880000,2470000
2022-04-28 14:26:38.937000,1.31101,1.31093,1200000,6670000
2022-04-28 14:26:39.039000,1.31097,1.31092,1200000,2700000
2022-04-28 14:26:39.141000,1.3109,1.31083,1200000,4870000
2022-04-28 14:26:39.244000,1.31091,1.31083,1880000,2540000
2022-04-28 14:26:39.346000,1.3109,1.31083,1200000,1340000
2022-04-28 14:26:39.448000,1.31089,1.31082,1200000,2400000
2022-04-28 14:26:39.550000,1.31088,1.31082,1200000,1800000
2022-04-28 14:26:40.057000,1.31087,1.31081,1200000,2540000
2022-04-28 14:26:40.160000,1.31088,1.31081,1800000,1340000
2022-04-28 14:26:41.508000,1.31088,1.31081,1800000,4200000
2022-04-28 14:26:41.852000,1.31089,1.31084,1200000,1200000
2022-04-28 14:26:41.954000,1.3109,1.31084,1200000,1200000
2022-04-28 14:26:42.795000,1.3109,1.31083,3840000,2270000
2022-04-28 14:26:42.897000,1.31089,1.31082,2240000,1340000
2022-04-28 14:26:42.999000,1.31088,1.31081,2240000,2240000
2022-04-28 14:26:43.101000,1.31087,1.31081,1800000,1800000
2022-04-28 14:26:43.207000,1.31087,1.3108,1800000,2100000
2022-04-28 14:26:43.410000,1.31087,1.3108,2240000,2240000
2022-04-28 14:26:43.563000,1.31087,1.3108,1800000,2100000
2022-04-28 14:26:43.919000,1.31089,1.31082,1800000,1200000
2022-04-28 14:26:44.022000,1.31088,1.3108,1340000,2770000
2022-04-28 14:26:44.123000,1.31088,1.3108,2240000,2470000
2022-04-28 14:26:44.483000,1.31088,1.3108,2240000,2770000
2022-04-28 14:26:44.822000,1.31088,1.3108,2240000,3370000
2022-04-28 14:26:44.961000,1.31088,1.31081,1800000,2240000
2022-04-28 14:26:45.165000,1.31088,1.31084,1200000,1200000
2022-04-28 14:26:45.216000,1.31088,1.31081,1800000,2400000
2022-04-28 14:26:45.369000,1.31088,1.3108,1800000,3520000
2022-04-28 14:26:45.471000,1.31087,1.3108,1200000,2100000
2022-04-28 14:26:46.464000,1.31086,1.3108,1200000,2400000
2022-04-28 14:26:46.777000,1.31085,1.31079,1200000,1200000
2022-04-28 14:26:46.828000,1.31083,1.31079,2520000,1200000
2022-04-28 14:26:46.879000,1.31083,1.31076,2520000,1800000
2022-04-28 14:26:47.136000,1.31081,1.31075,1200000,1800000
2022-04-28 14:26:47.689000,1.31083,1.31076,2340000,1800000
2022-04-28 14:26:47.842000,1.31084,1.31077,2340000,1340000
2022-04-28 14:26:48.308000,1.31083,1.31076,1200000,2700000
2022-04-28 14:26:48.410000,1.31084,1.31077,1440000,4040000
2022-04-28 14:26:51.535000,1.31084,1.31078,1200000,1200000
2022-04-28 14:26:53.001000,1.31084,1.31077,1200000,1200000
2022-04-28 14:26:53.103000,1.31085,1.31077,1340000,1200000
2022-04-28 14:26:58.287000,1.31085,1.31076,3680000,3140000
2022-04-28 14:26:58.389000,1.31083,1.31077,1200000,3140000
2022-04-28 14:26:58.533000,1.31076,1.31073,1880000,1980000
2022-04-28 14:26:58.585000,1.31075,1.31069,1200000,2100000
2022-04-28 14:26:59.338000,1.31076,1.31068,2400000,1200000
2022-04-28 14:26:59.389000,1.31069,1.31064,1740000,2030000
2022-04-28 14:26:59.441000,1.3107,1.31064,1440000,3370000
2022-04-28 14:26:59.644000,1.3107,1.31065,2340000,1200000
2022-04-28 14:26:59.857000,1.31069,1.31065,1200000,1200000
2022-04-28 14:27:00.134000,1.31069,1.31063,1200000,2100000
2022-04-28 14:27:00.947000,1.31072,1.31066,1200000,3740000
2022-04-28 14:27:01.049000,1.31071,1.31066,1200000,2240000
2022-04-28 14:27:01.492000,1.31074,1.31066,1200000,2100000
2022-04-28 14:27:01.594000,1.31072,1.31067,1200000,4040000
2022-04-28 14:27:01.696000,1.31073,1.31067,1200000,3070000
2022-04-28 14:27:01.899000,1.31073,1.31067,1200000,2170000
2022-04-28 14:27:02.001000,1.31074,1.31069,1200000,1340000
2022-04-28 14:27:02.136000,1.31076,1.3107,1200000,1570000
2022-04-28 14:27:02.514000,1.31076,1.31072,1200000,1200000
2022-04-28 14:27:02.616000,1.31078,1.31072,1880000,1200000
2022-04-28 14:27:02.769000,1.31077,1.31071,1200000,2240000
2022-04-28 14:27:04.037000,1.31077,1.31072,1200000,1200000
2022-04-28 14:27:04.341000,1.31077,1.31071,1200000,2470000
2022-04-28 14:27:05.334000,1.31077,1.31072,1200000,1200000
2022-04-28 14:27:05.465000,1.31076,1.31072,1340000,1200000
2022-04-28 14:27:05.567000,1.31076,1.31069,1440000,3520000
2022-04-28 14:27:05.669000,1.31076,1.3107,1200000,1800000
2022-04-28 14:27:05.926000,1.31076,1.31071,1200000,1800000
2022-04-28 14:27:06.028000,1.31077,1.31069,1200000,2400000
2022-04-28 14:27:07.833000,1.31076,1.31071,1200000,2630000
2022-04-28 14:27:08.169000,1.31076,1.31071,1200000,1340000
2022-04-28 14:27:09.976000,1.31075,1.31069,1200000,1570000
2022-04-28 14:27:10.180000,1.31076,1.31069,2780000,1340000
2022-04-28 14:27:10.282000,1.31076,1.3107,1800000,4200000
2022-04-28 14:27:11.204000,1.31072,1.31067,1200000,3140000
2022-04-28 14:27:11.306000,1.31072,1.31066,1440000,1800000
2022-04-28 14:27:11.611000,1.31073,1.31064,2240000,2100000
2022-04-28 14:27:11.713000,1.31071,1.31064,1880000,1800000
2022-04-28 14:27:11.916000,1.3107,1.31064,1200000,1800000
2022-04-28 14:27:12.485000,1.31073,1.31068,1200000,5100000
2022-04-28 14:27:12.587000,1.31076,1.3107,2780000,1800000
2022-04-28 14:27:12.689000,1.31074,1.31067,2780000,1800000
2022-04-28 14:27:12.791000,1.31073,1.31066,2780000,1940000
2022-04-28 14:27:12.893000,1.31072,1.31066,1200000,1800000
2022-04-28 14:27:12.995000,1.31073,1.31065,1340000,1340000
2022-04-28 14:27:13.401000,1.31073,1.31066,1200000,5100000
2022-04-28 14:27:13.503000,1.31074,1.31066,3680000,4200000
2022-04-28 14:27:13.706000,1.31073,1.31066,1200000,3300000
2022-04-28 14:27:14.214000,1.31074,1.31065,1200000,1800000
2022-04-28 14:27:14.671000,1.31074,1.31069,1200000,2100000
2022-04-28 14:27:14.723000,1.31076,1.31069,1800000,3530000
2022-04-28 14:27:15.539000,1.31077,1.31069,3240000,2620000
2022-04-28 14:27:16.070000,1.31077,1.3107,2780000,2400000
2022-04-28 14:27:16.172000,1.31078,1.31069,1200000,4420000
2022-04-28 14:27:16.274000,1.31078,1.31071,3240000,1800000
2022-04-28 14:27:16.500000,1.31077,1.31071,1200000,1800000
2022-04-28 14:27:18.152000,1.31084,1.31078,2960000,1800000
2022-04-28 14:27:18.254000,1.31084,1.31078,1440000,1200000
2022-04-28 14:27:18.508000,1.31086,1.31079,1800000,2240000
2022-04-28 14:27:18.610000,1.31086,1.31079,1200000,2240000
2022-04-28 14:27:18.712000,1.31088,1.31081,1200000,4720000
2022-04-28 14:27:19.590000,1.31089,1.31083,1440000,1340000
2022-04-28 14:27:19.743000,1.31088,1.31082,1200000,1570000
2022-04-28 14:27:20.397000,1.31089,1.31081,1880000,2620000
2022-04-28 14:27:20.702000,1.3109,1.31082,1440000,3300000
2022-04-28 14:27:20.911000,1.31089,1.31083,1440000,1200000
2022-04-28 14:27:21.013000,1.31089,1.31082,1440000,1340000
2022-04-28 14:27:21.216000,1.31088,1.31081,1340000,2920000
2022-04-28 14:27:21.318000,1.31088,1.31081,1440000,2620000
2022-04-28 14:27:21.692000,1.31089,1.31081,1880000,3970000
2022-04-28 14:27:21.794000,1.3109,1.31083,1320000,4870000
2022-04-28 14:27:22.169000,1.3109,1.31083,1440000,2470000
2022-04-28 14:27:22.272000,1.3109,1.31083,1460000,1570000
2022-04-28 14:27:22.795000,1.31091,1.31082,1320000,5770000
2022-04-28 14:27:23.004000,1.31089,1.31083,1880000,1800000
2022-04-28 14:27:23.118000,1.31089,1.31081,1880000,4500000
2022-04-28 14:27:25.355000,1.31089,1.31083,1440000,1570000
2022-04-28 14:27:25.467000,1.31092,1.31084,1880000,3140000
2022-04-28 14:27:25.779000,1.31092,1.31084,3980000,5170000
2022-04-28 14:27:25.881000,1.31091,1.31085,3680000,4940000
2022-04-28 14:27:26.667000,1.31091,1.31084,1200000,4040000
2022-04-28 14:27:27.161000,1.3109,1.31086,1200000,1200000
2022-04-28 14:27:27.217000,1.31097,1.31091,1880000,2470000
2022-04-28 14:27:27.522000,1.31096,1.31089,1340000,1200000
2022-04-28 14:27:27.625000,1.31095,1.31089,1340000,1200000
2022-04-28 14:27:28.470000,1.31096,1.31089,1340000,1340000
2022-04-28 14:27:28.851000,1.31096,1.31088,1200000,2240000
2022-04-28 14:27:28.953000,1.31095,1.31088,1340000,2470000
2022-04-28 14:27:29.791000,1.31094,1.31088,2780000,1500000
2022-04-28 14:27:29.843000,1.31091,1.31085,2240000,1800000
2022-04-28 14:27:29.945000,1.3109,1.31085,1880000,1200000
2022-04-28 14:27:30.047000,1.31088,1.31085,1200000,1200000
2022-04-28 14:27:30.250000,1.31087,1.31084,1200000,1200000
2022-04-28 14:27:30.353000,1.31084,1.31077,2960000,1640000
2022-04-28 14:27:30.404000,1.3108,1.31076,4500000,3000000
2022-04-28 14:27:30.455000,1.31078,1.31075,1200000,3600000
2022-04-28 14:27:30.558000,1.31077,1.31075,4500000,3600000
2022-04-28 14:27:30.609000,1.31079,1.31075,1200000,5330000
2022-04-28 14:27:30.675000,1.31084,1.31075,2810000,2700000
2022-04-28 14:27:30.946000,1.31082,1.31075,1320000,4730000
2022-04-28 14:27:31.099000,1.31084,1.31076,1820000,6300000
2022-04-28 14:27:31.202000,1.31086,1.31078,1440000,2700000
2022-04-28 14:27:31.811000,1.31088,1.31078,1200000,4040000
2022-04-28 14:27:31.862000,1.3109,1.31083,1440000,1500000
2022-04-28 14:27:31.964000,1.31089,1.31083,1200000,1200000
2022-04-28 14:27:32.066000,1.31089,1.31082,1200000,4040000
2022-04-28 14:27:34.168000,1.31091,1.31083,1340000,11350000
2022-04-28 14:27:34.270000,1.3109,1.31083,1320000,2240000
2022-04-28 14:27:34.423000,1.31088,1.31082,1200000,1340000
2022-04-28 14:27:34.750000,1.3109,1.3108,1200000,2620000
2022-04-28 14:27:35.359000,1.31087,1.3108,1200000,2620000
2022-04-28 14:27:35.410000,1.31086,1.31079,1340000,1570000
2022-04-28 14:27:35.563000,1.31088,1.3108,2240000,2620000
2022-04-28 14:27:37.407000,1.31086,1.31079,1340000,2240000
2022-04-28 14:27:37.559000,1.31086,1.31079,1200000,1800000
2022-04-28 14:27:38.953000,1.31089,1.31082,1340000,3370000
2022-04-28 14:27:39.703000,1.31089,1.31083,1340000,1200000
2022-04-28 14:27:40.104000,1.3109,1.31082,2040000,1570000
2022-04-28 14:27:40.731000,1.31086,1.31081,1800000,1800000
2022-04-28 14:27:40.833000,1.31081,1.31075,2180000,3830000
2022-04-28 14:27:41.725000,1.31083,1.31078,2270000,1340000
2022-04-28 14:27:41.826000,1.31084,1.31076,1200000,5400000
2022-04-28 14:27:41.929000,1.31086,1.31078,1500000,3600000
2022-04-28 14:27:42.030000,1.31087,1.31079,1740000,2700000
2022-04-28 14:27:42.082000,1.31088,1.31079,2110000,2700000
2022-04-28 14:27:42.184000,1.31089,1.31079,1200000,4500000
2022-04-28 14:27:42.235000,1.31092,1.31087,7000000,2470000
2022-04-28 14:27:42.286000,1.31094,1.31087,1200000,2540000
2022-04-28 14:27:42.388000,1.31093,1.31087,1200000,1570000
2022-04-28 14:27:42.642000,1.31094,1.31087,1200000,2030000
2022-04-28 14:27:42.744000,1.31096,1.31087,5040000,4340000
2022-04-28 14:27:42.796000,1.31096,1.31089,1200000,1500000
2022-04-28 14:27:43.114000,1.31096,1.31088,1320000,1640000
2022-04-28 14:27:43.216000,1.31095,1.31088,1200000,1640000
2022-04-28 14:27:43.789000,1.31096,1.31088,1440000,3440000
2022-04-28 14:27:44.074000,1.31095,1.31087,1200000,2540000
2022-04-28 14:27:44.176000,1.31095,1.31087,2340000,2470000
2022-04-28 14:27:44.880000,1.31096,1.31087,1440000,2700000
2022-04-28 14:27:44.983000,1.31098,1.31091,1800000,1640000
2022-04-28 14:27:45.085000,1.31098,1.31093,1200000,3000000
2022-04-28 14:27:45.413000,1.311,1.31092,2520000,2470000
2022-04-28 14:27:45.616000,1.31099,1.31091,2060000,2240000
2022-04-28 14:27:45.719000,1.311,1.31091,2520000,4270000
2022-04-28 14:27:45.821000,1.31101,1.31092,2340000,2700000
2022-04-28 14:27:46.339000,1.31101,1.31092,2520000,2700000
2022-04-28 14:27:48.101000,1.31102,1.31094,1440000,1800000
2022-04-28 14:27:49.505000,1.31099,1.31093,1340000,1200000
2022-04-28 14:27:49.607000,1.311,1.31092,2340000,3370000
2022-04-28 14:27:49.709000,1.31102,1.31093,1200000,3140000
2022-04-28 14:27:49.811000,1.31104,1.31097,1200000,1640000
2022-04-28 14:27:49.913000,1.31106,1.31098,2780000,3600000
2022-04-28 14:27:50.607000,1.31106,1.31098,2940000,3370000
2022-04-28 14:27:50.760000,1.31104,1.31097,1340000,1570000
2022-04-28 14:27:50.933000,1.31106,1.31098,3680000,2540000
2022-04-28 14:27:51.091000,1.31107,1.31102,1800000,2630000
2022-04-28 14:27:51.145000,1.3111,1.31102,2340000,4420000
2022-04-28 14:27:51.247000,1.31109,1.31102,1340000,1570000
2022-04-28 14:27:51.958000,1.3111,1.31103,1340000,1200000
2022-04-28 14:27:52.480000,1.31112,1.31103,3840000,1570000
2022-04-28 14:27:52.738000,1.31113,1.31105,1200000,3600000
2022-04-28 14:27:52.840000,1.31114,1.31105,1340000,5400000
2022-04-28 14:27:52.942000,1.31113,1.31105,1200000,3600000
2022-04-28 14:27:54.041000,1.31115,1.31109,1200000,3900000
2022-04-28 14:27:54.093000,1.31117,1.31109,1320000,3370000
2022-04-28 14:27:54.144000,1.31115,1.31109,1880000,1200000
2022-04-28 14:27:54.195000,1.31115,1.31106,1880000,5020000
2022-04-28 14:27:54.297000,1.31114,1.31106,1200000,4720000
2022-04-28 14:27:54.450000,1.31113,1.31106,1880000,1500000
2022-04-28 14:27:54.856000,1.31113,1.31105,1880000,2470000
2022-04-28 14:27:54.958000,1.31114,1.31105,2040000,4500000
2022-04-28 14:27:55.589000,1.31115,1.31106,2040000,4500000
2022-04-28 14:27:55.894000,1.31117,1.31108,2040000,3520000
2022-04-28 14:27:55.996000,1.31117,1.31108,1440000,3520000
2022-04-28 14:27:56.098000,1.31115,1.31108,1880000,2240000
2022-04-28 14:27:56.199000,1.31115,1.31106,2040000,2700000
2022-04-28 14:27:57.071000,1.31113,1.31106,1200000,2100000
2022-04-28 14:27:57.122000,1.31112,1.31105,1880000,1340000
2022-04-28 14:27:57.579000,1.31112,1.31104,2940000,1500000
2022-04-28 14:27:57.986000,1.31105,1.31102,2240000,1800000
2022-04-28 14:27:58.038000,1.31105,1.31098,1340000,1200000
2022-04-28 14:27:58.140000,1.31105,1.31096,1880000,4500000
2022-04-28 14:27:58.242000,1.31105,1.31098,1200000,3070000
2022-04-28 14:27:58.293000,1.31108,1.31098,2340000,3370000
2022-04-28 14:27:58.396000,1.31107,1.311,1200000,2470000
2022-04-28 14:27:58.498000,1.31106,1.31099,1440000,1200000
2022-04-28 14:27:58.601000,1.31105,1.31097,1880000,1570000
2022-04-28 14:27:58.804000,1.31104,1.31096,1440000,2470000
2022-04-28 14:27:58.957000,1.31104,1.31096,1200000,3520000
2022-04-28 14:28:00.122000,1.31104,1.31096,2240000,2470000
2022-04-28 14:28:00.401000,1.31101,1.31095,1800000,3600000
2022-04-28 14:28:00.452000,1.31098,1.31091,1200000,1800000
2022-04-28 14:28:00.554000,1.311,1.31092,2040000,1800000
2022-04-28 14:28:00.657000,1.311,1.31091,2940000,2920000
2022-04-28 14:28:00.809000,1.31097,1.31091,1880000,1570000
2022-04-28 14:28:00.911000,1.31099,1.3109,6380000,4500000
2022-04-28 14:28:01.013000,1.31099,1.31091,1340000,1640000
2022-04-28 14:28:02.394000,1.311,1.31092,1340000,2630000
2022-04-28 14:28:02.547000,1.31099,1.31092,1340000,1570000
2022-04-28 14:28:04.639000,1.31097,1.31089,1340000,3070000
2022-04-28 14:28:04.742000,1.31091,1.31083,3140000,1800000
2022-04-28 14:28:04.844000,1.31091,1.31083,1340000,2540000
2022-04-28 14:28:04.946000,1.31091,1.31083,1340000,2470000
2022-04-28 14:28:05.301000,1.3109,1.31083,1440000,1340000
2022-04-28 14:28:05.429000,1.31088,1.3108,1200000,2700000
2022-04-28 14:28:06.168000,1.3109,1.31081,6980000,4370000
2022-04-28 14:28:06.603000,1.31088,1.31081,1200000,3370000
2022-04-28 14:28:07.208000,1.31088,1.3108,1800000,2470000
2022-04-28 14:28:07.310000,1.31086,1.31078,1200000,3680000
2022-04-28 14:28:07.665000,1.31086,1.31078,2240000,4140000
2022-04-28 14:28:08.741000,1.31086,1.31079,1340000,1640000
2022-04-28 14:28:09.096000,1.31086,1.31079,1200000,2780000
2022-04-28 14:28:09.147000,1.31088,1.31081,1340000,2540000
2022-04-28 14:28:09.300000,1.31089,1.31082,2240000,1570000
2022-04-28 14:28:09.693000,1.3109,1.31084,3600000,1640000
2022-04-28 14:28:09.795000,1.3109,1.31082,1200000,6840000
2022-04-28 14:28:09.947000,1.31088,1.31082,1200000,1570000
2022-04-28 14:28:10.050000,1.31087,1.31079,3240000,3070000
2022-04-28 14:28:10.202000,1.31086,1.31079,1340000,1500000
2022-04-28 14:28:10.304000,1.31086,1.31077,1340000,1570000
2022-04-28 14:28:10.765000,1.31087,1.31077,1340000,4140000
2022-04-28 14:28:10.816000,1.31086,1.31079,1340000,3080000
2022-04-28 14:28:10.868000,1.31088,1.3108,2240000,3980000
2022-04-28 14:28:10.970000,1.3109,1.31082,4040000,5940000
2022-04-28 14:28:12.737000,1.31095,1.31087,2700000,5780000
2022-04-28 14:28:12.839000,1.31095,1.3109,1200000,1500000
2022-04-28 14:28:12.941000,1.31096,1.31091,1200000,1500000
2022-04-28 14:28:12.992000,1.31099,1.31092,2700000,5940000
2022-04-28 14:28:13.095000,1.31099,1.31092,1200000,3080000
2022-04-28 14:28:13.146000,1.31101,1.31094,1800000,1620000
2022-04-28 14:28:13.248000,1.31103,1.31096,1200000,2180000
2022-04-28 14:28:14.594000,1.31104,1.31096,2240000,3980000
2022-04-28 14:28:14.697000,1.31107,1.31101,1800000,1640000
2022-04-28 14:28:14.799000,1.31109,1.31101,1200000,4580000
2022-04-28 14:28:15.357000,1.3111,1.31103,2240000,3000000
2022-04-28 14:28:15.499000,1.31111,1.31105,1200000,1500000
2022-04-28 14:28:15.601000,1.31113,1.31105,1340000,4440000
2022-04-28 14:28:15.805000,1.31114,1.31105,2940000,2640000
2022-04-28 14:28:15.958000,1.31114,1.31105,3240000,2640000
2022-04-28 14:28:16.263000,1.31117,1.3111,4040000,4580000
2022-04-28 14:28:16.416000,1.31118,1.31109,2360000,2920000
2022-04-28 14:28:16.518000,1.31118,1.31109,3420000,1500000
2022-04-28 14:28:16.620000,1.31118,1.31109,2520000,1500000
2022-04-28 14:28:16.722000,1.31118,1.3111,2340000,1200000
2022-04-28 14:28:16.824000,1.31117,1.31109,1440000,3220000
2022-04-28 14:28:16.926000,1.31116,1.31109,2340000,2020000
2022-04-28 14:28:17.079000,1.31118,1.31109,5940000,2570000
2022-04-28 14:28:17.182000,1.31123,1.31116,1200000,3000000
2022-04-28 14:28:17.284000,1.31123,1.31115,1320000,1500000
2022-04-28 14:28:17.488000,1.31124,1.31115,1200000,2100000
2022-04-28 14:28:17.539000,1.31125,1.31118,1800000,1500000
2022-04-28 14:28:17.641000,1.31126,1.31118,1200000,3460000
2022-04-28 14:28:17.895000,1.31123,1.31116,1200000,2020000
2022-04-28 14:28:17.998000,1.31122,1.31114,2340000,2540000
2022-04-28 14:28:18.100000,1.31125,1.31116,4760000,2220000
2022-04-28 14:28:18.304000,1.31126,1.31118,3680000,2100000
2022-04-28 14:28:18.406000,1.31123,1.31115,2340000,2780000
2022-04-28 14:28:18.508000,1.31123,1.31112,1440000,2100000
2022-04-28 14:28:18.610000,1.31126,1.31117,4140000,3240000
2022-04-28 14:28:18.713000,1.31124,1.31117,1440000,2100000
2022-04-28 14:28:18.917000,1.31123,1.31115,1440000,4040000
2022-04-28 14:28:19.019000,1.31122,1.31114,1200000,3980000
2022-04-28 14:28:19.121000,1.31123,1.31114,2340000,3980000
2022-04-28 14:28:19.172000,1.31125,1.31115,1880000,3540000
2022-04-28 14:28:19.273000,1.31124,1.31116,1880000,4140000
2022-04-28 14:28:19.375000,1.31125,1.31118,1800000,1640000
2022-04-28 14:28:19.482000,1.31126,1.31118,1440000,2470000
2022-04-28 14:28:19.686000,1.31126,1.31118,1200000,2180000
2022-04-28 14:28:19.738000,1.31132,1.31124,3140000,1500000
2022-04-28 14:28:19.789000,1.31131,1.31124,2700000,1620000
2022-04-28 14:28:19.891000,1.31133,1.31124,9080000,2100000
2022-04-28 14:28:19.942000,1.31131,1.31124,1200000,1500000
2022-04-28 14:28:19.994000,1.3113,1.31123,1800000,1800000
2022-04-28 14:28:20.095000,1.31131,1.31122,8640000,1670000
2022-04-28 14:28:20.198000,1.31131,1.31124,1800000,1500000
2022-04-28 14:28:20.300000,1.31132,1.31123,2780000,3980000
2022-04-28 14:28:20.402000,1.31131,1.31123,2340000,2620000
2022-04-28 14:28:20.555000,1.31133,1.31125,3720000,1500000
2022-04-28 14:28:20.658000,1.31138,1.3113,1200000,2110000
2022-04-28 14:28:20.709000,1.31139,1.31131,3600000,1500000
2022-04-28 14:28:20.964000,1.3114,1.31131,1200000,3560000
2022-04-28 14:28:21.319000,1.3114,1.31132,1200000,2220000
2022-04-28 14:28:21.421000,1.31142,1.31134,2700000,1340000
2022-04-28 14:28:21.473000,1.31142,1.31136,1800000,3540000
2022-04-28 14:28:21.524000,1.31144,1.31136,1200000,2560000
2022-04-28 14:28:21.829000,1.31145,1.31136,3140000,2560000
2022-04-28 14:28:21.931000,1.31145,1.31137,2240000,1570000
2022-04-28 14:28:21.983000,1.31143,1.31135,1340000,1500000
2022-04-28 14:28:22.085000,1.31141,1.31133,1800000,2110000
2022-04-28 14:28:22.187000,1.3114,1.31132,1200000,1740000
2022-04-28 14:28:22.289000,1.31142,1.31135,8100000,1740000
2022-04-28 14:28:22.399000,1.31142,1.31134,2240000,3680000
2022-04-28 14:28:22.653000,1.3114,1.31133,1800000,1620000
2022-04-28 14:28:22.755000,1.31138,1.31131,1200000,1500000
2022-04-28 14:28:22.807000,1.31133,1.3113,1200000,1200000
2022-04-28 14:28:22.909000,1.31134,1.31127,1800000,2180000
2022-04-28 14:28:23.011000,1.31134,1.31126,1800000,4360000
2022-04-28 14:28:23.113000,1.31134,1.31129,1200000,1210000
2022-04-28 14:28:23.165000,1.31137,1.31127,1800000,2220000
2022-04-28 14:28:23.216000,1.31133,1.31125,2700000,2560000
2022-04-28 14:28:23.268000,1.31133,1.31126,1800000,3010000
2022-04-28 14:28:23.370000,1.31135,1.31128,1200000,1670000
2022-04-28 14:28:23.473000,1.31136,1.31128,1200000,3490000
2022-04-28 14:28:23.574000,1.31136,1.31128,1200000,2560000
2022-04-28 14:28:23.778000,1.31131,1.31126,1200000,1740000
2022-04-28 14:28:23.829000,1.31131,1.31125,1200000,2880000
2022-04-28 14:28:23.932000,1.31133,1.31126,3600000,1800000
2022-04-28 14:28:24.034000,1.31135,1.31128,1200000,1340000
2022-04-28 14:28:24.136000,1.31136,1.31128,2240000,2780000
2022-04-28 14:28:24.288000,1.31136,1.31128,4040000,2180000
2022-04-28 14:28:24.391000,1.31132,1.31125,1200000,2180000
2022-04-28 14:28:24.493000,1.31133,1.31123,1200000,4240000
2022-04-28 14:28:24.544000,1.31137,1.31127,1800000,1200000
2022-04-28 14:28:24.900000,1.31132,1.31128,1200000,1500000
2022-04-28 14:28:24.951000,1.31132,1.31124,1200000,3380000
2022-04-28 14:28:25.104000,1.31132,1.31126,1200000,1620000
2022-04-28 14:28:25.206000,1.31133,1.31125,4040000,2360000
2022-04-28 14:28:25.359000,1.31136,1.31128,1200000,3050000
2022-04-28 14:28:25.620000,1.31137,1.31127,1200000,3560000
2022-04-28 14:28:25.723000,1.31134,1.31129,1200000,1500000
2022-04-28 14:28:25.825000,1.31134,1.31126,1200000,4620000
2022-04-28 14:28:25.877000,1.31132,1.31125,1200000,1210000
2022-04-28 14:28:26,1.31131,1.31124,1200000,2640000
2022-04-28 14:28:26.102000,1.31131,1.31123,1200000,3160000
2022-04-28 14:28:26.153000,1.31124,1.31118,1200000,4870000
2022-04-28 14:28:26.255000,1.31123,1.31115,1200000,6420000
2022-04-28 14:28:26.357000,1.31124,1.31116,1800000,1210000
2022-04-28 14:28:26.409000,1.31125,1.31117,4940000,1460000
2022-04-28 14:28:26.511000,1.31124,1.31117,1200000,1920000
2022-04-28 14:28:26.664000,1.31123,1.31117,1200000,2100000
2022-04-28 14:28:26.766000,1.31123,1.31116,1200000,2360000
2022-04-28 14:28:26.868000,1.31124,1.31114,1200000,5060000
2022-04-28 14:28:27.296000,1.31125,1.31119,1200000,1200000
2022-04-28 14:28:27.399000,1.31126,1.31118,1800000,3540000
2022-04-28 14:28:27.937000,1.31128,1.3112,2750000,3950000
2022-04-28 14:28:28.395000,1.31128,1.31122,1200000,1200000
2022-04-28 14:28:28.497000,1.31127,1.3112,1200000,1500000
2022-04-28 14:28:29.974000,1.31129,1.31125,1200000,1620000
2022-04-28 14:28:30.025000,1.31133,1.31124,1200000,2180000
2022-04-28 14:28:30.280000,1.31131,1.31123,1800000,3160000
2022-04-28 14:28:30.381000,1.31131,1.31123,1800000,1670000
2022-04-28 14:28:31.196000,1.3113,1.31123,1340000,1200000
2022-04-28 14:28:31.248000,1.31126,1.31118,1200000,3780000
2022-04-28 14:28:31.401000,1.31127,1.31119,2700000,3010000
2022-04-28 14:28:31.503000,1.31127,1.31119,1800000,3610000
2022-04-28 14:28:31.807000,1.31127,1.31119,1800000,3010000
2022-04-28 14:28:31.938000,1.31123,1.31116,2700000,1200000
2022-04-28 14:28:32.040000,1.31123,1.31116,1200000,2270000
2022-04-28 14:28:32.664000,1.31125,1.3112,2700000,2180000
2022-04-28 14:28:32.716000,1.31129,1.31122,1340000,1320000
2022-04-28 14:28:32.818000,1.31129,1.31122,1340000,1740000
2022-04-28 14:28:32.921000,1.3113,1.31122,1200000,4880000
2022-04-28 14:28:33.073000,1.3113,1.31123,1200000,1500000
2022-04-28 14:28:33.176000,1.31131,1.31124,1200000,2100000
2022-04-28 14:28:33.278000,1.31131,1.31124,1200000,1500000
2022-04-28 14:28:34.401000,1.31133,1.31125,1200000,1200000
2022-04-28 14:28:34.503000,1.31132,1.31125,1200000,2100000
2022-04-28 14:28:37.670000,1.31131,1.31125,1200000,1500000
2022-04-28 14:28:37.822000,1.31131,1.31125,1200000,1500000
2022-04-28 14:28:38.530000,1.31131,1.31124,1340000,1670000
2022-04-28 14:28:38.582000,1.31126,1.31123,1200000,1200000
2022-04-28 14:28:38.633000,1.31127,1.3112,4040000,1570000
2022-04-28 14:28:38.735000,1.31126,1.31121,1200000,2540000
2022-04-28 14:28:38.786000,1.31127,1.31118,1340000,3680000
2022-04-28 14:28:38.838000,1.31128,1.31121,3140000,1320000
2022-04-28 14:28:39.041000,1.31127,1.3112,1200000,4060000
2022-04-28 14:28:39.144000,1.31128,1.31121,1800000,3160000
2022-04-28 14:28:39.246000,1.31129,1.31122,1340000,1880000
2022-04-28 14:28:39.449000,1.31129,1.31123,1340000,2030000
2022-04-28 14:28:39.862000,1.31129,1.31122,1340000,1670000
2022-04-28 14:28:40.268000,1.3113,1.31122,2400000,3080000
2022-04-28 14:28:40.370000,1.3113,1.31123,1340000,1210000
2022-04-28 14:28:40.625000,1.31132,1.31122,2240000,4960000
2022-04-28 14:28:40.727000,1.31131,1.31124,1200000,4140000
2022-04-28 14:28:40.982000,1.31131,1.31124,1200000,5940000
2022-04-28 14:28:41.085000,1.31132,1.31126,1200000,1500000
2022-04-28 14:28:41.237000,1.3113,1.31125,1200000,1800000
2022-04-28 14:28:41.340000,1.3113,1.31123,1200000,3980000
2022-04-28 14:28:41.441000,1.31131,1.31123,2240000,3980000
2022-04-28 14:28:41.750000,1.31131,1.31124,3300000,1200000
2022-04-28 14:28:41.852000,1.31131,1.31123,2400000,1570000
2022-04-28 14:28:43.319000,1.31133,1.31126,6480000,1500000
2022-04-28 14:28:43.421000,1.31132,1.31125,1200000,4440000
2022-04-28 14:28:43.524000,1.3113,1.31122,1200000,1660000
2022-04-28 14:28:45.278000,1.31129,1.31123,1200000,1620000
2022-04-28 14:28:45.380000,1.31132,1.31125,1200000,3540000
2022-04-28 14:28:46.781000,1.31135,1.31127,3300000,5940000
2022-04-28 14:28:46.884000,1.31137,1.31127,1800000,2100000
2022-04-28 14:28:48.079000,1.31139,1.31134,1200000,2100000
2022-04-28 14:28:48.181000,1.31139,1.31134,1200000,1500000
2022-04-28 14:28:49.437000,1.31138,1.31132,1200000,1200000
2022-04-28 14:28:49.539000,1.31138,1.31131,1200000,3080000
2022-04-28 14:28:49.590000,1.3114,1.31133,5840000,2340000
2022-04-28 14:28:51.614000,1.31139,1.31132,1800000,1920000
2022-04-28 14:28:52.015000,1.31139,1.31132,3740000,1200000
2022-04-28 14:28:52.066000,1.31133,1.3113,2700000,1200000
2022-04-28 14:28:52.118000,1.31131,1.31124,1340000,4580000
2022-04-28 14:28:52.220000,1.31129,1.31124,1340000,1880000
2022-04-28 14:28:52.322000,1.31129,1.31123,1340000,1500000
2022-04-28 14:28:52.424000,1.31132,1.31124,6900000,2040000
2022-04-28 14:28:52.526000,1.31132,1.31124,2400000,3380000
2022-04-28 14:28:52.730000,1.3113,1.31122,3140000,3160000
2022-04-28 14:28:52.832000,1.31129,1.31122,1340000,1340000
2022-04-28 14:28:52.934000,1.31128,1.31121,2240000,1320000
2022-04-28 14:28:53.036000,1.31128,1.31121,1340000,2960000
2022-04-28 14:28:53.291000,1.31128,1.31121,1340000,1880000
2022-04-28 14:28:54.007000,1.31128,1.3112,1800000,4210000
2022-04-28 14:28:54.058000,1.31123,1.31115,1200000,2400000
2022-04-28 14:28:54.110000,1.31123,1.31114,2240000,3460000
2022-04-28 14:28:54.161000,1.31122,1.31115,2240000,2940000
2022-04-28 14:28:54.263000,1.31119,1.31113,1200000,1500000
2022-04-28 14:28:54.365000,1.31115,1.31111,1200000,1200000
2022-04-28 14:28:54.467000,1.31115,1.31108,1200000,2480000
2022-04-28 14:28:54.772000,1.31114,1.31108,1200000,1800000
2022-04-28 14:28:54.874000,1.31113,1.31105,4040000,1340000
2022-04-28 14:28:54.925000,1.31113,1.31107,1200000,1200000
2022-04-28 14:28:55.027000,1.31114,1.31107,1340000,1200000
2022-04-28 14:28:55.515000,1.31116,1.31108,3180000,1880000
2022-04-28 14:28:55.617000,1.31116,1.31108,2700000,3680000
2022-04-28 14:28:55.719000,1.31114,1.31108,1200000,1200000
2022-04-28 14:28:55.821000,1.31114,1.31107,2240000,1320000
2022-04-28 14:28:56.484000,1.31119,1.31112,1940000,1440000
2022-04-28 14:28:56.586000,1.31119,1.31112,1800000,1210000
2022-04-28 14:28:56.688000,1.31118,1.31112,1200000,1200000
2022-04-28 14:28:58.042000,1.31118,1.31111,1200000,2470000
2022-04-28 14:28:58.607000,1.31113,1.3111,3140000,1200000
2022-04-28 14:28:58.709000,1.31115,1.31106,2040000,1200000
2022-04-28 14:28:58.811000,1.31112,1.31105,1340000,2400000
2022-04-28 14:28:58.862000,1.31109,1.31104,1800000,1200000
2022-04-28 14:28:58.914000,1.31108,1.31099,4040000,1800000
2022-04-28 14:28:59.016000,1.31108,1.311,2700000,3680000
2022-04-28 14:28:59.118000,1.31107,1.311,2700000,3140000
2022-04-28 14:28:59.272000,1.31106,1.31099,1200000,1940000
2022-04-28 14:28:59.323000,1.31107,1.31098,1200000,1340000
2022-04-28 14:28:59.475000,1.31105,1.31099,1200000,1200000
2022-04-28 14:28:59.780000,1.31105,1.31097,2340000,1200000
2022-04-28 14:29:00.410000,1.31106,1.31099,1200000,2030000
2022-04-28 14:29:00.512000,1.31106,1.311,1200000,1200000
2022-04-28 14:29:01.554000,1.31109,1.31102,2820000,1340000
2022-04-28 14:29:01.605000,1.31106,1.31099,1200000,1340000
2022-04-28 14:29:01.708000,1.31104,1.31097,1200000,1340000
2022-04-28 14:29:02.023000,1.31104,1.31096,1320000,1200000
2022-04-28 14:29:02.126000,1.31098,1.31094,2340000,1200000
2022-04-28 14:29:02.228000,1.31095,1.3109,1320000,1200000
2022-04-28 14:29:02.381000,1.31096,1.3109,1320000,1200000
2022-04-28 14:29:02.534000,1.31097,1.3109,1200000,1200000
2022-04-28 14:29:03.042000,1.31096,1.3109,1880000,1200000
2022-04-28 14:29:03.638000,1.31097,1.3109,1200000,2470000
2022-04-28 14:29:03.740000,1.31098,1.3109,1200000,6140000
2022-04-28 14:29:03.842000,1.31098,1.3109,1200000,5840000
2022-04-28 14:29:03.944000,1.31093,1.3109,1200000,1200000
2022-04-28 14:29:04.046000,1.31094,1.3109,1200000,1200000
2022-04-28 14:29:04.097000,1.31096,1.3109,1880000,1200000
2022-04-28 14:29:04.352000,1.31097,1.3109,1200000,1200000
2022-04-28 14:29:05.128000,1.31096,1.3109,1200000,1200000
2022-04-28 14:29:06.388000,1.31091,1.31087,2240000,1200000
2022-04-28 14:29:06.490000,1.31088,1.31082,1200000,6980000
2022-04-28 14:29:06.694000,1.31084,1.31081,1200000,1200000
2022-04-28 14:29:06.796000,1.31086,1.31079,1200000,5710000
2022-04-28 14:29:06.898000,1.31087,1.3108,1200000,5270000
2022-04-28 14:29:07.795000,1.31085,1.3108,1200000,3820000
2022-04-28 14:29:08.006000,1.31086,1.31081,1200000,5710000
2022-04-28 14:29:08.261000,1.31085,1.3108,1200000,7140000
2022-04-28 14:29:08.363000,1.31084,1.31079,1200000,5480000
2022-04-28 14:29:09.832000,1.31085,1.31081,1200000,5710000
2022-04-28 14:29:10.092000,1.31086,1.31081,1200000,4580000
2022-04-28 14:29:10.194000,1.31085,1.31081,1200000,5940000
2022-04-28 14:29:10.347000,1.31085,1.31081,1200000,5060000
2022-04-28 14:29:10.600000,1.31085,1.31081,1200000,4580000
2022-04-28 14:29:10.701000,1.31086,1.3108,1200000,4620000
2022-04-28 14:29:11.606000,1.31086,1.31081,1200000,4620000
2022-04-28 14:29:12.148000,1.31086,1.31081,1200000,4580000
2022-04-28 14:29:12.249000,1.31087,1.3108,1200000,4620000
2022-04-28 14:29:12.351000,1.31086,1.31081,1200000,4040000
2022-04-28 14:29:13.896000,1.31086,1.3108,1200000,4040000
2022-04-28 14:29:15.013000,1.31085,1.31078,1200000,1920000
2022-04-28 14:29:15.166000,1.31084,1.31079,1200000,2400000
2022-04-28 14:29:16.378000,1.31085,1.31078,1200000,4510000
2022-04-28 14:29:18.546000,1.31087,1.31083,1200000,1570000
2022-04-28 14:29:18.648000,1.31091,1.31086,1200000,1340000
2022-04-28 14:29:18.700000,1.31089,1.31082,1200000,2940000
2022-04-28 14:29:18.751000,1.31087,1.31081,1200000,3610000
2022-04-28 14:29:19.106000,1.31088,1.31081,1200000,4540000
2022-04-28 14:29:20.110000,1.31088,1.3108,1200000,2710000
2022-04-28 14:29:20.212000,1.31087,1.3108,1200000,2940000
2022-04-28 14:29:21.147000,1.31086,1.31079,1200000,3860000
2022-04-28 14:29:21.249000,1.31087,1.3108,1200000,1920000
2022-04-28 14:29:21.300000,1.31089,1.3108,1200000,3840000
2022-04-28 14:29:21.402000,1.31089,1.31083,1200000,2400000
2022-04-28 14:29:21.504000,1.31089,1.31083,1200000,1340000
2022-04-28 14:29:21.606000,1.31087,1.31079,1800000,5640000
2022-04-28 14:29:21.708000,1.31087,1.31081,1200000,2940000
2022-04-28 14:29:21.811000,1.31088,1.31082,1200000,1800000
2022-04-28 14:29:22.065000,1.31087,1.31081,1200000,1800000
2022-04-28 14:29:22.167000,1.31088,1.31078,1800000,2480000
2022-04-28 14:29:22.218000,1.31087,1.31081,1800000,1200000
2022-04-28 14:29:23.386000,1.31088,1.31082,1340000,1880000
2022-04-28 14:29:23.508000,1.31088,1.31082,1200000,1800000
2022-04-28 14:29:23.712000,1.31089,1.31083,1200000,1800000
2022-04-28 14:29:23.814000,1.31091,1.31083,1800000,6560000
2022-04-28 14:29:24.434000,1.31091,1.31085,1200000,1800000
2022-04-28 14:29:24.536000,1.31091,1.31085,1200000,1800000
2022-04-28 14:29:24.786000,1.31088,1.31083,1200000,2840000
2022-04-28 14:29:24.888000,1.31088,1.31083,1200000,1340000
2022-04-28 14:29:24.990000,1.31092,1.31086,3140000,1800000
2022-04-28 14:29:25.092000,1.31093,1.31085,1200000,2400000
2022-04-28 14:29:25.397000,1.3109,1.31084,1800000,1800000
2022-04-28 14:29:25.499000,1.31091,1.31083,2400000,2940000
2022-04-28 14:29:25.601000,1.31092,1.31084,1340000,1340000
2022-04-28 14:29:25.703000,1.31091,1.31085,1200000,1800000
2022-04-28 14:29:26.008000,1.31092,1.31086,1200000,1340000
2022-04-28 14:29:26.059000,1.31094,1.31087,1340000,1880000
2022-04-28 14:29:26.161000,1.31094,1.31087,1340000,2040000
2022-04-28 14:29:27.143000,1.31096,1.31087,1340000,2960000
2022-04-28 14:29:27.245000,1.31096,1.31089,1340000,1920000
2022-04-28 14:29:28.208000,1.31097,1.31089,2240000,2960000
2022-04-28 14:29:28.297000,1.31097,1.31092,1200000,1200000
2022-04-28 14:29:28.400000,1.31098,1.31091,1200000,3300000
2022-04-28 14:29:28.553000,1.31099,1.31092,1200000,2340000
2022-04-28 14:29:28.655000,1.31099,1.31092,1200000,2480000
2022-04-28 14:29:28.757000,1.311,1.31093,1800000,1340000
2022-04-28 14:29:28.910000,1.311,1.31094,1200000,1200000
2022-04-28 14:29:29.367000,1.31103,1.31094,1200000,1440000
2022-04-28 14:29:29.418000,1.31104,1.31097,1200000,1320000
2022-04-28 14:29:29.935000,1.31106,1.31099,2160000,1320000
2022-04-28 14:29:30.189000,1.31104,1.31099,1200000,2340000
2022-04-28 14:29:30.292000,1.31104,1.31098,1200000,1800000
2022-04-28 14:29:30.394000,1.31103,1.31098,1200000,1200000
2022-04-28 14:29:30.496000,1.31104,1.31099,1200000,1800000
2022-04-28 14:29:30.837000,1.31103,1.31099,1200000,2240000
2022-04-28 14:29:30.939000,1.31103,1.31098,1200000,1800000
2022-04-28 14:29:31.041000,1.31104,1.31099,1200000,1800000
2022-04-28 14:29:31.346000,1.31102,1.31099,1200000,1800000
2022-04-28 14:29:31.397000,1.31102,1.31097,1200000,1200000
2022-04-28 14:29:31.500000,1.31103,1.31097,1200000,4280000
2022-04-28 14:29:31.856000,1.31102,1.31097,1200000,1200000
2022-04-28 14:29:31.907000,1.31102,1.31096,1200000,2240000
2022-04-28 14:29:32.060000,1.31102,1.31096,1200000,2960000
2022-04-28 14:29:32.162000,1.31103,1.31098,1200000,1340000
2022-04-28 14:29:32.264000,1.31104,1.31099,1200000,1200000
2022-04-28 14:29:32.366000,1.31103,1.31099,1200000,1200000
2022-04-28 14:29:32.468000,1.31102,1.31096,1200000,1340000
2022-04-28 14:29:32.520000,1.31104,1.31096,6300000,2040000
2022-04-28 14:29:32.622000,1.31104,1.31099,1200000,1200000
2022-04-28 14:29:32.907000,1.31103,1.31097,1200000,1200000
2022-04-28 14:29:33.009000,1.31103,1.31096,1200000,2780000
2022-04-28 14:29:33.061000,1.31104,1.31098,1200000,1320000
2022-04-28 14:29:33.163000,1.31099,1.31094,1200000,4680000
2022-04-28 14:29:33.265000,1.31093,1.31092,1500000,1200000
2022-04-28 14:29:33.316000,1.31095,1.3109,1200000,1440000
2022-04-28 14:29:33.368000,1.31097,1.31092,1200000,1200000
2022-04-28 14:29:33.419000,1.31096,1.31091,1200000,1200000
2022-04-28 14:29:33.521000,1.31097,1.31091,1200000,1440000
2022-04-28 14:29:33.623000,1.31097,1.31092,1200000,1340000
2022-04-28 14:29:33.725000,1.31099,1.31094,1200000,1200000
2022-04-28 14:29:33.827000,1.31098,1.31094,1200000,1200000
2022-04-28 14:29:34.032000,1.311,1.31094,1200000,1340000
2022-04-28 14:29:34.134000,1.31101,1.31096,1200000,2240000
2022-04-28 14:29:34.237000,1.31104,1.31099,1200000,1440000
2022-04-28 14:29:34.340000,1.31104,1.31099,1200000,1920000
2022-04-28 14:29:34.442000,1.31105,1.31099,1200000,2040000
2022-04-28 14:29:34.594000,1.31106,1.31099,1200000,4740000
2022-04-28 14:29:34.798000,1.31105,1.31099,1200000,1800000
2022-04-28 14:29:34.900000,1.311,1.31098,1200000,1200000
2022-04-28 14:29:34.951000,1.311,1.31094,1200000,1340000
2022-04-28 14:29:35.056000,1.31103,1.31098,1800000,1200000
2022-04-28 14:29:35.412000,1.31102,1.31097,3140000,1200000
2022-04-28 14:29:35.463000,1.31099,1.31094,1200000,1340000
2022-04-28 14:29:35.565000,1.311,1.31094,1200000,1340000
2022-04-28 14:29:35.616000,1.31101,1.31095,1200000,2400000
2022-04-28 14:29:35.718000,1.31103,1.31097,1200000,2240000
2022-04-28 14:29:35.820000,1.31103,1.31098,1200000,1200000
2022-04-28 14:29:36.329000,1.31103,1.31097,1200000,4140000
2022-04-28 14:29:36.482000,1.31102,1.31097,1200000,1200000
2022-04-28 14:29:36.584000,1.31102,1.31096,1200000,2780000
2022-04-28 14:29:37.260000,1.31103,1.31097,1200000,1440000
2022-04-28 14:29:37.362000,1.31103,1.31099,1200000,1440000
2022-04-28 14:29:37.413000,1.31106,1.311,2700000,1440000
2022-04-28 14:29:37.848000,1.31108,1.311,1200000,1320000
2022-04-28 14:29:37.949000,1.31108,1.31101,2240000,1880000
2022-04-28 14:29:38.356000,1.31106,1.311,1200000,2400000
2022-04-28 14:29:38.458000,1.31106,1.311,1200000,1800000
2022-04-28 14:29:38.610000,1.31107,1.311,1200000,3380000
2022-04-28 14:29:38.966000,1.31108,1.31101,1340000,1880000
2022-04-28 14:29:39.068000,1.31108,1.31102,1340000,1200000
2022-04-28 14:29:41.601000,1.31109,1.31101,1200000,4280000
2022-04-28 14:29:41.821000,1.31107,1.31101,1200000,2700000
2022-04-28 14:29:41.975000,1.31108,1.31103,1200000,3140000
2022-04-28 14:29:42.077000,1.3111,1.31105,1200000,2240000
2022-04-28 14:29:42.179000,1.3111,1.31106,1200000,1200000
2022-04-28 14:29:42.332000,1.31109,1.31104,1200000,1200000
2022-04-28 14:29:42.586000,1.3111,1.31104,1200000,1920000
2022-04-28 14:29:42.688000,1.31111,1.31104,1200000,1880000
2022-04-28 14:29:42.790000,1.31113,1.31107,1200000,1200000
2022-04-28 14:29:42.892000,1.31113,1.31108,1200000,1200000
2022-04-28 14:29:42.995000,1.31112,1.31107,1200000,1200000
2022-04-28 14:29:43.046000,1.31112,1.31105,1200000,2420000
2022-04-28 14:29:43.433000,1.3111,1.31104,1200000,1800000
2022-04-28 14:29:43.535000,1.31106,1.311,1200000,1340000
2022-04-28 14:29:43.638000,1.31109,1.31105,2700000,1200000
2022-04-28 14:29:43.689000,1.31113,1.31105,1200000,1440000
2022-04-28 14:29:44.248000,1.31112,1.31105,1200000,2780000
2022-04-28 14:29:44.553000,1.31111,1.31105,1200000,1340000
2022-04-28 14:29:44.784000,1.31112,1.31106,1200000,2780000
2022-04-28 14:29:44.936000,1.31112,1.31107,1200000,1200000
2022-04-28 14:29:45.288000,1.31115,1.31108,1260000,1880000
2022-04-28 14:29:45.390000,1.31115,1.31109,1200000,1880000
2022-04-28 14:29:48.003000,1.31115,1.31107,1200000,1340000
2022-04-28 14:29:48.769000,1.31114,1.31108,1200000,2480000
2022-04-28 14:29:49.074000,1.31115,1.31107,1200000,1340000
2022-04-28 14:29:49.125000,1.31111,1.31107,1200000,1200000
2022-04-28 14:29:49.227000,1.31112,1.31106,1800000,1200000
2022-04-28 14:29:49.329000,1.31112,1.31106,1200000,4280000
2022-04-28 14:29:51.017000,1.31112,1.31106,1340000,1880000
2022-04-28 14:29:51.119000,1.31113,1.31104,3300000,1200000
2022-04-28 14:29:51.221000,1.31105,1.31102,1200000,1800000
2022-04-28 14:29:51.272000,1.31105,1.31099,1200000,1340000
2022-04-28 14:29:51.375000,1.31107,1.311,1200000,3840000
2022-04-28 14:29:51.477000,1.31109,1.31104,1200000,1340000
2022-04-28 14:29:51.579000,1.31112,1.31107,1200000,1340000
2022-04-28 14:29:53.559000,1.31111,1.31104,9240000,2400000
2022-04-28 14:29:53.610000,1.31107,1.31101,1200000,2470000
2022-04-28 14:29:53.864000,1.31106,1.31101,1200000,3370000
2022-04-28 14:29:54.169000,1.31106,1.311,1340000,1200000
2022-04-28 14:29:54.551000,1.311,1.31096,1200000,1260000
2022-04-28 14:29:54.653000,1.31099,1.31093,1570000,2170000
2022-04-28 14:29:54.704000,1.31097,1.31093,1200000,1570000
2022-04-28 14:29:54.756000,1.31095,1.31089,1340000,1800000
2022-04-28 14:29:54.858000,1.31097,1.31089,1200000,2290000
2022-04-28 14:29:54.909000,1.31098,1.31092,1200000,1500000
2022-04-28 14:29:55.062000,1.31102,1.31096,1940000,1500000
2022-04-28 14:29:55.113000,1.31103,1.31097,1200000,1200000
2022-04-28 14:29:55.389000,1.31106,1.31098,1200000,2570000
2022-04-28 14:29:55.491000,1.31106,1.311,1200000,1670000
2022-04-28 14:29:57.200000,1.31106,1.31101,1200000,1200000
2022-04-28 14:29:57.520000,1.31106,1.311,1200000,2110000
2022-04-28 14:29:57.736000,1.31106,1.31099,1200000,1670000
2022-04-28 14:29:57.838000,1.31106,1.31099,1200000,2150000
2022-04-28 14:29:59.275000,1.31106,1.31099,1200000,2110000
2022-04-28 14:29:59.376000,1.31106,1.31099,1200000,2150000
2022-04-28 14:29:59.580000,1.31106,1.311,1200000,3080000
2022-04-28 14:30:00.139000,1.31106,1.311,1200000,1570000
2022-04-28 14:30:00.241000,1.31106,1.311,1200000,1640000
2022-04-28 14:30:00.698000,1.31107,1.31102,1200000,1570000
2022-04-28 14:30:00.801000,1.31108,1.31102,1200000,3600000
2022-04-28 14:30:01.110000,1.31107,1.31101,1920000,2240000
2022-04-28 14:30:01.264000,1.31108,1.31101,1200000,3530000
2022-04-28 14:30:01.366000,1.31106,1.311,1200000,1570000
2022-04-28 14:30:01.468000,1.31107,1.31102,1200000,1340000
2022-04-28 14:30:01.571000,1.31107,1.31102,1200000,2100000
2022-04-28 14:30:01.828000,1.3111,1.31104,1200000,1340000
2022-04-28 14:30:01.930000,1.31111,1.31104,1200000,3370000
2022-04-28 14:30:01.981000,1.31111,1.31105,1200000,2630000
2022-04-28 14:30:02.084000,1.31112,1.31108,1200000,1200000
2022-04-28 14:30:02.136000,1.31114,1.31109,1200000,1500000
2022-04-28 14:30:02.187000,1.31117,1.31108,1200000,1500000
2022-04-28 14:30:02.488000,1.31118,1.3111,2340000,2700000
2022-04-28 14:30:02.591000,1.31121,1.31113,1440000,1200000
2022-04-28 14:30:02.693000,1.31121,1.31115,1200000,2470000
2022-04-28 14:30:02.795000,1.31119,1.31112,1440000,2100000
2022-04-28 14:30:02.897000,1.31119,1.31112,1440000,1500000
2022-04-28 14:30:02.999000,1.31116,1.3111,1440000,1570000
2022-04-28 14:30:03.253000,1.31116,1.31108,2340000,5400000
2022-04-28 14:30:03.355000,1.31113,1.31107,1440000,1340000
2022-04-28 14:30:03.458000,1.31114,1.31109,1200000,1500000
2022-04-28 14:30:04.124000,1.3111,1.31107,1200000,1200000
2022-04-28 14:30:04.176000,1.31108,1.31104,1200000,1200000
2022-04-28 14:30:04.227000,1.31108,1.31102,1200000,2470000
2022-04-28 14:30:04.382000,1.31107,1.31101,1440000,1800000
2022-04-28 14:30:04.636000,1.31105,1.31099,1440000,1800000
2022-04-28 14:30:04.687000,1.31105,1.31097,1200000,1200000
2022-04-28 14:30:05.093000,1.31107,1.31101,1800000,1200000
2022-04-28 14:30:05.196000,1.31108,1.31102,1200000,1570000
2022-04-28 14:30:05.247000,1.3111,1.31105,1440000,2100000
2022-04-28 14:30:05.349000,1.31114,1.31109,1200000,2470000
2022-04-28 14:30:05.604000,1.31116,1.3111,1200000,2630000
2022-04-28 14:30:05.909000,1.31115,1.31109,1200000,1570000
2022-04-28 14:30:06.315000,1.31113,1.31108,1200000,1800000
2022-04-28 14:30:06.418000,1.31113,1.31107,1200000,1500000
2022-04-28 14:30:07.133000,1.31112,1.31106,1200000,3440000
2022-04-28 14:30:07.286000,1.31111,1.31106,1200000,1500000
2022-04-28 14:30:07.388000,1.31112,1.31106,1200000,4800000
2022-04-28 14:30:07.611000,1.31113,1.31106,1200000,4800000
2022-04-28 14:30:08.043000,1.31117,1.3111,1200000,2770000
2022-04-28 14:30:08.146000,1.31119,1.31113,1200000,1500000
2022-04-28 14:30:08.509000,1.3112,1.31111,1200000,1500000
2022-04-28 14:30:08.662000,1.31117,1.31111,1200000,2540000
2022-04-28 14:30:08.764000,1.31116,1.3111,2700000,3530000
2022-04-28 14:30:08.917000,1.31119,1.31112,1200000,2100000
2022-04-28 14:30:09.070000,1.31119,1.31113,1200000,1640000
2022-04-28 14:30:10.475000,1.31122,1.31117,1800000,1500000
2022-04-28 14:30:10.578000,1.31122,1.31115,1800000,1640000
2022-04-28 14:30:10.680000,1.3112,1.31114,1200000,2540000
2022-04-28 14:30:10.782000,1.3112,1.31113,1200000,2100000
2022-04-28 14:30:11.488000,1.31117,1.31112,1200000,1570000
2022-04-28 14:30:11.914000,1.31117,1.3111,1200000,2700000
2022-04-28 14:30:12.016000,1.31114,1.3111,1200000,1200000
2022-04-28 14:30:12.169000,1.31117,1.31109,2780000,1570000
2022-04-28 14:30:12.271000,1.31116,1.3111,1200000,2100000
2022-04-28 14:30:12.424000,1.31116,1.3111,1200000,2470000
2022-04-28 14:30:12.475000,1.31113,1.3111,1200000,1200000
2022-04-28 14:30:12.577000,1.31114,1.3111,1200000,1200000
2022-04-28 14:30:12.933000,1.31113,1.3111,1200000,1200000
2022-04-28 14:30:14.460000,1.31115,1.3111,1200000,1500000
2022-04-28 14:30:14.562000,1.31116,1.3111,1200000,1570000
2022-04-28 14:30:15.478000,1.31114,1.3111,1200000,1200000
2022-04-28 14:30:15.632000,1.31116,1.3111,1200000,2100000
2022-04-28 14:30:15.939000,1.31117,1.31112,1200000,1500000
2022-04-28 14:30:15.990000,1.31121,1.31112,1340000,1500000
2022-04-28 14:30:16.093000,1.3112,1.31114,1200000,1570000
2022-04-28 14:30:16.309000,1.31121,1.31116,1200000,2540000
2022-04-28 14:30:16.462000,1.31121,1.31115,1200000,1640000
2022-04-28 14:30:16.564000,1.31122,1.31116,1800000,1500000
2022-04-28 14:30:17.521000,1.31122,1.31116,1800000,1570000
2022-04-28 14:30:17.623000,1.31122,1.31116,1800000,1640000
2022-04-28 14:30:17.827000,1.31122,1.31115,1800000,2620000
2022-04-28 14:30:17.929000,1.31121,1.31111,1440000,2100000
2022-04-28 14:30:18.031000,1.31119,1.31112,1200000,2100000
2022-04-28 14:30:18.235000,1.3112,1.31113,1200000,2100000
2022-04-28 14:30:18.337000,1.3112,1.31115,1200000,1500000
2022-04-28 14:30:18.576000,1.3112,1.31112,1200000,2700000
2022-04-28 14:30:18.678000,1.31119,1.31112,1200000,2700000
2022-04-28 14:30:20.133000,1.31118,1.31111,2340000,1640000
2022-04-28 14:30:20.184000,1.31114,1.3111,1200000,1200000
2022-04-28 14:30:20.286000,1.31114,1.31108,1200000,2100000
2022-04-28 14:30:20.388000,1.31114,1.31108,1200000,1500000
2022-04-28 14:30:20.490000,1.31114,1.31109,1200000,1200000
2022-04-28 14:30:20.593000,1.31117,1.31112,1200000,1570000
2022-04-28 14:30:20.746000,1.31118,1.31112,1200000,2100000
2022-04-28 14:30:20.898000,1.31119,1.31113,1200000,1570000
2022-04-28 14:30:21,1.3112,1.31113,1200000,1570000
2022-04-28 14:30:21.204000,1.31119,1.31112,1200000,2100000
2022-04-28 14:30:21.306000,1.31118,1.3111,1200000,5400000
2022-04-28 14:30:21.509000,1.31121,1.31111,1800000,2700000
2022-04-28 14:30:21.560000,1.31121,1.31115,1200000,2100000
2022-04-28 14:30:21.612000,1.31122,1.31116,1200000,2100000
2022-04-28 14:30:22.229000,1.31123,1.31117,1200000,1570000
2022-04-28 14:30:22.331000,1.31122,1.31116,1200000,3600000
2022-04-28 14:30:22.474000,1.31123,1.31115,1200000,4040000
2022-04-28 14:30:22.810000,1.31122,1.31116,1200000,1500000
2022-04-28 14:30:22.912000,1.31121,1.31114,1340000,1200000
2022-04-28 14:30:23.065000,1.31121,1.31114,1200000,2170000
2022-04-28 14:30:23.167000,1.31122,1.31116,1200000,1640000
2022-04-28 14:30:23.269000,1.31122,1.31116,1200000,2470000
2022-04-28 14:30:25.072000,1.31123,1.31116,1320000,2470000
2022-04-28 14:30:25.174000,1.31123,1.31118,1320000,1200000
2022-04-28 14:30:25.378000,1.31123,1.31117,1320000,1500000
2022-04-28 14:30:26.017000,1.31122,1.31116,1200000,4270000
2022-04-28 14:30:26.119000,1.31118,1.31112,1200000,3780000
2022-04-28 14:30:26.222000,1.3112,1.31113,1800000,4140000
2022-04-28 14:30:26.323000,1.3112,1.31114,1200000,3610000
2022-04-28 14:30:26.432000,1.3112,1.31116,1200000,1200000
2022-04-28 14:30:26.533000,1.31121,1.31116,1200000,1200000
2022-04-28 14:30:27.083000,1.31122,1.31116,1200000,1200000
2022-04-28 14:30:27.185000,1.31122,1.31117,1200000,1200000
2022-04-28 14:30:27.558000,1.31122,1.31118,1340000,1200000
2022-04-28 14:30:27.863000,1.31123,1.31119,2400000,1200000
2022-04-28 14:30:28.085000,1.31123,1.31115,2400000,5860000
2022-04-28 14:30:29.223000,1.31122,1.31114,2780000,2350000
2022-04-28 14:30:29.376000,1.31122,1.31113,7440000,2630000
2022-04-28 14:30:29.427000,1.3112,1.31111,4740000,1340000
2022-04-28 14:30:29.530000,1.31118,1.31111,1340000,1940000
2022-04-28 14:30:29.632000,1.31115,1.31108,2940000,1200000
2022-04-28 14:30:29.835000,1.31116,1.31107,1340000,1340000
2022-04-28 14:30:29.887000,1.31115,1.31108,2240000,1200000
2022-04-28 14:30:30.140000,1.31114,1.31108,1200000,1200000
2022-04-28 14:30:30.192000,1.31113,1.31106,1800000,1340000
2022-04-28 14:30:30.294000,1.31112,1.31105,1200000,1340000
2022-04-28 14:30:30.446000,1.31112,1.31106,1200000,1340000
2022-04-28 14:30:30.498000,1.31113,1.31108,1200000,1200000
2022-04-28 14:30:30.600000,1.31115,1.31108,1200000,3010000
2022-04-28 14:30:30.702000,1.31117,1.3111,1800000,3010000
2022-04-28 14:30:30.804000,1.31118,1.3111,1200000,1200000
2022-04-28 14:30:30.906000,1.31119,1.31113,1200000,1200000
2022-04-28 14:30:31.008000,1.3112,1.31113,1800000,2780000
2022-04-28 14:30:33.352000,1.31116,1.31111,3600000,2700000
2022-04-28 14:30:33.404000,1.31115,1.31108,1340000,2700000
2022-04-28 14:30:33.506000,1.31115,1.31108,1800000,2240000
2022-04-28 14:30:35.163000,1.3111,1.31107,1200000,1200000
2022-04-28 14:30:35.266000,1.31105,1.31102,2700000,1800000
2022-04-28 14:30:35.368000,1.31105,1.31097,1320000,3600000
2022-04-28 14:30:35.521000,1.31105,1.31098,1340000,4500000
2022-04-28 14:30:35.572000,1.31105,1.31098,1340000,6000000
2022-04-28 14:30:35.848000,1.31104,1.31098,1200000,4200000
2022-04-28 14:30:35.950000,1.31102,1.31098,1200000,3600000
2022-04-28 14:30:36.328000,1.31099,1.31097,4040000,3600000
2022-04-28 14:30:38.250000,1.31097,1.31089,1200000,7300000
2022-04-28 14:30:38.353000,1.31097,1.31089,1340000,6250000
2022-04-28 14:30:38.454000,1.31098,1.31089,1200000,1340000
2022-04-28 14:30:39.585000,1.31099,1.31098,1800000,3600000
2022-04-28 14:30:39.687000,1.31102,1.31098,1200000,3600000
2022-04-28 14:30:39.766000,1.31104,1.31098,1200000,3600000
2022-04-28 14:30:39.871000,1.31105,1.31098,1200000,7440000
2022-04-28 14:30:39.973000,1.31106,1.311,1200000,2030000
2022-04-28 14:30:40.586000,1.31108,1.31102,1200000,1200000
2022-04-28 14:30:40.688000,1.31107,1.31101,1200000,2470000
2022-04-28 14:30:40.790000,1.31108,1.31102,1200000,2270000
2022-04-28 14:30:40.893000,1.31114,1.31107,1200000,3140000
2022-04-28 14:30:40.994000,1.31115,1.31106,1200000,4200000
2022-04-28 14:30:41.198000,1.31115,1.31106,1200000,2470000
2022-04-28 14:30:41.686000,1.31114,1.31106,1440000,1570000
2022-04-28 14:30:41.839000,1.31112,1.31105,1200000,1340000
2022-04-28 14:30:42.760000,1.31106,1.31102,1200000,6020000
2022-04-28 14:30:43.065000,1.31105,1.31099,1200000,1200000
2022-04-28 14:30:43.116000,1.31104,1.31098,1200000,3600000
2022-04-28 14:30:43.167000,1.31102,1.31098,1200000,3600000
2022-04-28 14:30:43.737000,1.31103,1.31098,1200000,3600000
2022-04-28 14:30:44.859000,1.31101,1.31097,1800000,3600000
2022-04-28 14:30:45.012000,1.31102,1.31098,1200000,3600000
2022-04-28 14:30:45.114000,1.31104,1.31097,1340000,3600000
2022-04-28 14:30:45.470000,1.31104,1.31098,1200000,3600000
2022-04-28 14:30:45.572000,1.31103,1.31098,1200000,3600000
2022-04-28 14:30:46.436000,1.31104,1.31098,1200000,3600000
2022-04-28 14:30:46.538000,1.31103,1.31098,1200000,3600000
2022-04-28 14:30:47.223000,1.31103,1.31096,1200000,4270000
2022-04-28 14:30:47.498000,1.31102,1.31096,1200000,1200000
2022-04-28 14:30:47.600000,1.31102,1.31094,1340000,1800000
2022-04-28 14:30:47.703000,1.31103,1.31095,2240000,2400000
2022-04-28 14:30:48.008000,1.31103,1.31094,1200000,4420000
2022-04-28 14:30:48.578000,1.31103,1.31096,1200000,2630000
2022-04-28 14:30:49.030000,1.31107,1.31102,1800000,1800000
2022-04-28 14:30:49.082000,1.31109,1.31103,1200000,1340000
2022-04-28 14:30:49.184000,1.3111,1.31104,1200000,2470000
2022-04-28 14:30:50.012000,1.31112,1.31106,1200000,1200000
2022-04-28 14:30:50.114000,1.31114,1.31106,1800000,4270000
2022-04-28 14:30:50.216000,1.31114,1.31108,1200000,1200000
2022-04-28 14:30:50.446000,1.31115,1.31108,1200000,1200000
2022-04-28 14:30:50.599000,1.31117,1.31111,1200000,2100000
2022-04-28 14:30:50.702000,1.31119,1.31114,1800000,1200000
2022-04-28 14:30:50.753000,1.31119,1.31112,1200000,3470000
2022-04-28 14:30:51.282000,1.31119,1.31112,1200000,3530000
2022-04-28 14:30:51.593000,1.31114,1.31108,1200000,2840000
2022-04-28 14:30:51.644000,1.31114,1.31107,1200000,3070000
2022-04-28 14:30:51.746000,1.31115,1.31109,1200000,1800000
2022-04-28 14:30:51.885000,1.31114,1.31109,1200000,1200000
2022-04-28 14:30:51.937000,1.31113,1.31107,1200000,2240000
2022-04-28 14:30:52.039000,1.31112,1.31105,1200000,4420000
2022-04-28 14:30:52.615000,1.31113,1.31107,1200000,1500000
2022-04-28 14:30:52.869000,1.31114,1.31109,1200000,1200000
2022-04-28 14:30:52.921000,1.31119,1.31112,1200000,1570000
2022-04-28 14:30:53.868000,1.31119,1.31112,1200000,2340000
2022-04-28 14:30:53.970000,1.31119,1.31114,1200000,1200000
2022-04-28 14:30:55.121000,1.31117,1.31113,1210000,1200000
2022-04-28 14:30:55.172000,1.31116,1.31109,1200000,1810000
2022-04-28 14:30:55.274000,1.31116,1.3111,1200000,1320000
2022-04-28 14:30:55.719000,1.31117,1.3111,1200000,1800000
2022-04-28 14:30:56.235000,1.31118,1.31111,1800000,2340000
2022-04-28 14:30:56.439000,1.31118,1.31112,1800000,2270000
2022-04-28 14:30:57.103000,1.31118,1.31112,1200000,1440000
2022-04-28 14:30:57.306000,1.31114,1.31111,1200000,1200000
2022-04-28 14:30:57.362000,1.31114,1.31108,1200000,1340000
2022-04-28 14:30:57.464000,1.31115,1.31109,1800000,1340000
2022-04-28 14:30:57.566000,1.31114,1.31108,1200000,3530000
2022-04-28 14:30:57.724000,1.31114,1.31108,1200000,3370000
2022-04-28 14:30:58.268000,1.31113,1.31108,1200000,1200000
2022-04-28 14:30:58.370000,1.31109,1.31107,1340000,1200000
2022-04-28 14:30:58.421000,1.31106,1.31102,1200000,2420000
2022-04-28 14:30:58.473000,1.31105,1.31098,1200000,7690000
2022-04-28 14:30:58.524000,1.31104,1.31097,1200000,1980000
2022-04-28 14:30:58.626000,1.311,1.31095,1200000,5040000
2022-04-28 14:30:58.829000,1.311,1.31094,1200000,5480000
2022-04-28 14:30:59.594000,1.31097,1.31092,1200000,1800000
2022-04-28 14:30:59.696000,1.31096,1.31091,1200000,4580000
2022-04-28 14:30:59.798000,1.31097,1.31091,1800000,4580000
2022-04-28 14:30:59.950000,1.31098,1.31091,1800000,5040000
2022-04-28 14:31:00.103000,1.31097,1.31091,1800000,4580000
2022-04-28 14:31:00.256000,1.31096,1.3109,2240000,1200000
2022-04-28 14:31:00.358000,1.31096,1.31089,2240000,5120000
2022-04-28 14:31:00.493000,1.31095,1.31088,1200000,5600000
2022-04-28 14:31:00.597000,1.31096,1.31089,1800000,6480000
2022-04-28 14:31:00.801000,1.31096,1.3109,1800000,1200000
2022-04-28 14:31:01.117000,1.31096,1.31089,1800000,6480000
2022-04-28 14:31:02.586000,1.31097,1.31091,1200000,4370000
2022-04-28 14:31:02.689000,1.31097,1.31092,1200000,4370000
2022-04-28 14:31:02.790000,1.31098,1.31092,1800000,4810000
2022-04-28 14:31:03.095000,1.31098,1.31093,1800000,1200000
2022-04-28 14:31:03.197000,1.31096,1.3109,1200000,1200000
2022-04-28 14:31:03.249000,1.31095,1.31089,1800000,4680000
2022-04-28 14:31:03.401000,1.31095,1.3109,1200000,4810000
2022-04-28 14:31:03.503000,1.31096,1.3109,1200000,4810000
2022-04-28 14:31:03.707000,1.31096,1.31091,1200000,1200000
2022-04-28 14:31:03.758000,1.31098,1.31092,1200000,6540000
2022-04-28 14:31:03.860000,1.31099,1.31093,1200000,4580000
2022-04-28 14:31:04.013000,1.311,1.31094,1800000,4580000
2022-04-28 14:31:04.166000,1.31101,1.31092,2240000,4580000
2022-04-28 14:31:04.268000,1.31099,1.31093,1800000,4580000
2022-04-28 14:31:04.889000,1.31099,1.31095,1200000,3680000
2022-04-28 14:31:05.328000,1.31099,1.31094,1200000,5480000
2022-04-28 14:31:05.532000,1.31096,1.31092,1500000,1340000
2022-04-28 14:31:05.685000,1.31096,1.31092,1200000,4140000
2022-04-28 14:31:05.787000,1.31096,1.3109,1500000,6310000
2022-04-28 14:31:05.838000,1.31094,1.31089,1200000,4980000
2022-04-28 14:31:05.940000,1.31092,1.31087,1340000,3800000
2022-04-28 14:31:06.042000,1.31092,1.31086,1800000,5180000
2022-04-28 14:31:06.373000,1.31094,1.31084,1340000,5640000
2022-04-28 14:31:06.475000,1.31093,1.31087,1800000,4580000
2022-04-28 14:31:06.830000,1.3109,1.31085,1200000,3140000
2022-04-28 14:31:07.240000,1.31091,1.31086,1200000,4580000
2022-04-28 14:31:07.342000,1.31092,1.31086,1800000,4580000
2022-04-28 14:31:07.606000,1.31092,1.31087,1800000,4140000
2022-04-28 14:31:08.473000,1.31094,1.31087,1200000,4140000
2022-04-28 14:31:09.248000,1.31088,1.31085,1200000,4500000
2022-04-28 14:31:09.299000,1.31088,1.31081,1200000,4810000
2022-04-28 14:31:09.503000,1.31088,1.31082,1200000,1200000
2022-04-28 14:31:09.751000,1.3109,1.31083,1800000,2400000
2022-04-28 14:31:09.853000,1.31092,1.31084,1940000,6380000
2022-04-28 14:31:10.057000,1.31092,1.31084,1340000,6760000
2022-04-28 14:31:10.414000,1.31089,1.31084,1200000,2240000
2022-04-28 14:31:10.516000,1.31089,1.31081,1340000,5870000
2022-04-28 14:31:10.618000,1.31091,1.31084,1340000,4140000
2022-04-28 14:31:10.721000,1.31093,1.31085,1340000,5640000
2022-04-28 14:31:10.873000,1.31092,1.31085,1200000,5640000
2022-04-28 14:31:10.975000,1.31091,1.31082,1200000,6540000
2022-04-28 14:31:11.078000,1.31092,1.31087,1200000,6380000
2022-04-28 14:31:11.129000,1.31095,1.31087,2100000,5040000
2022-04-28 14:31:12.106000,1.31095,1.31088,1340000,4140000
2022-04-28 14:31:12.542000,1.31098,1.31091,5580000,7670000
2022-04-28 14:31:12.644000,1.31101,1.31098,1500000,3600000
2022-04-28 14:31:14.027000,1.31106,1.31099,4500000,1200000
2022-04-28 14:31:14.078000,1.31107,1.31101,1200000,2940000
2022-04-28 14:31:14.130000,1.31111,1.31103,6300000,1920000
2022-04-28 14:31:14.232000,1.3111,1.31103,1800000,1320000
2022-04-28 14:31:14.537000,1.3111,1.31103,1200000,1320000
2022-04-28 14:31:14.870000,1.3111,1.31102,1200000,3860000
2022-04-28 14:31:15.331000,1.31111,1.31103,1200000,4760000
2022-04-28 14:31:15.534000,1.31111,1.31104,1200000,1320000
2022-04-28 14:31:15.738000,1.3111,1.31103,1200000,2060000
2022-04-28 14:31:15.840000,1.3111,1.31102,1200000,2940000
2022-04-28 14:31:15.891000,1.31105,1.31101,1200000,1800000
2022-04-28 14:31:15.943000,1.31107,1.31099,1200000,10390000
2022-04-28 14:31:16.731000,1.31104,1.31099,1200000,5040000
2022-04-28 14:31:16.884000,1.31104,1.31097,1570000,1440000
2022-04-28 14:31:18.315000,1.31106,1.31099,1800000,2960000
2022-04-28 14:31:18.418000,1.31107,1.311,1200000,3860000
2022-04-28 14:31:18.520000,1.31109,1.311,1800000,1320000
2022-04-28 14:31:19.828000,1.31109,1.31103,1800000,1320000
2022-04-28 14:31:19.930000,1.31109,1.31103,1200000,1320000
2022-04-28 14:31:20.286000,1.31111,1.31105,1800000,1320000
2022-04-28 14:31:20.388000,1.31112,1.31105,1340000,2060000
2022-04-28 14:31:20.579000,1.31112,1.31108,1200000,1800000
2022-04-28 14:31:20.633000,1.31116,1.3111,1500000,1210000
2022-04-28 14:31:21.796000,1.31117,1.31114,2700000,3680000
2022-04-28 14:31:21.847000,1.3112,1.31114,1200000,1880000
2022-04-28 14:31:21.949000,1.3112,1.31113,1200000,3680000
2022-04-28 14:31:22.001000,1.31118,1.31113,1200000,1200000
2022-04-28 14:31:22.052000,1.31117,1.31111,1200000,1320000
2022-04-28 14:31:22.154000,1.31117,1.3111,1500000,2780000
2022-04-28 14:31:22.459000,1.31115,1.31109,1200000,1320000
2022-04-28 14:31:22.561000,1.31116,1.31108,2700000,2040000
2022-04-28 14:31:22.980000,1.31117,1.3111,1800000,1320000
2022-04-28 14:31:23.082000,1.31118,1.31111,1200000,2960000
2022-04-28 14:31:23.134000,1.31116,1.31109,1200000,2340000
2022-04-28 14:31:23.900000,1.31116,1.31109,1200000,2040000
2022-04-28 14:31:23.951000,1.3112,1.31113,1200000,2040000
2022-04-28 14:31:24.053000,1.3112,1.31113,1200000,2780000
2022-04-28 14:31:24.155000,1.31121,1.31112,1200000,3860000
2022-04-28 14:31:24.768000,1.31121,1.31114,1800000,1620000
2022-04-28 14:31:24.871000,1.31125,1.31117,1200000,1320000
2022-04-28 14:31:25.672000,1.31125,1.31118,1800000,1320000
2022-04-28 14:31:25.774000,1.31124,1.31118,1200000,1320000
2022-04-28 14:31:26.688000,1.31128,1.31124,1200000,1200000
2022-04-28 14:31:26.790000,1.3113,1.31124,1200000,1440000
2022-04-28 14:31:26.949000,1.31132,1.31126,1200000,1800000
2022-04-28 14:31:27.001000,1.31136,1.31129,2240000,3420000
2022-04-28 14:31:27.103000,1.31138,1.31129,1340000,1440000
2022-04-28 14:31:27.255000,1.31137,1.31131,1200000,1670000
2022-04-28 14:31:27.831000,1.31136,1.31129,1200000,1200000
2022-04-28 14:31:27.933000,1.31135,1.31128,1200000,2110000
2022-04-28 14:31:28.035000,1.31136,1.31129,1800000,1320000
2022-04-28 14:31:28.408000,1.31138,1.31132,4500000,2340000
2022-04-28 14:31:28.713000,1.3114,1.31131,1200000,3680000
2022-04-28 14:31:29.198000,1.31137,1.31132,1200000,3240000
2022-04-28 14:31:29.300000,1.31137,1.31128,1200000,1920000
2022-04-28 14:31:29.403000,1.31136,1.31129,1200000,1880000
2022-04-28 14:31:29.674000,1.31134,1.31128,1200000,3240000
2022-04-28 14:31:29.776000,1.31131,1.31125,1200000,4580000
2022-04-28 14:31:29.878000,1.3113,1.31125,1200000,1200000
2022-04-28 14:31:30.031000,1.31131,1.31125,1200000,1200000
2022-04-28 14:31:30.083000,1.31133,1.31125,2240000,2780000
2022-04-28 14:31:30.134000,1.3113,1.31124,1200000,2240000
2022-04-28 14:31:30.236000,1.31129,1.31124,1200000,1200000
2022-04-28 14:31:30.490000,1.31131,1.31125,1200000,1200000
2022-04-28 14:31:30.542000,1.31134,1.31127,4680000,1320000
2022-04-28 14:31:30.849000,1.31136,1.31129,1200000,1880000
2022-04-28 14:31:30.951000,1.31135,1.31129,1200000,1200000
2022-04-28 14:31:31.256000,1.31136,1.31129,1200000,1880000
2022-04-28 14:31:31.358000,1.31137,1.31129,1800000,3860000
2022-04-28 14:31:31.460000,1.31137,1.3113,1200000,2360000
2022-04-28 14:31:31.562000,1.31141,1.31132,1200000,3860000
2022-04-28 14:31:31.664000,1.31141,1.31135,1200000,1440000
2022-04-28 14:31:31.766000,1.31142,1.31135,1200000,1440000
2022-04-28 14:31:32.105000,1.31139,1.31133,1200000,1440000
2022-04-28 14:31:32.934000,1.31137,1.31132,1200000,1200000
2022-04-28 14:31:33.036000,1.31138,1.31128,2240000,2960000
2022-04-28 14:31:33.138000,1.31137,1.31129,2240000,1880000
2022-04-28 14:31:33.645000,1.3113,1.31128,1200000,1800000
2022-04-28 14:31:33.748000,1.3113,1.31125,1200000,1200000
2022-04-28 14:31:34.192000,1.31133,1.31127,2700000,1200000
2022-04-28 14:31:34.294000,1.31132,1.31127,1200000,1200000
2022-04-28 14:31:34.713000,1.31135,1.3113,2720000,2110000
2022-04-28 14:31:34.815000,1.31131,1.31128,1200000,1200000
2022-04-28 14:31:34.917000,1.31131,1.31127,1200000,1200000
2022-04-28 14:31:35.019000,1.3113,1.31127,1200000,1200000
2022-04-28 14:31:35.201000,1.3113,1.31125,1200000,1340000
2022-04-28 14:31:36.484000,1.31134,1.31127,1200000,3840000
2022-04-28 14:31:36.637000,1.31134,1.31127,1200000,2780000
2022-04-28 14:31:37.144000,1.3113,1.31126,1200000,1200000
2022-04-28 14:31:37.247000,1.31132,1.31126,1200000,1320000
2022-04-28 14:31:37.298000,1.31134,1.31127,1200000,1880000
2022-04-28 14:31:37.451000,1.31137,1.31129,2700000,1320000
2022-04-28 14:31:37.553000,1.31137,1.3113,1200000,1440000
2022-04-28 14:31:38.030000,1.31136,1.31128,2700000,5660000
2022-04-28 14:31:38.234000,1.31136,1.31128,3600000,1880000
2022-04-28 14:31:38.386000,1.31135,1.31128,1200000,1440000
2022-04-28 14:31:38.924000,1.31132,1.31126,1200000,1340000
2022-04-28 14:31:39.127000,1.3113,1.31126,1200000,1200000
2022-04-28 14:31:39.865000,1.3113,1.31124,1200000,1320000
2022-04-28 14:31:39.967000,1.31131,1.31124,1200000,3170000
2022-04-28 14:31:41.477000,1.31133,1.31123,1800000,4510000
2022-04-28 14:31:41.891000,1.31132,1.31126,1200000,1200000
2022-04-28 14:31:42.397000,1.31131,1.31126,1200000,1200000
2022-04-28 14:31:43.007000,1.31131,1.31125,1200000,1340000
2022-04-28 14:31:44.956000,1.3113,1.31125,1200000,1200000
2022-04-28 14:31:45.842000,1.31123,1.3112,1800000,1940000
2022-04-28 14:31:45.914000,1.31118,1.31115,3720000,1500000
2022-04-28 14:31:45.966000,1.31118,1.31112,1200000,1200000
2022-04-28 14:31:46.068000,1.31116,1.3111,1200000,6080000
2022-04-28 14:31:46.170000,1.31119,1.3111,1200000,1320000
2022-04-28 14:31:46.323000,1.31125,1.31124,1200000,1200000
2022-04-28 14:31:46.374000,1.31128,1.31122,4040000,1800000
2022-04-28 14:31:46.477000,1.31127,1.31121,1200000,1320000
2022-04-28 14:31:46.579000,1.31124,1.31119,1200000,3600000
2022-04-28 14:31:48.053000,1.31124,1.31118,1200000,1440000
2022-04-28 14:31:48.155000,1.31122,1.31116,1200000,1200000
2022-04-28 14:31:48.207000,1.31121,1.31114,1200000,1880000
2022-04-28 14:31:48.309000,1.31122,1.31115,1200000,3680000
2022-04-28 14:31:48.360000,1.31123,1.31116,1200000,1200000
2022-04-28 14:31:48.462000,1.31123,1.31117,1200000,1200000
2022-04-28 14:31:49.438000,1.31121,1.31116,1200000,1200000
2022-04-28 14:31:49.540000,1.31121,1.31114,1200000,2960000
2022-04-28 14:31:49.642000,1.3112,1.31114,1200000,1920000
2022-04-28 14:31:49.744000,1.3112,1.31114,1200000,1880000
2022-04-28 14:31:50.069000,1.31119,1.31113,1200000,1320000
2022-04-28 14:31:50.425000,1.31121,1.31114,1200000,3010000
2022-04-28 14:31:50.477000,1.31124,1.31115,5840000,2340000
2022-04-28 14:31:50.782000,1.31123,1.31116,1200000,4880000
2022-04-28 14:31:50.986000,1.31125,1.31116,1800000,1210000
2022-04-28 14:31:51.138000,1.31124,1.31118,1200000,2240000
2022-04-28 14:31:51.393000,1.31123,1.31117,1200000,1880000
2022-04-28 14:31:51.546000,1.31124,1.31117,1800000,1320000
2022-04-28 14:31:51.648000,1.31123,1.31116,1200000,2110000
2022-04-28 14:31:51.853000,1.31122,1.31116,1200000,1340000
2022-04-28 14:31:51.962000,1.31121,1.31114,1200000,1880000
2022-04-28 14:31:52.266000,1.3112,1.31114,1200000,1340000
2022-04-28 14:31:53.604000,1.31121,1.31114,1200000,2780000
2022-04-28 14:31:53.706000,1.31119,1.31113,1200000,3140000
2022-04-28 14:31:54.424000,1.31118,1.31111,3300000,1800000
2022-04-28 14:31:54.475000,1.31116,1.31108,1200000,2340000
2022-04-28 14:31:54.882000,1.31113,1.31107,1200000,3680000
2022-04-28 14:31:55.523000,1.31116,1.31109,1200000,1880000
2022-04-28 14:31:55.930000,1.31116,1.31109,1200000,2040000
2022-04-28 14:31:56.033000,1.31119,1.31112,2240000,2960000
2022-04-28 14:31:56.388000,1.31121,1.31112,1200000,2960000
2022-04-28 14:31:56.956000,1.31121,1.31114,1200000,4990000
2022-04-28 14:31:57.058000,1.31121,1.31116,1200000,1200000
2022-04-28 14:31:57.160000,1.31122,1.31114,1200000,1880000
2022-04-28 14:31:57.440000,1.31121,1.31116,1200000,1200000
2022-04-28 14:31:57.846000,1.31125,1.3112,2700000,2470000
2022-04-28 14:31:57.948000,1.31129,1.31122,1800000,1800000
2022-04-28 14:31:58.050000,1.3113,1.31124,1200000,1200000
2022-04-28 14:31:58.369000,1.3113,1.31121,1200000,2700000
2022-04-28 14:31:58.471000,1.31129,1.31121,1200000,2560000
2022-04-28 14:31:58.573000,1.31129,1.31123,1200000,1570000
2022-04-28 14:31:58.827000,1.31131,1.31125,1200000,1200000
2022-04-28 14:31:58.930000,1.31134,1.31127,1200000,4360000
2022-04-28 14:31:59.032000,1.31134,1.31127,1200000,4160000
2022-04-28 14:31:59.304000,1.31133,1.31127,1200000,1200000
2022-04-28 14:31:59.406000,1.31133,1.31126,1200000,1880000
2022-04-28 14:31:59.610000,1.31131,1.31125,1200000,2400000
2022-04-28 14:31:59.663000,1.31132,1.31123,1200000,1880000
2022-04-28 14:31:59.866000,1.3113,1.31123,1200000,4160000
2022-04-28 14:32:00.166000,1.31132,1.31124,1200000,4880000
2022-04-28 14:32:00.268000,1.31133,1.31123,1200000,1440000
2022-04-28 14:32:00.522000,1.31132,1.31124,1200000,2820000
2022-04-28 14:32:00.731000,1.31132,1.31124,1200000,2780000
2022-04-28 14:32:01.081000,1.31133,1.31126,1340000,2150000
2022-04-28 14:32:01.285000,1.31134,1.31126,3300000,5960000
2022-04-28 14:32:01.387000,1.31135,1.31128,2400000,1320000
2022-04-28 14:32:01.489000,1.31135,1.31129,2400000,1500000
2022-04-28 14:32:01.842000,1.31136,1.3113,1500000,1570000
2022-04-28 14:32:02.617000,1.31134,1.31127,1340000,1200000
2022-04-28 14:32:02.668000,1.31133,1.31126,1200000,2270000
2022-04-28 14:32:03.094000,1.31132,1.31124,1200000,2540000
2022-04-28 14:32:03.196000,1.31131,1.31125,1200000,1340000
2022-04-28 14:32:03.298000,1.31136,1.31129,2470000,1320000
2022-04-28 14:32:03.401000,1.31135,1.31128,1200000,3300000
2022-04-28 14:32:03.554000,1.31135,1.31127,1340000,3160000
2022-04-28 14:32:03.656000,1.31134,1.31126,1200000,3720000
2022-04-28 14:32:03.958000,1.31134,1.31126,1340000,2520000
2022-04-28 14:32:04.387000,1.31134,1.31127,1200000,2260000
2022-04-28 14:32:04.438000,1.31136,1.31129,3140000,1320000
2022-04-28 14:32:05.028000,1.31136,1.31129,2100000,5480000
2022-04-28 14:32:05.384000,1.31136,1.31129,3370000,1440000
2022-04-28 14:32:05.435000,1.31134,1.31127,1340000,1920000
2022-04-28 14:32:05.486000,1.31133,1.31126,1200000,2260000
2022-04-28 14:32:05.537000,1.31135,1.31128,1500000,2040000
2022-04-28 14:32:06.029000,1.31134,1.31128,1200000,2240000
2022-04-28 14:32:06.502000,1.31132,1.31126,1200000,1880000
2022-04-28 14:32:06.604000,1.31132,1.31125,1200000,1340000
2022-04-28 14:32:06.706000,1.31132,1.31125,1200000,3190000
2022-04-28 14:32:06.808000,1.31133,1.31126,1340000,1320000
2022-04-28 14:32:07.506000,1.31132,1.31125,1200000,3520000
2022-04-28 14:32:08.159000,1.31132,1.31124,1500000,3000000
2022-04-28 14:32:08.863000,1.31131,1.31124,1200000,1200000
2022-04-28 14:32:08.965000,1.31129,1.31125,1200000,1200000
2022-04-28 14:32:10.141000,1.31128,1.31125,1340000,1200000
2022-04-28 14:32:10.294000,1.31129,1.31125,1340000,1200000
2022-04-28 14:32:10.722000,1.31128,1.31125,1340000,1200000
2022-04-28 14:32:10.773000,1.31125,1.31119,1800000,2700000
2022-04-28 14:32:10.824000,1.31123,1.31119,1200000,1800000
2022-04-28 14:32:10.876000,1.31123,1.31116,1200000,2260000
2022-04-28 14:32:10.978000,1.31122,1.31115,1200000,5480000
2022-04-28 14:32:12.868000,1.31122,1.31117,1200000,1200000
2022-04-28 14:32:13.580000,1.31125,1.3112,1800000,2340000
2022-04-28 14:32:13.632000,1.31128,1.3112,2240000,3260000
2022-04-28 14:32:13.734000,1.31128,1.31123,1340000,1200000
2022-04-28 14:32:14.039000,1.31129,1.31123,1340000,2030000
2022-04-28 14:32:14.141000,1.31131,1.31123,1800000,5060000
2022-04-28 14:32:14.775000,1.3113,1.31123,1200000,3240000
2022-04-28 14:32:15.909000,1.31131,1.31124,1340000,1670000
2022-04-28 14:32:17.954000,1.31134,1.31126,4640000,3980000
2022-04-28 14:32:18.056000,1.31134,1.31126,2240000,5040000
2022-04-28 14:32:19.191000,1.31135,1.31128,1200000,4060000
2022-04-28 14:32:19.609000,1.31136,1.31129,1340000,1210000
2022-04-28 14:32:19.863000,1.31136,1.31128,2040000,2240000
2022-04-28 14:32:19.965000,1.31135,1.31127,2940000,2030000
2022-04-28 14:32:20.779000,1.31135,1.31128,1200000,3240000
2022-04-28 14:32:20.881000,1.31135,1.31127,1800000,4970000
2022-04-28 14:32:21.597000,1.31135,1.31128,1200000,3240000
2022-04-28 14:32:21.827000,1.31137,1.31127,1800000,5940000
2022-04-28 14:32:21.979000,1.31136,1.31128,2240000,5040000
2022-04-28 14:32:22.847000,1.31136,1.31129,1800000,1620000
2022-04-28 14:32:23.625000,1.31136,1.31129,2540000,1620000
2022-04-28 14:32:24.031000,1.31139,1.31131,1200000,3980000
2022-04-28 14:32:24.162000,1.31139,1.31134,1200000,1200000
2022-04-28 14:32:24.372000,1.31139,1.31132,1200000,2930000
2022-04-28 14:32:25.098000,1.31139,1.31132,1200000,4440000
2022-04-28 14:32:25.546000,1.3114,1.31132,2240000,2640000
2022-04-28 14:32:25.985000,1.31142,1.31137,2700000,4880000
2022-04-28 14:32:26.036000,1.31145,1.31139,1940000,1200000
2022-04-28 14:32:26.138000,1.31145,1.3114,1200000,1200000
2022-04-28 14:32:26.341000,1.31146,1.31139,1800000,1810000
2022-04-28 14:32:26.993000,1.31146,1.31139,1340000,1340000
2022-04-28 14:32:27.196000,1.31146,1.31138,2480000,1340000
2022-04-28 14:32:27.298000,1.31147,1.31138,4200000,3240000
2022-04-28 14:32:27.400000,1.31147,1.3114,1340000,1740000
2022-04-28 14:32:27.502000,1.31147,1.3114,1340000,1570000
2022-04-28 14:32:27.604000,1.31147,1.31139,2040000,1340000
2022-04-28 14:32:27.707000,1.31147,1.31137,2040000,1340000
2022-04-28 14:32:28.516000,1.3114,1.31136,1340000,1200000
2022-04-28 14:32:28.567000,1.31143,1.31135,1340000,4060000
2022-04-28 14:32:28.905000,1.31145,1.31137,1340000,3720000
2022-04-28 14:32:29.583000,1.31147,1.31137,1200000,2780000
2022-04-28 14:32:29.635000,1.31147,1.31139,1200000,3080000
2022-04-28 14:32:29.737000,1.31149,1.31139,1200000,1740000
2022-04-28 14:32:30.093000,1.31147,1.31139,1200000,3720000
2022-04-28 14:32:32.883000,1.31147,1.3114,1200000,2180000
2022-04-28 14:32:32.985000,1.3115,1.31147,1200000,1640000
2022-04-28 14:32:33.037000,1.31154,1.31145,2030000,6010000
2022-04-28 14:32:33.088000,1.31152,1.31146,1800000,2700000
2022-04-28 14:32:33.140000,1.31151,1.31143,1200000,3240000
2022-04-28 14:32:33.471000,1.3115,1.31143,1200000,1200000
2022-04-28 14:32:33.573000,1.31149,1.31142,1200000,1340000
2022-04-28 14:32:33.675000,1.31149,1.31141,1200000,3680000
2022-04-28 14:32:33.777000,1.31149,1.31141,1200000,3720000
2022-04-28 14:32:33.879000,1.3115,1.3114,1200000,3680000
2022-04-28 14:32:34.133000,1.3115,1.31141,1340000,1200000
2022-04-28 14:32:34.895000,1.31149,1.31141,1340000,1440000
2022-04-28 14:32:35.217000,1.3115,1.31144,1500000,1640000
2022-04-28 14:32:35.638000,1.31151,1.31144,1200000,2540000
2022-04-28 14:32:35.740000,1.31154,1.31144,2400000,3440000
2022-04-28 14:32:35.842000,1.31153,1.31144,2100000,1500000
2022-04-28 14:32:35.995000,1.31149,1.31143,1340000,1500000
2022-04-28 14:32:37.174000,1.31149,1.3114,1200000,5060000
2022-04-28 14:32:37.637000,1.31148,1.31141,1200000,2640000
2022-04-28 14:32:38.672000,1.31149,1.31143,1200000,1570000
2022-04-28 14:32:38.926000,1.31148,1.31143,1200000,1200000
2022-04-28 14:32:39.028000,1.31148,1.31141,1200000,2340000
2022-04-28 14:32:39.130000,1.3115,1.31141,1200000,2180000
2022-04-28 14:32:39.283000,1.31148,1.31141,1200000,3260000
2022-04-28 14:32:39.685000,1.31149,1.31142,1200000,2100000
2022-04-28 14:32:39.999000,1.31151,1.31145,2100000,1500000
2022-04-28 14:32:40.102000,1.31151,1.31145,1500000,1640000
2022-04-28 14:32:40.925000,1.31151,1.31146,1200000,1640000
2022-04-28 14:32:41.079000,1.31151,1.31145,1200000,1340000
2022-04-28 14:32:41.180000,1.31152,1.31145,1200000,1340000
2022-04-28 14:32:42.195000,1.31151,1.31144,1200000,2270000
2022-04-28 14:32:42.297000,1.31149,1.31142,1200000,1570000
2022-04-28 14:32:42.872000,1.31149,1.31141,1800000,3240000
2022-04-28 14:32:42.974000,1.31149,1.31142,1200000,3240000
2022-04-28 14:32:43.330000,1.31149,1.31141,1200000,2100000
2022-04-28 14:32:44.961000,1.31149,1.31142,1800000,1570000
2022-04-28 14:32:45.063000,1.31147,1.3114,1340000,1640000
2022-04-28 14:32:45.115000,1.31146,1.31138,1340000,2540000
2022-04-28 14:32:45.217000,1.31141,1.31137,1800000,1460000
2022-04-28 14:32:45.268000,1.31141,1.31133,1800000,1640000
2022-04-28 14:32:45.372000,1.31141,1.31132,1800000,3310000
2022-04-28 14:32:45.474000,1.31141,1.31133,1800000,2170000
2022-04-28 14:32:45.576000,1.31142,1.31134,2400000,3680000
2022-04-28 14:32:45.831000,1.31142,1.31134,4640000,2540000
2022-04-28 14:32:46.889000,1.31141,1.31131,1800000,2540000
2022-04-28 14:32:46.993000,1.3114,1.31132,1800000,1640000
2022-04-28 14:32:47.685000,1.31141,1.31134,1340000,2540000
2022-04-28 14:32:47.888000,1.31143,1.31138,1800000,3080000
2022-04-28 14:32:47.990000,1.31147,1.31139,1200000,6840000
2022-04-28 14:32:48.143000,1.31149,1.31141,1340000,3720000
2022-04-28 14:32:48.245000,1.3115,1.31143,1340000,1570000
2022-04-28 14:32:48.347000,1.3115,1.31143,1340000,2180000
2022-04-28 14:32:49.006000,1.3115,1.31143,1200000,1570000
2022-04-28 14:32:49.210000,1.3115,1.31141,4140000,2540000
2022-04-28 14:32:49.312000,1.31149,1.31141,1200000,1640000
2022-04-28 14:32:50.217000,1.31149,1.31141,2400000,1640000
2022-04-28 14:32:50.269000,1.31147,1.3114,1200000,3240000
2022-04-28 14:32:50.320000,1.31142,1.31137,1570000,1500000
2022-04-28 14:32:50.422000,1.31142,1.31135,1340000,1500000
2022-04-28 14:32:51.206000,1.31145,1.31138,1200000,2540000
2022-04-28 14:32:51.308000,1.31145,1.31139,1200000,1620000
2022-04-28 14:32:51.414000,1.31146,1.31138,1800000,3980000
2022-04-28 14:32:51.560000,1.31148,1.31141,1200000,3080000
2022-04-28 14:32:51.662000,1.31149,1.31142,1200000,2470000
2022-04-28 14:32:51.865000,1.31149,1.31142,1200000,3080000
2022-04-28 14:32:51.968000,1.3115,1.31143,1800000,1740000
2022-04-28 14:32:52.070000,1.31152,1.31146,3830000,1640000
2022-04-28 14:32:53.196000,1.3115,1.31146,1200000,2700000
2022-04-28 14:32:53.247000,1.3115,1.31144,1200000,1500000
2022-04-28 14:32:53.349000,1.3115,1.31143,2400000,1500000
2022-04-28 14:32:54.114000,1.31149,1.31141,3140000,2470000
2022-04-28 14:32:54.419000,1.31149,1.31141,2240000,3080000
2022-04-28 14:32:56.838000,1.31145,1.31137,1800000,1500000
2022-04-28 14:32:56.941000,1.31142,1.31136,1880000,1500000
2022-04-28 14:32:57.043000,1.31141,1.31134,1200000,1640000
2022-04-28 14:32:57.145000,1.31141,1.31134,1200000,2540000
2022-04-28 14:32:57.399000,1.31142,1.31135,1340000,2100000
2022-04-28 14:32:57.501000,1.31145,1.31136,1340000,1500000
2022-04-28 14:32:57.907000,1.31142,1.31135,1320000,1800000
2022-04-28 14:32:59.466000,1.31143,1.31137,2700000,1200000
2022-04-28 14:32:59.568000,1.31143,1.31138,1800000,1340000
2022-04-28 14:32:59.619000,1.31146,1.31138,2940000,1340000
2022-04-28 14:33:00.234000,1.31145,1.31138,1800000,1200000
2022-04-28 14:33:00.285000,1.31146,1.31138,5940000,2400000
