time,ask,bid,ask_volume,bid_volume
2023-01-19 15:25:00.607000,1.28507,1.28497,1200000,2360000
2023-01-19 15:25:00.708000,1.28507,1.28497,1350000,2340000
2023-01-19 15:25:00.863000,1.28508,1.28497,1800000,2340000
2023-01-19 15:25:01.699000,1.28508,1.28497,1600000,2790000
2023-01-19 15:25:02.127000,1.28508,1.28497,1200000,2790000
2023-01-19 15:25:02.893000,1.2851,1.285,1350000,1200000
2023-01-19 15:25:04.346000,1.28509,1.28499,1200000,1570000
2023-01-19 15:25:04.498000,1.28509,1.28498,1200000,1200000
2023-01-19 15:25:04.600000,1.2851,1.28502,1200000,1350000
2023-01-19 15:25:04.702000,1.28511,1.28503,1200000,2250000
2023-01-19 15:25:04.804000,1.28505,1.28498,1200000,1200000
2023-01-19 15:25:04.906000,1.28504,1.28494,1200000,3600000
2023-01-19 15:25:05.109000,1.28502,1.28494,1200000,1200000
2023-01-19 15:25:05.160000,1.28502,1.28492,1800000,1200000
2023-01-19 15:25:05.262000,1.28502,1.28491,1800000,2020000
2023-01-19 15:25:05.617000,1.28497,1.2849,1200000,1200000
2023-01-19 15:25:05.718000,1.28497,1.28486,1200000,3370000
2023-01-19 15:25:06.104000,1.28497,1.28487,1350000,1200000
2023-01-19 15:25:06.358000,1.285,1.28487,1800000,1200000
2023-01-19 15:25:06.460000,1.28499,1.2849,1200000,1200000
2023-01-19 15:25:06.623000,1.28499,1.28491,1200000,1200000
2023-01-19 15:25:06.725000,1.28498,1.28489,1200000,1200000
2023-01-19 15:25:06.877000,1.28499,1.28489,1720000,1800000
2023-01-19 15:25:06.979000,1.28499,1.28492,1600000,1200000
2023-01-19 15:25:07.080000,1.28499,1.28492,1200000,1200000
2023-01-19 15:25:08.729000,1.285,1.28492,1200000,1200000
2023-01-19 15:25:09.038000,1.28499,1.2849,2170000,1200000
2023-01-19 15:25:09.282000,1.28499,1.2849,1200000,1350000
2023-01-19 15:25:10.365000,1.28499,1.2849,1200000,2100000
2023-01-19 15:25:11.052000,1.28499,1.2849,1350000,2250000
2023-01-19 15:25:11.204000,1.28499,1.28492,1350000,1200000
2023-01-19 15:25:11.807000,1.28501,1.28492,1200000,1200000
2023-01-19 15:25:12.061000,1.28502,1.28492,1200000,2250000
2023-01-19 15:25:12.163000,1.28503,1.28493,2790000,1300000
2023-01-19 15:25:12.214000,1.28502,1.28492,1350000,4050000
2023-01-19 15:25:12.315000,1.28502,1.28492,1350000,2920000
2023-01-19 15:25:13.233000,1.28502,1.28492,1800000,2550000
2023-01-19 15:25:13.423000,1.28503,1.28497,1720000,1200000
2023-01-19 15:25:13.525000,1.28502,1.28494,1350000,1610000
2023-01-19 15:25:13.627000,1.28505,1.28497,1200000,1120000
2023-01-19 15:25:13.729000,1.28505,1.28498,1600000,1200000
2023-01-19 15:25:15.910000,1.28505,1.28495,2170000,2300000
2023-01-19 15:25:16.241000,1.28504,1.28495,1220000,1800000
2023-01-19 15:25:16.293000,1.28503,1.28494,1700000,1300000
2023-01-19 15:25:16.394000,1.28502,1.28493,1700000,1120000
2023-01-19 15:25:17.478000,1.28501,1.28491,1600000,2020000
2023-01-19 15:25:18.718000,1.28501,1.28491,1720000,2170000
2023-01-19 15:25:19.105000,1.28501,1.28491,1350000,3420000
2023-01-19 15:25:19.156000,1.28502,1.28492,2100000,1570000
2023-01-19 15:25:19.257000,1.28503,1.28492,1800000,4270000
2023-01-19 15:25:19.359000,1.28503,1.28494,1800000,1200000
2023-01-19 15:25:19.461000,1.28503,1.28492,1800000,4270000
2023-01-19 15:25:19.562000,1.28501,1.28491,1200000,2470000
2023-01-19 15:25:19.715000,1.28498,1.28491,1600000,1200000
2023-01-19 15:25:19.766000,1.28494,1.28488,1200000,1200000
2023-01-19 15:25:19.868000,1.28496,1.28486,2170000,1300000
2023-01-19 15:25:20.336000,1.28496,1.28486,1200000,2920000
2023-01-19 15:25:20.387000,1.28496,1.28486,1200000,2920000
2023-01-19 15:25:20.438000,1.28497,1.28485,1720000,1200000
2023-01-19 15:25:20.489000,1.28496,1.28486,1320000,1800000
2023-01-19 15:25:20.591000,1.28498,1.28489,1800000,1120000
2023-01-19 15:25:21.139000,1.28498,1.28489,1200000,2170000
2023-01-19 15:25:21.908000,1.28501,1.28488,1320000,3100000
2023-01-19 15:25:22.009000,1.285,1.28489,1320000,4550000
2023-01-19 15:25:22.823000,1.28502,1.28492,2550000,2300000
2023-01-19 15:25:22.925000,1.28502,1.28494,1200000,1420000
2023-01-19 15:25:22.976000,1.28502,1.28494,1200000,1300000
2023-01-19 15:25:23.027000,1.28504,1.28496,1200000,1200000
2023-01-19 15:25:23.129000,1.28507,1.28497,1720000,1350000
2023-01-19 15:25:23.180000,1.28507,1.28498,1350000,1300000
2023-01-19 15:25:23.282000,1.28509,1.285,2030000,1120000
2023-01-19 15:25:23.383000,1.28509,1.285,1350000,1300000
2023-01-19 15:25:23.486000,1.28509,1.285,1350000,1120000
2023-01-19 15:25:23.596000,1.28509,1.285,1350000,1300000
2023-01-19 15:25:23.748000,1.28509,1.285,1350000,1120000
2023-01-19 15:25:23.965000,1.2851,1.28499,1350000,1300000
2023-01-19 15:25:24.163000,1.2851,1.285,3460000,1120000
2023-01-19 15:25:25.344000,1.2851,1.285,3790000,1120000
2023-01-19 15:25:25.598000,1.2851,1.285,3970000,1300000
2023-01-19 15:25:25.801000,1.2851,1.28503,1350000,3110000
2023-01-19 15:25:25.853000,1.28514,1.28503,1350000,3860000
2023-01-19 15:25:25.955000,1.28514,1.28506,1350000,1200000
2023-01-19 15:25:26.538000,1.28514,1.28504,1570000,1350000
2023-01-19 15:25:28.755000,1.28514,1.28504,2290000,1200000
2023-01-19 15:25:29.234000,1.28515,1.28505,1720000,1890000
2023-01-19 15:25:29.285000,1.28515,1.28508,1200000,1200000
2023-01-19 15:25:29.387000,1.28516,1.28512,1800000,1200000
2023-01-19 15:25:31.164000,1.28516,1.28509,1200000,1200000
2023-01-19 15:25:31.857000,1.28513,1.28509,1200000,1200000
2023-01-19 15:25:31.908000,1.28513,1.28503,1800000,1890000
2023-01-19 15:25:33.433000,1.28514,1.28503,2550000,1500000
2023-01-19 15:25:33.535000,1.28514,1.28504,2340000,1350000
2023-01-19 15:25:33.788000,1.28514,1.28503,2550000,1440000
2023-01-19 15:25:35.223000,1.2851,1.28501,3150000,1200000
2023-01-19 15:25:35.325000,1.28509,1.28499,1350000,1350000
2023-01-19 15:25:36.337000,1.2851,1.285,2470000,1620000
2023-01-19 15:25:36.489000,1.28512,1.28501,1350000,1320000
2023-01-19 15:25:36.794000,1.28511,1.285,1350000,1320000
2023-01-19 15:25:37.329000,1.28509,1.28501,1200000,1200000
2023-01-19 15:25:37.635000,1.28508,1.28499,1200000,2020000
2023-01-19 15:25:37.687000,1.28508,1.285,1200000,1620000
2023-01-19 15:25:37.738000,1.2851,1.285,1800000,1620000
2023-01-19 15:25:39.255000,1.2851,1.28501,1300000,1320000
2023-01-19 15:25:39.306000,1.2851,1.28501,1200000,1320000
2023-01-19 15:25:40.348000,1.2851,1.28501,1200000,3110000
2023-01-19 15:25:41.089000,1.2851,1.28501,1200000,1660000
2023-01-19 15:25:41.533000,1.28509,1.285,1200000,1350000
2023-01-19 15:25:41.733000,1.2851,1.28498,1800000,1320000
2023-01-19 15:25:41.834000,1.28509,1.28497,1700000,1800000
2023-01-19 15:25:41.936000,1.28507,1.28496,2250000,2550000
2023-01-19 15:25:42.038000,1.28507,1.28496,2100000,1990000
2023-01-19 15:25:42.867000,1.28503,1.28495,1200000,1100000
2023-01-19 15:25:42.919000,1.28503,1.28493,2250000,3150000
2023-01-19 15:25:43.020000,1.28504,1.28493,3150000,1200000
2023-01-19 15:25:43.433000,1.28503,1.28492,3150000,1620000
2023-01-19 15:25:43.636000,1.28501,1.28492,1200000,2370000
2023-01-19 15:25:44.597000,1.28503,1.28495,2470000,1800000
2023-01-19 15:25:44.699000,1.28505,1.28496,1350000,1200000
2023-01-19 15:25:44.851000,1.28505,1.28495,1350000,1660000
2023-01-19 15:25:45.004000,1.28506,1.28495,2920000,1500000
2023-01-19 15:25:45.106000,1.28506,1.28497,1200000,1800000
2023-01-19 15:25:45.207000,1.28507,1.28499,1800000,1200000
2023-01-19 15:25:45.309000,1.28506,1.28498,1100000,1200000
2023-01-19 15:25:45.411000,1.28506,1.28501,1100000,1200000
2023-01-19 15:25:47.097000,1.28509,1.28501,1600000,1200000
2023-01-19 15:25:47.148000,1.28509,1.28499,2100000,1800000
2023-01-19 15:25:47.250000,1.28508,1.28498,1200000,1200000
2023-01-19 15:25:47.351000,1.28507,1.28497,1800000,1600000
2023-01-19 15:25:47.554000,1.28507,1.28499,1200000,2170000
2023-01-19 15:25:47.656000,1.28508,1.285,1200000,1350000
2023-01-19 15:25:47.758000,1.28511,1.285,1200000,3240000
2023-01-19 15:25:47.860000,1.28513,1.285,2250000,3530000
2023-01-19 15:25:48.263000,1.28512,1.28503,1350000,1200000
2023-01-19 15:25:48.959000,1.28512,1.28501,1350000,3530000
2023-01-19 15:25:49.060000,1.2851,1.28502,1200000,1200000
2023-01-19 15:25:49.162000,1.2851,1.285,1200000,2250000
2023-01-19 15:25:49.849000,1.28511,1.285,2700000,1700000
2023-01-19 15:25:52.258000,1.28511,1.28501,4270000,1120000
2023-01-19 15:25:52.360000,1.28514,1.28503,2850000,1210000
2023-01-19 15:25:53.495000,1.28514,1.28503,2700000,2170000
2023-01-19 15:25:53.596000,1.28514,1.28503,2850000,1440000
2023-01-19 15:25:55.021000,1.28513,1.28503,1100000,1440000
2023-01-19 15:25:55.869000,1.28514,1.28503,2470000,2560000
2023-01-19 15:25:56.119000,1.28514,1.28504,2470000,1200000
2023-01-19 15:25:57.766000,1.28514,1.28504,2250000,1350000
2023-01-19 15:25:58.512000,1.28514,1.28504,2100000,1200000
2023-01-19 15:25:58.984000,1.28514,1.28504,3790000,1200000
2023-01-19 15:25:59.035000,1.28514,1.28504,1720000,1200000
2023-01-19 15:25:59.238000,1.28514,1.28505,1800000,1200000
2023-01-19 15:25:59.340000,1.28514,1.28506,1800000,1200000
2023-01-19 15:25:59.700000,1.28514,1.28506,2100000,1200000
2023-01-19 15:26:00.741000,1.28514,1.28506,1200000,1200000
2023-01-19 15:26:00.913000,1.28514,1.28506,1100000,1200000
2023-01-19 15:26:01.015000,1.28514,1.28506,4160000,1200000
2023-01-19 15:26:01.066000,1.28512,1.28502,2250000,1200000
2023-01-19 15:26:02.113000,1.28513,1.28503,1100000,1800000
2023-01-19 15:26:02.498000,1.28514,1.28503,2100000,2560000
2023-01-19 15:26:03.173000,1.28516,1.28503,1720000,2170000
2023-01-19 15:26:03.274000,1.28515,1.28507,2100000,1200000
2023-01-19 15:26:03.473000,1.28515,1.28509,2100000,1200000
2023-01-19 15:26:04.202000,1.28515,1.28509,1800000,1200000
2023-01-19 15:26:08.481000,1.28515,1.28509,1600000,1200000
2023-01-19 15:26:08.583000,1.28515,1.28506,1600000,1200000
2023-01-19 15:26:08.839000,1.28515,1.28505,1600000,1800000
2023-01-19 15:26:08.944000,1.28515,1.28506,1600000,1200000
2023-01-19 15:26:10.058000,1.28515,1.28506,1800000,1200000
2023-01-19 15:26:11.316000,1.28515,1.28506,1200000,3120000
2023-01-19 15:26:11.367000,1.28514,1.28511,1200000,1200000
2023-01-19 15:26:11.418000,1.28511,1.28503,1720000,1800000
2023-01-19 15:26:11.470000,1.2851,1.28505,11700000,1300000
2023-01-19 15:26:11.521000,1.28508,1.28503,1200000,1200000
2023-01-19 15:26:11.572000,1.28508,1.28503,1200000,1300000
2023-01-19 15:26:11.623000,1.28508,1.28502,1120000,1200000
2023-01-19 15:26:12.471000,1.28508,1.28499,2100000,1200000
2023-01-19 15:26:12.573000,1.28504,1.28499,1600000,1200000
2023-01-19 15:26:12.675000,1.28504,1.28496,1300000,1200000
2023-01-19 15:26:12.777000,1.28504,1.28493,7050000,1800000
2023-01-19 15:26:12.879000,1.28503,1.28493,5300000,1200000
2023-01-19 15:26:13.285000,1.28501,1.28492,1300000,3370000
2023-01-19 15:26:13.387000,1.28498,1.28492,1200000,1120000
2023-01-19 15:26:13.489000,1.28498,1.28489,2020000,1200000
2023-01-19 15:26:13.540000,1.28498,1.28489,2550000,1200000
2023-01-19 15:26:13.591000,1.28498,1.28487,4240000,4050000
2023-01-19 15:26:13.693000,1.28499,1.28489,4240000,1200000
2023-01-19 15:26:13.794000,1.28498,1.2849,3880000,1200000
2023-01-19 15:26:13.896000,1.28498,1.28489,4280000,1200000
2023-01-19 15:26:14.188000,1.28498,1.28488,4280000,1200000
2023-01-19 15:26:14.515000,1.28495,1.28486,1910000,1200000
2023-01-19 15:26:14.921000,1.28496,1.28486,1350000,2620000
2023-01-19 15:26:15.022000,1.28496,1.28486,1420000,2790000
2023-01-19 15:26:16.535000,1.28495,1.28484,2920000,3220000
2023-01-19 15:26:16.644000,1.28495,1.28484,1200000,2470000
2023-01-19 15:26:17.225000,1.28494,1.28488,1200000,1200000
2023-01-19 15:26:17.326000,1.28496,1.28486,1800000,1240000
2023-01-19 15:26:18.807000,1.28495,1.28487,1120000,1200000
2023-01-19 15:26:19.424000,1.28494,1.28486,1200000,1800000
2023-01-19 15:26:19.965000,1.28494,1.28484,1350000,2400000
2023-01-19 15:26:20.118000,1.28493,1.28484,1200000,2400000
2023-01-19 15:26:20.219000,1.28492,1.28484,1200000,1200000
2023-01-19 15:26:20.974000,1.28493,1.28484,1200000,2560000
2023-01-19 15:26:21.078000,1.28493,1.28484,1200000,2250000
2023-01-19 15:26:21.332000,1.28493,1.28484,1200000,2470000
2023-01-19 15:26:21.846000,1.28492,1.28484,1200000,1350000
2023-01-19 15:26:22.747000,1.28492,1.28483,1200000,1800000
2023-01-19 15:26:23.329000,1.28493,1.28483,1800000,2020000
2023-01-19 15:26:23.944000,1.28493,1.28482,3520000,2250000
2023-01-19 15:26:23.995000,1.2849,1.28481,1350000,3600000
2023-01-19 15:26:24.096000,1.2849,1.28481,1200000,1200000
2023-01-19 15:26:24.148000,1.28489,1.2848,1200000,1200000
2023-01-19 15:26:24.458000,1.28489,1.28478,1800000,2620000
2023-01-19 15:26:24.712000,1.28489,1.28478,2100000,1420000
2023-01-19 15:26:24.813000,1.28489,1.28478,2100000,1570000
2023-01-19 15:26:25.498000,1.28489,1.28478,1800000,1350000
2023-01-19 15:26:25.846000,1.28489,1.28479,1800000,1200000
2023-01-19 15:26:26.112000,1.28489,1.28479,1720000,1200000
2023-01-19 15:26:26.642000,1.28489,1.28479,1800000,1350000
2023-01-19 15:26:26.744000,1.28489,1.2848,1800000,1200000
2023-01-19 15:26:27.546000,1.28489,1.28479,1200000,2470000
2023-01-19 15:26:27.648000,1.28492,1.28482,1720000,1200000
2023-01-19 15:26:27.750000,1.28493,1.28482,1100000,2020000
2023-01-19 15:26:27.852000,1.28493,1.28484,1200000,1200000
2023-01-19 15:26:29.453000,1.28495,1.28486,1600000,2570000
2023-01-19 15:26:29.504000,1.28497,1.28486,1350000,2570000
2023-01-19 15:26:29.606000,1.28497,1.28492,1350000,1200000
2023-01-19 15:26:29.708000,1.28498,1.28489,1350000,1200000
2023-01-19 15:26:30.027000,1.28498,1.2849,1350000,1200000
2023-01-19 15:26:30.129000,1.28498,1.28491,1200000,1200000
2023-01-19 15:26:30.607000,1.28499,1.28489,1200000,1350000
2023-01-19 15:26:31.269000,1.28498,1.28489,1350000,1200000
2023-01-19 15:26:31.371000,1.28498,1.28488,1800000,1200000
2023-01-19 15:26:31.473000,1.28497,1.28487,1800000,1350000
2023-01-19 15:26:31.625000,1.28497,1.28489,1800000,1200000
2023-01-19 15:26:33.356000,1.28495,1.28489,1600000,1200000
2023-01-19 15:26:33.408000,1.28495,1.28486,1200000,1200000
2023-01-19 15:26:33.459000,1.28494,1.28485,1200000,1200000
2023-01-19 15:26:33.661000,1.28495,1.28485,1200000,1200000
2023-01-19 15:26:34.011000,1.28496,1.28486,1350000,2250000
2023-01-19 15:26:34.112000,1.28496,1.28487,1350000,1200000
2023-01-19 15:26:34.413000,1.28498,1.2849,1200000,1200000
2023-01-19 15:26:34.515000,1.28498,1.2849,1600000,1200000
2023-01-19 15:26:34.616000,1.28499,1.2849,1200000,1200000
2023-01-19 15:26:34.718000,1.28498,1.2849,1200000,1200000
2023-01-19 15:26:35.347000,1.28498,1.28488,1600000,1720000
2023-01-19 15:26:35.448000,1.28498,1.28489,2250000,1200000
2023-01-19 15:26:37.665000,1.285,1.28492,3150000,1200000
2023-01-19 15:26:37.870000,1.28501,1.28493,2290000,1200000
2023-01-19 15:26:38.200000,1.28501,1.28493,1800000,1200000
2023-01-19 15:26:39.956000,1.285,1.28492,1800000,1200000
2023-01-19 15:26:40.008000,1.28498,1.28489,1200000,1350000
2023-01-19 15:26:40.464000,1.28498,1.28489,1600000,1200000
2023-01-19 15:26:40.515000,1.28498,1.28487,1600000,1800000
2023-01-19 15:26:40.668000,1.28495,1.28484,2850000,3600000
2023-01-19 15:26:40.769000,1.28494,1.28483,1720000,2790000
2023-01-19 15:26:40.914000,1.28494,1.28484,1720000,1200000
2023-01-19 15:26:41.448000,1.28495,1.28484,2100000,2340000
2023-01-19 15:26:41.550000,1.28496,1.28486,1350000,1350000
2023-01-19 15:26:41.955000,1.28496,1.28486,1200000,2100000
2023-01-19 15:26:42.117000,1.28496,1.28486,1600000,1200000
2023-01-19 15:26:43.115000,1.28494,1.28484,1800000,1350000
2023-01-19 15:26:43.217000,1.28492,1.28482,1350000,1200000
2023-01-19 15:26:43.319000,1.28492,1.28482,1600000,1600000
2023-01-19 15:26:43.623000,1.28491,1.28481,1350000,2700000
2023-01-19 15:26:44.737000,1.28491,1.28483,1200000,1200000
2023-01-19 15:26:44.838000,1.28491,1.28481,1200000,2340000
2023-01-19 15:26:45.143000,1.28491,1.28482,1350000,1200000
2023-01-19 15:26:45.397000,1.28493,1.28482,1350000,2920000
2023-01-19 15:26:46.177000,1.28494,1.28483,2250000,2170000
2023-01-19 15:26:46.279000,1.28495,1.28484,1800000,2850000
2023-01-19 15:26:46.381000,1.28495,1.28486,2250000,1200000
2023-01-19 15:26:46.733000,1.28494,1.28486,1350000,1200000
2023-01-19 15:26:46.835000,1.28494,1.28485,1350000,1200000
2023-01-19 15:26:46.937000,1.28494,1.28484,1800000,1350000
2023-01-19 15:26:47.441000,1.28494,1.28484,1200000,1700000
2023-01-19 15:26:48.052000,1.28494,1.28484,1800000,1350000
2023-01-19 15:26:48.306000,1.28494,1.28483,1720000,2790000
2023-01-19 15:26:52.034000,1.28492,1.28482,1200000,1800000
2023-01-19 15:26:52.086000,1.28492,1.28481,2250000,2560000
2023-01-19 15:26:52.238000,1.28489,1.28481,1800000,1200000
2023-01-19 15:26:52.340000,1.28489,1.28479,1800000,2020000
2023-01-19 15:26:52.594000,1.28487,1.28476,1600000,1350000
2023-01-19 15:26:52.695000,1.28485,1.28475,1720000,1200000
2023-01-19 15:26:52.848000,1.28483,1.28474,1720000,1200000
2023-01-19 15:26:52.950000,1.28483,1.28473,2470000,1800000
2023-01-19 15:26:53.203000,1.28483,1.28473,2250000,1200000
2023-01-19 15:26:53.970000,1.28484,1.28474,1200000,1600000
2023-01-19 15:26:54.021000,1.28485,1.28472,2250000,1890000
2023-01-19 15:26:54.882000,1.28483,1.28473,1200000,1890000
2023-01-19 15:26:54.983000,1.28483,1.28474,1200000,1200000
2023-01-19 15:26:55.744000,1.28482,1.28474,1200000,1200000
2023-01-19 15:26:56.616000,1.28484,1.28473,1200000,2250000
2023-01-19 15:26:59.997000,1.28484,1.28476,1200000,1800000
2023-01-19 15:27:00.098000,1.28488,1.2848,1600000,1200000
2023-01-19 15:27:00.150000,1.28489,1.28478,3150000,1800000
2023-01-19 15:27:00.302000,1.28489,1.28478,1800000,2740000
2023-01-19 15:27:04.126000,1.28489,1.28478,1350000,2100000
2023-01-19 15:27:04.232000,1.28489,1.28478,2850000,1350000
2023-01-19 15:27:04.283000,1.28486,1.28477,1350000,1350000
2023-01-19 15:27:04.386000,1.28486,1.28476,1720000,1200000
2023-01-19 15:27:04.487000,1.28487,1.28474,1720000,1200000
2023-01-19 15:27:07.805000,1.28485,1.28474,2100000,1350000
2023-01-19 15:27:07.907000,1.28485,1.28476,2100000,1200000
2023-01-19 15:27:09.696000,1.28484,1.28474,1350000,2250000
2023-01-19 15:27:10.065000,1.28484,1.28474,1200000,1700000
2023-01-19 15:27:10.167000,1.28485,1.28475,1800000,1350000
2023-01-19 15:27:10.268000,1.28484,1.28474,1200000,2170000
2023-01-19 15:27:10.526000,1.28484,1.28476,1200000,1350000
2023-01-19 15:27:10.628000,1.28485,1.28476,1200000,1350000
2023-01-19 15:27:10.912000,1.28485,1.28477,1200000,1200000
2023-01-19 15:27:10.964000,1.28485,1.28478,1200000,3490000
2023-01-19 15:27:11.065000,1.2849,1.28479,1200000,1350000
2023-01-19 15:27:14.507000,1.28487,1.2848,1200000,1200000
2023-01-19 15:27:14.710000,1.28487,1.28478,1200000,1800000
2023-01-19 15:27:15.624000,1.28487,1.28479,1200000,1600000
2023-01-19 15:27:15.972000,1.2849,1.28478,1350000,1350000
2023-01-19 15:27:17.425000,1.2849,1.28479,1600000,1200000
2023-01-19 15:27:18.194000,1.28486,1.28477,1350000,1200000
2023-01-19 15:27:18.296000,1.28486,1.28475,2170000,1200000
2023-01-19 15:27:19.938000,1.28483,1.28473,1700000,1350000
2023-01-19 15:27:20.040000,1.28482,1.28472,1720000,1800000
2023-01-19 15:27:21.075000,1.28482,1.28472,1350000,2470000
2023-01-19 15:27:21.894000,1.28482,1.28472,1350000,1420000
2023-01-19 15:27:23.115000,1.28483,1.28475,1100000,1200000
2023-01-19 15:27:23.166000,1.28485,1.28476,1350000,1200000
2023-01-19 15:27:23.268000,1.28487,1.28476,3220000,1440000
2023-01-19 15:27:23.442000,1.28487,1.28476,3220000,1500000
2023-01-19 15:27:24.988000,1.28488,1.2848,1100000,1890000
2023-01-19 15:27:25.090000,1.28494,1.28484,1850000,1200000
2023-01-19 15:27:25.242000,1.28495,1.28484,2770000,1440000
2023-01-19 15:27:25.445000,1.28495,1.28484,1600000,3370000
2023-01-19 15:27:25.681000,1.28495,1.28484,1720000,2620000
2023-01-19 15:27:25.992000,1.28496,1.28486,1350000,1870000
2023-01-19 15:27:26.527000,1.28494,1.28485,2250000,2700000
2023-01-19 15:27:26.629000,1.28494,1.28486,1200000,1200000
2023-01-19 15:27:27.130000,1.28496,1.28486,1350000,1200000
2023-01-19 15:27:27.837000,1.28494,1.28484,1350000,2790000
2023-01-19 15:27:27.939000,1.28494,1.28485,1350000,1210000
2023-01-19 15:27:28.041000,1.28496,1.28484,1350000,1210000
2023-01-19 15:27:28.345000,1.28495,1.28485,1800000,1200000
2023-01-19 15:27:28.497000,1.28494,1.28483,1720000,2560000
2023-01-19 15:27:28.599000,1.28493,1.28483,1600000,1120000
2023-01-19 15:27:29.566000,1.28493,1.28482,1700000,2920000
2023-01-19 15:27:30.056000,1.28494,1.28485,2100000,1200000
2023-01-19 15:27:30.157000,1.28493,1.28483,1350000,1570000
2023-01-19 15:27:30.259000,1.28492,1.28483,1200000,1500000
2023-01-19 15:27:30.361000,1.28492,1.28483,1200000,1660000
2023-01-19 15:27:30.463000,1.28492,1.28482,1350000,1660000
2023-01-19 15:27:30.565000,1.28492,1.28482,1350000,2100000
2023-01-19 15:27:30.666000,1.28491,1.28482,1200000,1570000
2023-01-19 15:27:31.660000,1.2849,1.28481,1200000,1600000
2023-01-19 15:27:33.693000,1.2849,1.2848,1200000,1700000
2023-01-19 15:27:35.146000,1.28489,1.28482,1200000,1420000
2023-01-19 15:27:35.248000,1.28492,1.28485,1200000,1210000
2023-01-19 15:27:35.350000,1.28493,1.28486,1200000,2380000
2023-01-19 15:27:37.059000,1.28494,1.28484,1200000,2290000
2023-01-19 15:27:37.161000,1.28492,1.28484,1200000,1350000
2023-01-19 15:27:37.564000,1.28491,1.28484,1200000,1200000
2023-01-19 15:27:37.716000,1.28491,1.28485,1200000,1120000
2023-01-19 15:27:37.818000,1.28493,1.28486,1200000,1020000
2023-01-19 15:27:38.536000,1.28493,1.28485,1200000,2560000
2023-01-19 15:27:38.655000,1.28493,1.28485,1200000,2470000
2023-01-19 15:27:40.803000,1.28493,1.28485,1200000,1350000
2023-01-19 15:27:42.835000,1.28493,1.28485,1200000,1600000
2023-01-19 15:27:42.886000,1.28494,1.28486,1200000,3860000
2023-01-19 15:27:42.937000,1.28494,1.28486,1200000,1350000
2023-01-19 15:27:46.528000,1.28495,1.28489,1200000,1350000
2023-01-19 15:27:46.630000,1.28499,1.28489,1200000,2030000
2023-01-19 15:27:46.732000,1.28503,1.28498,1600000,1200000
2023-01-19 15:27:46.834000,1.28505,1.285,1100000,1320000
2023-01-19 15:27:46.885000,1.28506,1.285,1200000,1320000
2023-01-19 15:27:46.936000,1.28509,1.285,1200000,1210000
2023-01-19 15:27:47.090000,1.28511,1.28502,1200000,2000000
2023-01-19 15:27:47.192000,1.28513,1.28503,1350000,1660000
2023-01-19 15:27:47.534000,1.28513,1.28503,1200000,1500000
2023-01-19 15:27:47.737000,1.28513,1.28503,1200000,1660000
2023-01-19 15:27:48.074000,1.28513,1.28504,1200000,1660000
2023-01-19 15:27:48.176000,1.28513,1.28505,1200000,1210000
2023-01-19 15:27:48.227000,1.28515,1.28507,1200000,1200000
2023-01-19 15:27:48.329000,1.28516,1.28509,1200000,1200000
2023-01-19 15:27:48.431000,1.28517,1.28509,1200000,1200000
2023-01-19 15:27:49.088000,1.28515,1.28506,1800000,2250000
2023-01-19 15:27:49.139000,1.28516,1.28503,2340000,2920000
2023-01-19 15:27:49.190000,1.28513,1.28504,1200000,1350000
2023-01-19 15:27:49.292000,1.28511,1.28504,1200000,1350000
2023-01-19 15:27:51.104000,1.2851,1.28501,1200000,4500000
2023-01-19 15:27:51.206000,1.28508,1.285,1200000,1440000
2023-01-19 15:27:52.044000,1.28509,1.28499,1200000,1500000
2023-01-19 15:27:52.146000,1.28507,1.285,1200000,1200000
2023-01-19 15:27:52.664000,1.28507,1.285,1200000,1300000
2023-01-19 15:27:53.465000,1.28509,1.28501,1200000,2970000
2023-01-19 15:27:53.516000,1.2851,1.28502,1200000,2970000
2023-01-19 15:27:53.618000,1.2851,1.28505,1200000,1320000
2023-01-19 15:27:53.720000,1.28516,1.28509,1200000,1700000
2023-01-19 15:27:53.822000,1.28516,1.2851,1200000,1200000
2023-01-19 15:27:53.924000,1.28517,1.28509,1200000,1200000
2023-01-19 15:27:54.177000,1.28517,1.28511,1200000,1200000
2023-01-19 15:27:54.279000,1.28518,1.28511,1200000,1200000
2023-01-19 15:27:54.381000,1.28516,1.28509,1200000,1200000
2023-01-19 15:27:54.483000,1.28517,1.28509,1200000,1200000
2023-01-19 15:27:55.005000,1.28517,1.28508,1200000,2700000
2023-01-19 15:27:55.107000,1.28513,1.28505,1200000,1200000
2023-01-19 15:27:55.209000,1.28512,1.28503,1200000,1720000
2023-01-19 15:27:55.469000,1.28512,1.28502,1800000,3220000
2023-01-19 15:27:55.621000,1.28511,1.28503,1200000,1200000
2023-01-19 15:27:55.948000,1.2851,1.28502,1200000,1200000
2023-01-19 15:27:56.050000,1.28509,1.28503,1200000,1200000
2023-01-19 15:27:56.152000,1.2851,1.28503,1200000,1200000
2023-01-19 15:27:56.798000,1.2851,1.28501,1200000,1200000
2023-01-19 15:27:57.214000,1.2851,1.28501,1200000,1600000
2023-01-19 15:27:57.594000,1.28511,1.28501,1200000,1600000
2023-01-19 15:27:58.584000,1.28512,1.285,1200000,2050000
2023-01-19 15:27:58.748000,1.28512,1.28505,1200000,1200000
2023-01-19 15:27:58.850000,1.28514,1.28507,1200000,1800000
2023-01-19 15:27:58.952000,1.28516,1.28508,1200000,1350000
2023-01-19 15:28:00.695000,1.28517,1.2851,1200000,1200000
2023-01-19 15:28:00.799000,1.28523,1.28515,1200000,1240000
2023-01-19 15:28:00.853000,1.28525,1.28517,1200000,2340000
2023-01-19 15:28:00.955000,1.28527,1.28519,1200000,1200000
2023-01-19 15:28:01.057000,1.28529,1.2852,1350000,1240000
2023-01-19 15:28:01.159000,1.28533,1.28525,1200000,1200000
2023-01-19 15:28:01.260000,1.28535,1.28525,1800000,1800000
2023-01-19 15:28:01.716000,1.28535,1.28524,2700000,1350000
2023-01-19 15:28:02.088000,1.28535,1.28524,2370000,1350000
2023-01-19 15:28:02.190000,1.28535,1.28525,1350000,1350000
2023-01-19 15:28:02.241000,1.28536,1.28528,1200000,1800000
2023-01-19 15:28:02.343000,1.28538,1.28526,1890000,1200000
2023-01-19 15:28:02.699000,1.28537,1.28527,1990000,1800000
2023-01-19 15:28:02.801000,1.28537,1.28527,1890000,1350000
2023-01-19 15:28:02.902000,1.28534,1.28526,1200000,1800000
2023-01-19 15:28:02.953000,1.28535,1.28524,2340000,2700000
2023-01-19 15:28:03.055000,1.28534,1.28525,1320000,1200000
2023-01-19 15:28:04.378000,1.28536,1.2853,1600000,1840000
2023-01-19 15:28:04.480000,1.28544,1.28535,1350000,1200000
2023-01-19 15:28:04.683000,1.28546,1.28538,1720000,2250000
2023-01-19 15:28:04.785000,1.28548,1.2854,1240000,1200000
2023-01-19 15:28:04.836000,1.28548,1.28538,1620000,2700000
2023-01-19 15:28:05.039000,1.28547,1.28537,1440000,1200000
2023-01-19 15:28:05.140000,1.28545,1.28537,1220000,1200000
2023-01-19 15:28:05.242000,1.28544,1.28536,1890000,1200000
2023-01-19 15:28:05.445000,1.28543,1.28536,2340000,1200000
2023-01-19 15:28:05.547000,1.28544,1.28535,7350000,1200000
2023-01-19 15:28:05.750000,1.28544,1.28536,4050000,1200000
2023-01-19 15:28:05.852000,1.28544,1.28533,4050000,1950000
2023-01-19 15:28:06.156000,1.28544,1.28533,4050000,2700000
2023-01-19 15:28:06.362000,1.28544,1.28533,2340000,3080000
2023-01-19 15:28:06.565000,1.28544,1.28534,1350000,1870000
2023-01-19 15:28:06.789000,1.28544,1.28534,1440000,1300000
2023-01-19 15:28:06.891000,1.28544,1.28534,1890000,1800000
2023-01-19 15:28:07.500000,1.28546,1.28536,2700000,1210000
2023-01-19 15:28:08.441000,1.28545,1.28535,2220000,1200000
2023-01-19 15:28:08.543000,1.28543,1.28533,2370000,1200000
2023-01-19 15:28:08.645000,1.28537,1.28528,1320000,1200000
2023-01-19 15:28:08.747000,1.28536,1.28525,2170000,1120000
2023-01-19 15:28:09.444000,1.28535,1.28524,1800000,1890000
2023-01-19 15:28:10.646000,1.28535,1.28524,2550000,1800000
2023-01-19 15:28:10.799000,1.28534,1.28524,1620000,1200000
2023-01-19 15:28:10.850000,1.28531,1.28523,1440000,1200000
2023-01-19 15:28:10.952000,1.2853,1.28519,1440000,2110000
2023-01-19 15:28:11.464000,1.28533,1.28525,4090000,1440000
2023-01-19 15:28:11.566000,1.28536,1.28529,1200000,1120000
2023-01-19 15:28:11.668000,1.2854,1.2853,1800000,1950000
2023-01-19 15:28:11.769000,1.2854,1.2853,1200000,2170000
2023-01-19 15:28:12.749000,1.28539,1.28529,1320000,1360000
2023-01-19 15:28:12.851000,1.28539,1.28528,1320000,3230000
2023-01-19 15:28:13.155000,1.28539,1.28528,1320000,3550000
2023-01-19 15:28:13.257000,1.28539,1.28528,1320000,2110000
2023-01-19 15:28:13.308000,1.28536,1.28528,1200000,1720000
2023-01-19 15:28:13.410000,1.28536,1.28528,1200000,1660000
2023-01-19 15:28:13.461000,1.28538,1.28528,1200000,1980000
2023-01-19 15:28:13.563000,1.28538,1.28528,1200000,2060000
2023-01-19 15:28:13.665000,1.28539,1.28529,1890000,1890000
2023-01-19 15:28:13.920000,1.28539,1.28529,1990000,1350000
2023-01-19 15:28:14.022000,1.28539,1.28529,1890000,1890000
2023-01-19 15:28:14.347000,1.28539,1.28529,1890000,1990000
2023-01-19 15:28:14.449000,1.28539,1.28529,1890000,1350000
2023-01-19 15:28:14.827000,1.28537,1.28529,1200000,1890000
2023-01-19 15:28:15.121000,1.28539,1.28528,1890000,2110000
2023-01-19 15:28:15.223000,1.28539,1.28528,1990000,2020000
2023-01-19 15:28:15.476000,1.28539,1.28529,1200000,1800000
2023-01-19 15:28:15.578000,1.28538,1.28529,1200000,1660000
2023-01-19 15:28:15.680000,1.28539,1.28529,1200000,2470000
2023-01-19 15:28:16.137000,1.28536,1.28528,1320000,1120000
2023-01-19 15:28:16.239000,1.28535,1.28524,1350000,2520000
2023-01-19 15:28:16.392000,1.28535,1.28524,1440000,2740000
2023-01-19 15:28:16.494000,1.28535,1.28524,2370000,2430000
2023-01-19 15:28:17.347000,1.28535,1.28524,2340000,1980000
2023-01-19 15:28:17.449000,1.28534,1.28524,1200000,1320000
2023-01-19 15:28:17.500000,1.28537,1.28526,1700000,1660000
2023-01-19 15:28:17.551000,1.28537,1.28526,1320000,1440000
2023-01-19 15:28:17.653000,1.28537,1.28526,1320000,1500000
2023-01-19 15:28:17.856000,1.28537,1.28526,1320000,1660000
2023-01-19 15:28:17.958000,1.28537,1.28526,1320000,2000000
2023-01-19 15:28:18.059000,1.28537,1.28526,1320000,1660000
2023-01-19 15:28:18.170000,1.28538,1.28527,1440000,2560000
2023-01-19 15:28:18.373000,1.28538,1.28527,1440000,2360000
2023-01-19 15:28:18.712000,1.28536,1.28526,1440000,2250000
2023-01-19 15:28:18.763000,1.28536,1.28526,2340000,1800000
2023-01-19 15:28:19.581000,1.28536,1.28526,2370000,1200000
2023-01-19 15:28:19.683000,1.28535,1.28525,1440000,1200000
2023-01-19 15:28:19.837000,1.28532,1.28525,1200000,1200000
2023-01-19 15:28:19.990000,1.2853,1.28524,1200000,1200000
2023-01-19 15:28:20.041000,1.2853,1.28521,1200000,3150000
2023-01-19 15:28:20.143000,1.2853,1.2852,1200000,1210000
2023-01-19 15:28:21.759000,1.28531,1.28521,1320000,1200000
2023-01-19 15:28:21.810000,1.28533,1.28524,1800000,1200000
2023-01-19 15:28:21.861000,1.28535,1.28524,3600000,1240000
2023-01-19 15:28:21.963000,1.28535,1.28526,1200000,2560000
2023-01-19 15:28:22.015000,1.28537,1.28526,1200000,3460000
2023-01-19 15:28:22.116000,1.28537,1.28526,1200000,3260000
2023-01-19 15:28:22.218000,1.28537,1.28526,1200000,3460000
2023-01-19 15:28:22.743000,1.28537,1.28527,1200000,1350000
2023-01-19 15:28:22.948000,1.28538,1.28525,1700000,1800000
2023-01-19 15:28:23.066000,1.28536,1.28526,1720000,1200000
2023-01-19 15:28:23.582000,1.28535,1.28525,1200000,1200000
2023-01-19 15:28:23.634000,1.28528,1.28525,1200000,1200000
2023-01-19 15:28:23.685000,1.28529,1.28519,4740000,1200000
2023-01-19 15:28:23.736000,1.28525,1.28516,1350000,1300000
2023-01-19 15:28:23.838000,1.28527,1.28517,2340000,1350000
2023-01-19 15:28:23.939000,1.28527,1.28516,1890000,2340000
2023-01-19 15:28:24.294000,1.28527,1.28516,2250000,2370000
2023-01-19 15:28:24.345000,1.28529,1.28519,1200000,1890000
2023-01-19 15:28:24.447000,1.28529,1.28519,1840000,1800000
2023-01-19 15:28:24.549000,1.28527,1.28518,1350000,1440000
2023-01-19 15:28:24.600000,1.28529,1.28519,1320000,1800000
2023-01-19 15:28:24.803000,1.28529,1.28519,1320000,1800000
2023-01-19 15:28:25.678000,1.28529,1.28519,1320000,1800000
2023-01-19 15:28:25.780000,1.28528,1.28519,1440000,1200000
2023-01-19 15:28:25.882000,1.28527,1.28519,1350000,1200000
2023-01-19 15:28:25.984000,1.28529,1.28519,1800000,1200000
2023-01-19 15:28:26.085000,1.28529,1.28519,1200000,1500000
2023-01-19 15:28:26.706000,1.28529,1.28519,1320000,1350000
2023-01-19 15:28:26.941000,1.28529,1.28519,1200000,1610000
2023-01-19 15:28:29.716000,1.28529,1.28519,1240000,1530000
2023-01-19 15:28:30.624000,1.28528,1.2852,1320000,1200000
2023-01-19 15:28:31.923000,1.28528,1.2852,2370000,1200000
2023-01-19 15:28:32.657000,1.28527,1.28519,1200000,1200000
2023-01-19 15:28:32.758000,1.28528,1.28519,1320000,1200000
2023-01-19 15:28:32.936000,1.28528,1.28519,2370000,1200000
2023-01-19 15:28:33.038000,1.28527,1.28517,2570000,1080000
2023-01-19 15:28:33.140000,1.28527,1.28517,2550000,1200000
2023-01-19 15:28:33.484000,1.28527,1.28516,2340000,2550000
2023-01-19 15:28:33.636000,1.28527,1.28516,2740000,2100000
2023-01-19 15:28:33.738000,1.28527,1.28516,2790000,2170000
2023-01-19 15:28:34.038000,1.28528,1.28515,2250000,2760000
2023-01-19 15:28:35.682000,1.28528,1.28517,1350000,2920000
2023-01-19 15:28:36.228000,1.28528,1.28519,1350000,1200000
2023-01-19 15:28:36.533000,1.28529,1.28519,2340000,2470000
2023-01-19 15:28:37.384000,1.28531,1.28528,1350000,17190001
2023-01-19 15:28:37.435000,1.28541,1.28537,1800000,1800000
2023-01-19 15:28:37.537000,1.28543,1.2854,1200000,1200000
2023-01-19 15:28:37.639000,1.28545,1.28541,1200000,1350000
2023-01-19 15:28:37.690000,1.2855,1.28541,1800000,3370000
2023-01-19 15:28:38.256000,1.28551,1.28541,1200000,1200000
2023-01-19 15:28:39.936000,1.28546,1.28541,1660000,1350000
2023-01-19 15:28:40.038000,1.28543,1.28537,1440000,1350000
2023-01-19 15:28:40.089000,1.28543,1.28535,1890000,1200000
2023-01-19 15:28:40.191000,1.28543,1.28534,1200000,2250000
2023-01-19 15:28:40.292000,1.28542,1.28535,1200000,2470000
2023-01-19 15:28:40.394000,1.28542,1.28536,1200000,1200000
2023-01-19 15:28:40.496000,1.28545,1.28536,1890000,2250000
2023-01-19 15:28:40.648000,1.28545,1.28536,1840000,1200000
2023-01-19 15:28:40.801000,1.28545,1.28536,1440000,2020000
2023-01-19 15:28:40.903000,1.28545,1.28536,2590000,1200000
2023-01-19 15:28:41.105000,1.28545,1.28536,1890000,1200000
2023-01-19 15:28:41.257000,1.28545,1.28536,1840000,1200000
2023-01-19 15:28:41.371000,1.28545,1.28536,1890000,1200000
2023-01-19 15:28:41.524000,1.28545,1.28536,1840000,1200000
2023-01-19 15:28:41.744000,1.28546,1.28534,1840000,3370000
2023-01-19 15:28:41.845000,1.28545,1.28536,1840000,1200000
2023-01-19 15:28:41.947000,1.28546,1.28536,1840000,1200000
2023-01-19 15:28:42.153000,1.28545,1.28536,1840000,1200000
2023-01-19 15:28:42.356000,1.28543,1.28535,2790000,1200000
2023-01-19 15:28:42.458000,1.28543,1.28534,2790000,1200000
2023-01-19 15:28:42.849000,1.28543,1.28534,4090000,1200000
2023-01-19 15:28:42.950000,1.28543,1.28534,4590000,1200000
2023-01-19 15:28:43.449000,1.28543,1.28535,2790000,1200000
2023-01-19 15:28:43.601000,1.28544,1.28535,1890000,1200000
2023-01-19 15:28:43.929000,1.28545,1.28536,1320000,1200000
2023-01-19 15:28:44.323000,1.28546,1.28537,2970000,1200000
2023-01-19 15:28:44.475000,1.28547,1.28535,1720000,2700000
2023-01-19 15:28:44.651000,1.28547,1.28535,1200000,2700000
2023-01-19 15:28:44.905000,1.28547,1.28536,1440000,3410000
2023-01-19 15:28:45.007000,1.28547,1.28537,1200000,1800000
2023-01-19 15:28:45.109000,1.28549,1.2854,1440000,2250000
2023-01-19 15:28:45.261000,1.28551,1.28546,1350000,1200000
2023-01-19 15:28:45.312000,1.28553,1.28545,2700000,1300000
2023-01-19 15:28:45.363000,1.28552,1.28542,1890000,4050000
2023-01-19 15:28:45.414000,1.28551,1.28541,1350000,3150000
2023-01-19 15:28:45.949000,1.2855,1.28541,1240000,2250000
2023-01-19 15:28:46.051000,1.28548,1.28539,1440000,1200000
2023-01-19 15:28:46.421000,1.28548,1.28537,1320000,2290000
2023-01-19 15:28:46.522000,1.28547,1.28537,1890000,1200000
2023-01-19 15:28:46.573000,1.28545,1.28537,1600000,1200000
2023-01-19 15:28:46.802000,1.28545,1.28535,2170000,3150000
2023-01-19 15:28:46.903000,1.28544,1.28535,1100000,3150000
2023-01-19 15:28:47.900000,1.28546,1.28536,1700000,1570000
2023-01-19 15:28:47.951000,1.28546,1.28536,1200000,2470000
2023-01-19 15:28:49.201000,1.28547,1.28536,1320000,3220000
2023-01-19 15:28:50.007000,1.28541,1.28536,1800000,1350000
2023-01-19 15:28:50.058000,1.28543,1.28535,3690000,1350000
2023-01-19 15:28:50.210000,1.28543,1.28533,2790000,1080000
2023-01-19 15:28:50.261000,1.28545,1.28534,1890000,3220000
2023-01-19 15:28:50.679000,1.28548,1.28537,1440000,2470000
2023-01-19 15:28:50.781000,1.28548,1.28539,1440000,1480000
2023-01-19 15:28:50.882000,1.28548,1.2854,1200000,1030000
2023-01-19 15:28:51.301000,1.28549,1.2854,1320000,1030000
2023-01-19 15:28:52.464000,1.2855,1.28541,1350000,1200000
2023-01-19 15:28:52.566000,1.28551,1.28542,1200000,2920000
2023-01-19 15:28:52.617000,1.28553,1.28542,4590000,3150000
2023-01-19 15:28:52.719000,1.28553,1.28543,2700000,3280000
2023-01-19 15:28:52.820000,1.28553,1.28544,2700000,2020000
2023-01-19 15:28:53.023000,1.28551,1.28544,1320000,1080000
2023-01-19 15:28:53.074000,1.28551,1.28542,1440000,1710000
2023-01-19 15:28:53.466000,1.28551,1.28543,1440000,1200000
2023-01-19 15:28:53.726000,1.28553,1.28543,4090000,1120000
2023-01-19 15:28:53.929000,1.28553,1.28543,3670000,1800000
2023-01-19 15:28:54.489000,1.28553,1.28543,4660000,1710000
2023-01-19 15:28:54.591000,1.28551,1.28543,1320000,1200000
2023-01-19 15:28:54.693000,1.28552,1.28543,1350000,1930000
2023-01-19 15:28:54.896000,1.28552,1.28544,1350000,1200000
2023-01-19 15:28:55.248000,1.28552,1.28543,1350000,1930000
2023-01-19 15:28:55.405000,1.28553,1.28549,1800000,1200000
2023-01-19 15:28:55.507000,1.28561,1.28555,1200000,1200000
2023-01-19 15:28:55.609000,1.28566,1.28556,4470000,1200000
2023-01-19 15:28:55.660000,1.28565,1.28557,2700000,3100000
2023-01-19 15:28:55.762000,1.28573,1.28565,1100000,1120000
2023-01-19 15:28:55.864000,1.28576,1.28569,1440000,1200000
2023-01-19 15:28:55.915000,1.28575,1.28567,1890000,1200000
2023-01-19 15:28:55.966000,1.28573,1.28567,1840000,1200000
2023-01-19 15:28:56.068000,1.28569,1.28564,1240000,1200000
2023-01-19 15:28:56.119000,1.28568,1.28561,1890000,1200000
2023-01-19 15:28:56.222000,1.28566,1.28561,1200000,1200000
2023-01-19 15:28:56.324000,1.28565,1.28558,1200000,1200000
2023-01-19 15:28:56.375000,1.28563,1.28558,1200000,1200000
2023-01-19 15:28:56.476000,1.28563,1.28557,1200000,1200000
2023-01-19 15:28:56.578000,1.28563,1.28556,1800000,1200000
2023-01-19 15:28:57.135000,1.28563,1.28555,1200000,1200000
2023-01-19 15:28:57.389000,1.28562,1.28555,1620000,1200000
2023-01-19 15:28:57.491000,1.28561,1.28553,2970000,1200000
2023-01-19 15:28:57.542000,1.28558,1.28553,1200000,1200000
2023-01-19 15:28:57.593000,1.28558,1.2855,1200000,1200000
2023-01-19 15:28:57.695000,1.28559,1.2855,1890000,1200000
2023-01-19 15:28:57.746000,1.28557,1.2855,1200000,1200000
2023-01-19 15:28:57.935000,1.28557,1.2855,1200000,1600000
2023-01-19 15:28:58.037000,1.2856,1.28551,1200000,1850000
2023-01-19 15:28:58.089000,1.28563,1.28553,2250000,2020000
2023-01-19 15:28:58.190000,1.28564,1.28555,3240000,1200000
2023-01-19 15:28:59.688000,1.28564,1.28555,2490000,1200000
2023-01-19 15:28:59.790000,1.2856,1.28553,3690000,1200000
2023-01-19 15:28:59.892000,1.28559,1.28552,1800000,1200000
2023-01-19 15:29:00.069000,1.28559,1.28551,1800000,1200000
2023-01-19 15:29:00.171000,1.2856,1.28549,1800000,1200000
2023-01-19 15:29:00.273000,1.28554,1.28548,1200000,1120000
2023-01-19 15:29:01.572000,1.28556,1.28548,1440000,1200000
2023-01-19 15:29:02.165000,1.28558,1.28548,1200000,1200000
2023-01-19 15:29:02.317000,1.28556,1.28547,1200000,1200000
2023-01-19 15:29:02.419000,1.28556,1.28546,1350000,1800000
2023-01-19 15:29:02.784000,1.28556,1.28547,1200000,1200000
2023-01-19 15:29:02.886000,1.28556,1.28549,1200000,1200000
2023-01-19 15:29:03.346000,1.28555,1.28547,1200000,1200000
2023-01-19 15:29:03.752000,1.28556,1.28544,1200000,1350000
2023-01-19 15:29:03.854000,1.28555,1.28545,1200000,1420000
2023-01-19 15:29:03.955000,1.28556,1.28545,1800000,1570000
2023-01-19 15:29:04.474000,1.28554,1.28541,1890000,2920000
2023-01-19 15:29:04.576000,1.28551,1.28541,1800000,1100000
2023-01-19 15:29:04.678000,1.28551,1.2854,3240000,1660000
2023-01-19 15:29:04.729000,1.28552,1.28539,4590000,1500000
2023-01-19 15:29:04.781000,1.28551,1.2854,5040000,1210000
2023-01-19 15:29:04.832000,1.28549,1.28539,1200000,1660000
2023-01-19 15:29:04.934000,1.28548,1.28537,1800000,1800000
2023-01-19 15:29:05.035000,1.28543,1.28536,1200000,1400000
2023-01-19 15:29:05.137000,1.28546,1.28536,1200000,1420000
2023-01-19 15:29:05.239000,1.28546,1.28536,1200000,1350000
2023-01-19 15:29:05.341000,1.28547,1.28534,1990000,1420000
2023-01-19 15:29:05.392000,1.28544,1.28534,1200000,1440000
2023-01-19 15:29:05.494000,1.28544,1.28533,1320000,1200000
2023-01-19 15:29:05.545000,1.28541,1.28532,1200000,2740000
2023-01-19 15:29:05.647000,1.28542,1.2853,1800000,1570000
2023-01-19 15:29:05.901000,1.28542,1.2853,1800000,1420000
2023-01-19 15:29:06.003000,1.2854,1.28529,2370000,1500000
2023-01-19 15:29:06.104000,1.28537,1.28529,1200000,1600000
2023-01-19 15:29:06.207000,1.28539,1.2853,1200000,3010000
2023-01-19 15:29:07.093000,1.28541,1.2853,1800000,2650000
2023-01-19 15:29:07.195000,1.28541,1.2853,1800000,2630000
2023-01-19 15:29:07.297000,1.28539,1.2853,1200000,1890000
2023-01-19 15:29:07.449000,1.28539,1.2853,1200000,2370000
2023-01-19 15:29:07.642000,1.28542,1.28529,1800000,2630000
2023-01-19 15:29:07.744000,1.28541,1.2853,1800000,2900000
2023-01-19 15:29:09.009000,1.28541,1.28532,1200000,1850000
2023-01-19 15:29:09.111000,1.28542,1.28533,1200000,2000000
2023-01-19 15:29:09.314000,1.28543,1.28533,1200000,1800000
2023-01-19 15:29:09.466000,1.28544,1.28533,2340000,2100000
2023-01-19 15:29:09.568000,1.28543,1.28533,1200000,1850000
2023-01-19 15:29:09.670000,1.28543,1.28531,1200000,1210000
2023-01-19 15:29:09.772000,1.28541,1.2853,1200000,1200000
2023-01-19 15:29:09.873000,1.28541,1.28531,1800000,1200000
2023-01-19 15:29:10.227000,1.28542,1.28529,2250000,1210000
2023-01-19 15:29:10.380000,1.28541,1.2853,2370000,1200000
2023-01-19 15:29:10.481000,1.28538,1.28528,1220000,1430000
2023-01-19 15:29:10.583000,1.28534,1.28525,1200000,1420000
2023-01-19 15:29:10.634000,1.28534,1.28524,1800000,1120000
2023-01-19 15:29:10.787000,1.28533,1.28522,1800000,2620000
2023-01-19 15:29:10.889000,1.28532,1.28522,1800000,1420000
2023-01-19 15:29:10.940000,1.28532,1.28522,1200000,2250000
2023-01-19 15:29:11.092000,1.28534,1.28524,1800000,1200000
2023-01-19 15:29:11.620000,1.28534,1.28524,1200000,1300000
2023-01-19 15:29:11.772000,1.28534,1.28525,1200000,1420000
2023-01-19 15:29:11.874000,1.28537,1.28528,1200000,1570000
2023-01-19 15:29:11.925000,1.28539,1.28529,2700000,1120000
2023-01-19 15:29:12.027000,1.28541,1.2853,1800000,1800000
2023-01-19 15:29:12.281000,1.28541,1.28531,1200000,1850000
2023-01-19 15:29:12.501000,1.28541,1.28531,1200000,1210000
2023-01-19 15:29:12.704000,1.28541,1.28535,1200000,1610000
2023-01-19 15:29:12.806000,1.28547,1.28538,1350000,1420000
2023-01-19 15:29:12.908000,1.28549,1.28538,1200000,2920000
2023-01-19 15:29:13.009000,1.28549,1.28539,1200000,1020000
2023-01-19 15:29:13.642000,1.2855,1.2854,1800000,1200000
2023-01-19 15:29:13.743000,1.2855,1.2854,1800000,1720000
2023-01-19 15:29:14.087000,1.28549,1.28538,1200000,2350000
2023-01-19 15:29:14.138000,1.28549,1.28538,1350000,1570000
2023-01-19 15:29:14.341000,1.2855,1.2854,2700000,1350000
2023-01-19 15:29:15.031000,1.2855,1.2854,1800000,1700000
2023-01-19 15:29:15.692000,1.28551,1.28539,1800000,1320000
2023-01-19 15:29:16.277000,1.28549,1.28538,1200000,1810000
2023-01-19 15:29:16.328000,1.28549,1.28538,1800000,2020000
2023-01-19 15:29:16.480000,1.2855,1.2854,2250000,1200000
2023-01-19 15:29:16.792000,1.28549,1.2854,1200000,1200000
2023-01-19 15:29:17.325000,1.2855,1.2854,1200000,1120000
2023-01-19 15:29:18.427000,1.2855,1.28544,1200000,1200000
2023-01-19 15:29:18.529000,1.28556,1.28546,1350000,1350000
2023-01-19 15:29:18.631000,1.28556,1.28547,1200000,3010000
2023-01-19 15:29:19.726000,1.28557,1.28547,1200000,2470000
2023-01-19 15:29:20.355000,1.28557,1.28547,1200000,2550000
2023-01-19 15:29:20.457000,1.28558,1.28548,1350000,1350000
2023-01-19 15:29:20.559000,1.28558,1.28549,1200000,1200000
2023-01-19 15:29:21.974000,1.28558,1.2855,1200000,1200000
2023-01-19 15:29:22.025000,1.2856,1.28553,1800000,1120000
2023-01-19 15:29:22.127000,1.28563,1.28553,1200000,1200000
2023-01-19 15:29:22.178000,1.28565,1.28554,2790000,1200000
2023-01-19 15:29:22.229000,1.28563,1.28554,1200000,1200000
2023-01-19 15:29:22.331000,1.28564,1.28553,1200000,2110000
2023-01-19 15:29:22.432000,1.28561,1.2855,1440000,2490000
2023-01-19 15:29:22.483000,1.28561,1.2855,1890000,2250000
2023-01-19 15:29:22.787000,1.28562,1.28551,2470000,1850000
2023-01-19 15:29:22.940000,1.28565,1.28554,1350000,1350000
2023-01-19 15:29:23.042000,1.28567,1.28555,2250000,1200000
2023-01-19 15:29:23.295000,1.28566,1.28556,1350000,2170000
2023-01-19 15:29:23.476000,1.28567,1.28557,1800000,1350000
2023-01-19 15:29:24.026000,1.28566,1.28555,1350000,2970000
2023-01-19 15:29:24.773000,1.28566,1.28555,1200000,2020000
2023-01-19 15:29:25.542000,1.28567,1.28557,1440000,1200000
2023-01-19 15:29:25.643000,1.28566,1.28555,1800000,2700000
2023-01-19 15:29:25.796000,1.28567,1.28556,2340000,1120000
2023-01-19 15:29:25.897000,1.28567,1.2856,1800000,1200000
2023-01-19 15:29:26.420000,1.28567,1.28557,1200000,1200000
2023-01-19 15:29:26.572000,1.28567,1.28557,1600000,1200000
2023-01-19 15:29:26.674000,1.28567,1.28558,2700000,1200000
2023-01-19 15:29:26.776000,1.28565,1.2856,1200000,1200000
2023-01-19 15:29:26.827000,1.28567,1.2856,1350000,1200000
2023-01-19 15:29:27.114000,1.28566,1.28559,1200000,1200000
2023-01-19 15:29:27.216000,1.28566,1.2856,1200000,1200000
2023-01-19 15:29:27.317000,1.28568,1.28559,1440000,1200000
2023-01-19 15:29:28.229000,1.28566,1.28559,2100000,1200000
2023-01-19 15:29:28.330000,1.28566,1.28559,1200000,1200000
2023-01-19 15:29:28.801000,1.28566,1.28559,1600000,1200000
2023-01-19 15:29:28.954000,1.28565,1.28558,1350000,1200000
2023-01-19 15:29:29.277000,1.28566,1.28559,1200000,1200000
2023-01-19 15:29:29.378000,1.28566,1.2856,1200000,1200000
2023-01-19 15:29:29.480000,1.28568,1.28559,2340000,1200000
2023-01-19 15:29:31.050000,1.28568,1.2856,2790000,1200000
2023-01-19 15:29:31.152000,1.28568,1.28561,2250000,1200000
2023-01-19 15:29:31.254000,1.28571,1.28562,1200000,3600000
2023-01-19 15:29:31.355000,1.28575,1.28565,1350000,2100000
2023-01-19 15:29:31.457000,1.28576,1.28568,2470000,1200000
2023-01-19 15:29:31.694000,1.28573,1.28567,1200000,1200000
2023-01-19 15:29:31.998000,1.28573,1.28564,1200000,1200000
2023-01-19 15:29:32.049000,1.28575,1.28565,1350000,1100000
2023-01-19 15:29:32.151000,1.28575,1.28567,1350000,1200000
2023-01-19 15:29:32.903000,1.28575,1.28567,2550000,1200000
2023-01-19 15:29:32.954000,1.28573,1.28565,1200000,1200000
2023-01-19 15:29:33.509000,1.28572,1.28565,1200000,1200000
2023-01-19 15:29:34.446000,1.28571,1.28563,1720000,1200000
2023-01-19 15:29:34.548000,1.28569,1.28561,1890000,1200000
2023-01-19 15:29:34.650000,1.28569,1.2856,2470000,1200000
2023-01-19 15:29:34.701000,1.2857,1.28562,1100000,1200000
2023-01-19 15:29:34.803000,1.28572,1.28561,2250000,1800000
2023-01-19 15:29:34.904000,1.28572,1.28562,1350000,1200000
2023-01-19 15:29:35.834000,1.28573,1.28563,1200000,1200000
2023-01-19 15:29:35.936000,1.28574,1.28565,1350000,1200000
2023-01-19 15:29:36.037000,1.28574,1.28566,1350000,1200000
2023-01-19 15:29:36.847000,1.28574,1.28567,1350000,1200000
2023-01-19 15:29:37.134000,1.28574,1.28566,1350000,1200000
2023-01-19 15:29:37.287000,1.28573,1.28566,1200000,1200000
2023-01-19 15:29:38.524000,1.28569,1.28564,1890000,1200000
2023-01-19 15:29:38.626000,1.28568,1.28562,3240000,1200000
2023-01-19 15:29:38.829000,1.28571,1.28562,1200000,1350000
2023-01-19 15:29:40.285000,1.28569,1.28564,1890000,1200000
2023-01-19 15:29:40.387000,1.28574,1.28564,1100000,1200000
2023-01-19 15:29:40.439000,1.28574,1.28565,1100000,1420000
2023-01-19 15:29:40.490000,1.28575,1.28568,1200000,1200000
2023-01-19 15:29:41.548000,1.28576,1.2857,1200000,1200000
2023-01-19 15:29:42.485000,1.28575,1.28569,1320000,1200000
2023-01-19 15:29:42.587000,1.28575,1.28568,2250000,1200000
2023-01-19 15:29:42.870000,1.28575,1.2857,1200000,1200000
2023-01-19 15:29:42.972000,1.28579,1.28571,2550000,1200000
2023-01-19 15:29:44.056000,1.28576,1.2857,1200000,1200000
2023-01-19 15:29:44.158000,1.28574,1.28568,1200000,1200000
2023-01-19 15:29:44.361000,1.28575,1.28566,1350000,1200000
2023-01-19 15:29:44.634000,1.28574,1.2857,1200000,1350000
2023-01-19 15:29:44.736000,1.28581,1.28575,1720000,1570000
2023-01-19 15:29:44.787000,1.28583,1.28575,1100000,2170000
2023-01-19 15:29:44.889000,1.28584,1.28576,1100000,1200000
2023-01-19 15:29:44.940000,1.28584,1.28577,1200000,1200000
2023-01-19 15:29:45.414000,1.28586,1.28577,1600000,1200000
2023-01-19 15:29:45.516000,1.28584,1.28577,1320000,1350000
2023-01-19 15:29:45.682000,1.28581,1.28577,2250000,1200000
2023-01-19 15:29:45.784000,1.28584,1.28576,2850000,1120000
2023-01-19 15:29:45.885000,1.28584,1.28577,1200000,1200000
2023-01-19 15:29:46.972000,1.28585,1.28578,1800000,1200000
2023-01-19 15:29:47.729000,1.28585,1.28578,1350000,1200000
2023-01-19 15:29:48.152000,1.28586,1.2858,1350000,1200000
2023-01-19 15:29:48.253000,1.28587,1.28578,1320000,1200000
2023-01-19 15:29:48.406000,1.28585,1.28578,1200000,1200000
2023-01-19 15:29:48.508000,1.28586,1.28578,1890000,1200000
2023-01-19 15:29:48.610000,1.28586,1.28578,2550000,1200000
2023-01-19 15:29:49.066000,1.28585,1.28578,1200000,1200000
2023-01-19 15:29:49.605000,1.28582,1.28577,1350000,1200000
2023-01-19 15:29:49.708000,1.28583,1.28577,1200000,1200000
2023-01-19 15:29:49.810000,1.28585,1.28578,2100000,1200000
2023-01-19 15:29:50.768000,1.28585,1.28577,1700000,1200000
2023-01-19 15:29:50.819000,1.28584,1.28576,1800000,1200000
2023-01-19 15:29:52.110000,1.28585,1.28577,1600000,1200000
2023-01-19 15:29:52.313000,1.28585,1.28578,2920000,1200000
2023-01-19 15:29:52.364000,1.28586,1.28575,2920000,1350000
2023-01-19 15:29:52.874000,1.28585,1.28576,2250000,1350000
2023-01-19 15:29:53.432000,1.28586,1.28577,3690000,1200000
2023-01-19 15:29:53.753000,1.28584,1.28577,1440000,1200000
2023-01-19 15:29:53.854000,1.28584,1.28577,1100000,1200000
2023-01-19 15:29:54.158000,1.28583,1.28575,1800000,1200000
2023-01-19 15:29:54.552000,1.28584,1.28573,1800000,1200000
2023-01-19 15:29:55.566000,1.28582,1.28575,1200000,1300000
2023-01-19 15:29:55.668000,1.28584,1.28577,1200000,1200000
2023-01-19 15:29:56.988000,1.28587,1.28577,1440000,1200000
2023-01-19 15:29:57.090000,1.28585,1.28577,1320000,1200000
2023-01-19 15:29:57.212000,1.28585,1.28577,1200000,1200000
2023-01-19 15:29:57.415000,1.28586,1.28578,1100000,1200000
2023-01-19 15:29:57.517000,1.28589,1.28578,1800000,1800000
2023-01-19 15:29:58.125000,1.2859,1.28578,1800000,1200000
2023-01-19 15:29:58.480000,1.2859,1.28581,1200000,1200000
2023-01-19 15:29:58.733000,1.28591,1.28581,1890000,1200000
2023-01-19 15:29:58.835000,1.28591,1.28582,1890000,1200000
2023-01-19 15:29:59.564000,1.28588,1.2858,1350000,1200000
2023-01-19 15:30:00.128000,1.28588,1.2858,1600000,1200000
2023-01-19 15:30:00.735000,1.28588,1.2858,1200000,1200000
2023-01-19 15:30:01.039000,1.28588,1.28579,1200000,1200000
2023-01-19 15:30:02.577000,1.28588,1.2858,1200000,1200000
2023-01-19 15:30:02.881000,1.2859,1.28579,1350000,1350000
2023-01-19 15:30:02.983000,1.28591,1.28583,2100000,1200000
2023-01-19 15:30:03.084000,1.28592,1.28583,3300000,1200000
2023-01-19 15:30:05.066000,1.28588,1.28581,1890000,1350000
2023-01-19 15:30:05.168000,1.2859,1.28579,2920000,1200000
2023-01-19 15:30:05.269000,1.28589,1.28579,2920000,1200000
2023-01-19 15:30:06.787000,1.28589,1.28581,3300000,1200000
2023-01-19 15:30:07.509000,1.28586,1.2858,1320000,1200000
2023-01-19 15:30:07.611000,1.28585,1.28578,1600000,1200000
2023-01-19 15:30:07.712000,1.28582,1.28576,1200000,1200000
2023-01-19 15:30:08.446000,1.28581,1.28574,1350000,1200000
2023-01-19 15:30:08.548000,1.28582,1.28575,1200000,1200000
2023-01-19 15:30:08.649000,1.28581,1.28575,1200000,1200000
2023-01-19 15:30:08.801000,1.28584,1.28577,1200000,1200000
2023-01-19 15:30:08.904000,1.28583,1.28578,1720000,1200000
2023-01-19 15:30:09.731000,1.28584,1.28578,2550000,1200000
2023-01-19 15:30:09.833000,1.28585,1.28577,1800000,1200000
2023-01-19 15:30:09.936000,1.28585,1.28577,1440000,1200000
2023-01-19 15:30:10.038000,1.28585,1.2858,1200000,1200000
2023-01-19 15:30:10.126000,1.28587,1.2858,1350000,1200000
2023-01-19 15:30:10.231000,1.28588,1.28583,1350000,1200000
2023-01-19 15:30:12.070000,1.28591,1.28581,1200000,1200000
2023-01-19 15:30:12.172000,1.28592,1.28584,2170000,1200000
2023-01-19 15:30:12.274000,1.28592,1.28586,1800000,1200000
2023-01-19 15:30:13.075000,1.28591,1.28585,1200000,1200000
2023-01-19 15:30:14.515000,1.28591,1.28584,1200000,1200000
2023-01-19 15:30:15.021000,1.28592,1.28585,2920000,1200000
2023-01-19 15:30:15.181000,1.2859,1.28584,1200000,1200000
2023-01-19 15:30:15.232000,1.28591,1.28584,1890000,1200000
2023-01-19 15:30:15.333000,1.28591,1.28585,1890000,1200000
2023-01-19 15:30:16.422000,1.28589,1.28584,1600000,1200000
2023-01-19 15:30:17.874000,1.2859,1.28584,1100000,1200000
2023-01-19 15:30:18.027000,1.28591,1.28584,2550000,1200000
2023-01-19 15:30:18.340000,1.28591,1.28583,1800000,1200000
2023-01-19 15:30:18.856000,1.28592,1.28583,1800000,1200000
2023-01-19 15:30:18.959000,1.28592,1.28585,2790000,1200000
2023-01-19 15:30:19.060000,1.28592,1.28585,1800000,1200000
2023-01-19 15:30:19.365000,1.28592,1.28585,2340000,1200000
2023-01-19 15:30:19.618000,1.28593,1.28585,1100000,3040000
2023-01-19 15:30:19.669000,1.28593,1.2859,1100000,1200000
2023-01-19 15:30:19.721000,1.28597,1.28593,1200000,1800000
2023-01-19 15:30:19.772000,1.28599,1.28593,1200000,1800000
2023-01-19 15:30:19.823000,1.28602,1.28592,1200000,1800000
2023-01-19 15:30:20.088000,1.28601,1.28594,1200000,1200000
2023-01-19 15:30:20.241000,1.28601,1.28594,1800000,1800000
2023-01-19 15:30:20.343000,1.28601,1.28593,2170000,1800000
2023-01-19 15:30:20.445000,1.28597,1.28593,1320000,1800000
2023-01-19 15:30:20.546000,1.28598,1.2859,1440000,1200000
2023-01-19 15:30:20.648000,1.28599,1.28591,1840000,1200000
2023-01-19 15:30:21.896000,1.28598,1.2859,1220000,1200000
2023-01-19 15:30:21.998000,1.28594,1.28588,1320000,1200000
2023-01-19 15:30:22.100000,1.28592,1.28587,1200000,1200000
2023-01-19 15:30:22.201000,1.28594,1.28587,1700000,1200000
2023-01-19 15:30:22.303000,1.28594,1.28587,1200000,1800000
2023-01-19 15:30:22.405000,1.28595,1.28587,1320000,1200000
2023-01-19 15:30:22.507000,1.28592,1.28587,1720000,1200000
2023-01-19 15:30:22.609000,1.28592,1.28586,1720000,1200000
2023-01-19 15:30:22.669000,1.28592,1.28584,1720000,1200000
2023-01-19 15:30:23.342000,1.2859,1.28584,1120000,1200000
2023-01-19 15:30:23.444000,1.2859,1.28583,1200000,1200000
2023-01-19 15:30:24.804000,1.2859,1.28583,1200000,1200000
2023-01-19 15:30:24.906000,1.28592,1.28583,3300000,1200000
2023-01-19 15:30:25.008000,1.28592,1.28584,1800000,1200000
2023-01-19 15:30:25.110000,1.2859,1.28585,2170000,1200000
2023-01-19 15:30:25.211000,1.28591,1.28583,1700000,1200000
2023-01-19 15:30:25.575000,1.28591,1.28584,1200000,1200000
2023-01-19 15:30:25.677000,1.28592,1.28584,1350000,1200000
2023-01-19 15:30:25.829000,1.28592,1.28584,1600000,1200000
2023-01-19 15:30:26.083000,1.28592,1.28586,1600000,1200000
2023-01-19 15:30:26.185000,1.28592,1.28585,1350000,1200000
2023-01-19 15:30:26.502000,1.28592,1.28584,1350000,1800000
2023-01-19 15:30:26.972000,1.28595,1.28587,1600000,1660000
2023-01-19 15:30:27.074000,1.28598,1.28591,1600000,1200000
2023-01-19 15:30:27.175000,1.286,1.28592,2100000,1200000
2023-01-19 15:30:27.277000,1.286,1.28593,1350000,1200000
2023-01-19 15:30:28.283000,1.28601,1.28593,1350000,1800000
2023-01-19 15:30:28.423000,1.28602,1.28592,1600000,1800000
2023-01-19 15:30:28.525000,1.28601,1.28592,1720000,1200000
2023-01-19 15:30:29.908000,1.286,1.28592,1720000,1200000
2023-01-19 15:30:30.010000,1.286,1.28593,1100000,1200000
2023-01-19 15:30:30.463000,1.286,1.28593,1200000,1200000
2023-01-19 15:30:31.230000,1.286,1.28593,1600000,1200000
2023-01-19 15:30:31.618000,1.286,1.28592,2100000,1800000
2023-01-19 15:30:32.185000,1.28599,1.28594,1350000,1200000
2023-01-19 15:30:32.797000,1.28599,1.28593,1350000,1200000
2023-01-19 15:30:34.037000,1.286,1.28594,1100000,3300000
2023-01-19 15:30:34.139000,1.28602,1.28596,1600000,1200000
2023-01-19 15:30:34.241000,1.28601,1.28594,1100000,1200000
2023-01-19 15:30:34.697000,1.286,1.28594,1100000,1200000
2023-01-19 15:30:34.915000,1.286,1.28593,1100000,1200000
2023-01-19 15:30:37.966000,1.28601,1.28594,1100000,1200000
2023-01-19 15:30:38.017000,1.28602,1.28594,1200000,1120000
2023-01-19 15:30:38.119000,1.28604,1.286,1800000,1320000
2023-01-19 15:30:38.170000,1.28607,1.28602,1200000,1200000
2023-01-19 15:30:38.222000,1.28611,1.28603,1720000,1200000
2023-01-19 15:30:38.323000,1.28609,1.28603,1200000,1200000
2023-01-19 15:30:38.425000,1.28611,1.28603,1720000,1200000
2023-01-19 15:30:38.527000,1.28611,1.28602,1720000,1800000
2023-01-19 15:30:43.145000,1.2861,1.28604,1600000,1200000
2023-01-19 15:30:43.196000,1.28614,1.28603,1200000,2340000
2023-01-19 15:30:43.248000,1.28615,1.28608,1200000,1200000
2023-01-19 15:30:43.299000,1.28618,1.2861,1800000,1200000
2023-01-19 15:30:43.401000,1.28619,1.2861,2250000,1200000
2023-01-19 15:30:43.604000,1.28618,1.2861,1200000,1200000
2023-01-19 15:30:43.723000,1.28618,1.2861,1600000,1200000
2023-01-19 15:30:43.777000,1.2862,1.28612,1600000,1200000
2023-01-19 15:30:43.879000,1.28618,1.28609,1800000,1200000
2023-01-19 15:30:43.930000,1.2861,1.28609,1200000,1200000
2023-01-19 15:30:43.981000,1.2861,1.28607,1200000,1200000
2023-01-19 15:30:44.084000,1.2861,1.28605,1600000,1100000
2023-01-19 15:30:44.337000,1.28611,1.28605,1200000,1100000
2023-01-19 15:30:45.374000,1.28611,1.28604,1350000,1800000
2023-01-19 15:30:47.199000,1.28608,1.28603,1200000,1200000
2023-01-19 15:30:47.300000,1.28609,1.28601,1350000,1800000
2023-01-19 15:30:47.453000,1.2861,1.28602,1350000,1200000
2023-01-19 15:30:47.605000,1.28611,1.28604,3150000,1200000
2023-01-19 15:30:47.707000,1.28612,1.28605,3150000,1200000
2023-01-19 15:30:47.758000,1.28614,1.28605,1800000,1200000
2023-01-19 15:30:47.910000,1.28614,1.28607,1200000,1200000
2023-01-19 15:30:48.012000,1.28615,1.28609,1200000,1200000
2023-01-19 15:30:49.745000,1.28614,1.28607,1200000,1200000
2023-01-19 15:30:49.948000,1.28614,1.28606,1800000,1800000
2023-01-19 15:30:51.679000,1.28612,1.28603,1800000,1200000
2023-01-19 15:30:51.882000,1.28612,1.28604,1800000,1200000
2023-01-19 15:30:52.952000,1.28611,1.28604,1350000,1200000
2023-01-19 15:30:53.054000,1.2861,1.28604,1200000,1200000
2023-01-19 15:30:53.156000,1.28611,1.28604,2250000,1200000
2023-01-19 15:30:53.634000,1.28611,1.28603,2700000,1200000
2023-01-19 15:30:54.129000,1.28613,1.28603,1200000,2740000
2023-01-19 15:30:54.180000,1.28613,1.28606,1200000,1200000
2023-01-19 15:30:54.636000,1.28615,1.28606,1200000,1350000
2023-01-19 15:30:54.738000,1.28618,1.28607,1200000,1200000
2023-01-19 15:30:54.839000,1.28618,1.2861,1600000,1200000
2023-01-19 15:30:54.941000,1.28618,1.28609,1600000,1200000
2023-01-19 15:30:55.093000,1.28618,1.2861,1600000,1200000
2023-01-19 15:30:55.195000,1.28617,1.28609,1350000,1200000
2023-01-19 15:30:56.128000,1.28616,1.28609,1200000,1200000
2023-01-19 15:30:56.230000,1.28616,1.28608,1200000,1200000
2023-01-19 15:30:56.332000,1.28616,1.28609,1200000,1200000
2023-01-19 15:30:59.194000,1.28616,1.28608,1350000,1200000
2023-01-19 15:30:59.346000,1.28616,1.28608,2100000,1200000
2023-01-19 15:31:00.502000,1.28605,1.286,3600000,1850000
2023-01-19 15:31:00.580000,1.28597,1.28595,6750000,1120000
2023-01-19 15:31:00.639000,1.28592,1.28586,1350000,1720000
2023-01-19 15:31:00.741000,1.28591,1.28586,1440000,1200000
2023-01-19 15:31:00.842000,1.28592,1.28584,1780000,1200000
2023-01-19 15:31:00.944000,1.2859,1.28584,1320000,1800000
2023-01-19 15:31:00.995000,1.28593,1.28585,1200000,1200000
2023-01-19 15:31:01.097000,1.28593,1.28586,1200000,1200000
2023-01-19 15:31:01.300000,1.28594,1.28586,2100000,1200000
2023-01-19 15:31:01.705000,1.28594,1.28585,1350000,1200000
2023-01-19 15:31:01.807000,1.28594,1.28585,1100000,1200000
2023-01-19 15:31:02.255000,1.28591,1.28586,1200000,1200000
2023-01-19 15:31:02.307000,1.28591,1.28583,1350000,1200000
2023-01-19 15:31:02.946000,1.28591,1.28582,1350000,1200000
2023-01-19 15:31:03.143000,1.28587,1.28581,1200000,1200000
2023-01-19 15:31:03.245000,1.28586,1.2858,1200000,1200000
2023-01-19 15:31:03.764000,1.28587,1.28578,1200000,1200000
2023-01-19 15:31:03.866000,1.28586,1.28577,1200000,1600000
2023-01-19 15:31:04.246000,1.2858,1.28575,3150000,1200000
2023-01-19 15:31:04.348000,1.28577,1.28574,1200000,1200000
2023-01-19 15:31:04.449000,1.28576,1.28572,1200000,1200000
2023-01-19 15:31:04.631000,1.28579,1.28573,2250000,1200000
2023-01-19 15:31:04.733000,1.28579,1.2857,1600000,1200000
2023-01-19 15:31:04.835000,1.28579,1.28569,1600000,1200000
2023-01-19 15:31:05.127000,1.28578,1.28567,1350000,2550000
2023-01-19 15:31:05.229000,1.28575,1.28567,1800000,1200000
2023-01-19 15:31:06.814000,1.28576,1.28566,2850000,2020000
2023-01-19 15:31:07.272000,1.28576,1.28565,3970000,1800000
2023-01-19 15:31:07.894000,1.28576,1.28565,3600000,2300000
2023-01-19 15:31:08.097000,1.28576,1.28565,3970000,2100000
2023-01-19 15:31:08.220000,1.28576,1.28565,3970000,2300000
2023-01-19 15:31:08.322000,1.28578,1.28567,1350000,1420000
2023-01-19 15:31:08.474000,1.28578,1.28568,1350000,1300000
2023-01-19 15:31:09.310000,1.2858,1.28571,1100000,3690000
2023-01-19 15:31:09.361000,1.28582,1.28571,1350000,3370000
2023-01-19 15:31:10.019000,1.28585,1.28575,2100000,1200000
2023-01-19 15:31:10.121000,1.28586,1.28576,1720000,1570000
2023-01-19 15:31:10.222000,1.28586,1.28577,1720000,1200000
2023-01-19 15:31:10.324000,1.28586,1.28577,1350000,2550000
2023-01-19 15:31:10.426000,1.28586,1.28577,1350000,1200000
2023-01-19 15:31:10.578000,1.28585,1.28577,1600000,1200000
2023-01-19 15:31:11.356000,1.28587,1.28578,1350000,1200000
2023-01-19 15:31:12.658000,1.28588,1.28579,1200000,2340000
2023-01-19 15:31:12.760000,1.28591,1.28583,1350000,1120000
2023-01-19 15:31:12.862000,1.28591,1.28582,1200000,1200000
2023-01-19 15:31:15.266000,1.28591,1.28581,1800000,1120000
2023-01-19 15:31:17.619000,1.28591,1.28583,1200000,1800000
2023-01-19 15:31:17.722000,1.28594,1.28584,1600000,1200000
2023-01-19 15:31:17.824000,1.28594,1.28584,1350000,1200000
2023-01-19 15:31:18.027000,1.28594,1.28585,1350000,1200000
2023-01-19 15:31:18.764000,1.28592,1.28584,1200000,1200000
2023-01-19 15:31:18.865000,1.28592,1.28584,2100000,1200000
2023-01-19 15:31:19.937000,1.28591,1.28582,1350000,1200000
2023-01-19 15:31:20.351000,1.28592,1.28582,1350000,1200000
2023-01-19 15:31:20.453000,1.28592,1.28583,1350000,1200000
2023-01-19 15:31:21.018000,1.28594,1.28584,1350000,1200000
2023-01-19 15:31:21.120000,1.28594,1.28585,1350000,1200000
2023-01-19 15:31:21.642000,1.28598,1.28586,1800000,2590000
2023-01-19 15:31:21.744000,1.28599,1.2859,1200000,1800000
2023-01-19 15:31:21.897000,1.28599,1.2859,1200000,1800000
2023-01-19 15:31:23.232000,1.286,1.2859,1350000,2170000
2023-01-19 15:31:24.489000,1.286,1.2859,2250000,1350000
2023-01-19 15:31:25.259000,1.286,1.2859,2250000,1420000
2023-01-19 15:31:25.361000,1.28599,1.2859,1200000,1420000
2023-01-19 15:31:25.950000,1.28602,1.28594,2470000,1500000
2023-01-19 15:31:26.001000,1.28606,1.28597,1800000,1870000
2023-01-19 15:31:26.103000,1.28609,1.28598,2100000,1200000
2023-01-19 15:31:26.638000,1.28605,1.28599,1200000,1200000
2023-01-19 15:31:26.689000,1.28608,1.28598,1350000,1200000
2023-01-19 15:31:26.993000,1.28609,1.28599,2850000,1800000
2023-01-19 15:31:27.044000,1.28609,1.28599,2850000,2550000
2023-01-19 15:31:27.146000,1.28609,1.28601,1350000,2560000
2023-01-19 15:31:27.248000,1.28612,1.28602,2030000,1120000
2023-01-19 15:31:27.350000,1.28611,1.28601,1200000,1120000
2023-01-19 15:31:27.705000,1.28611,1.286,1350000,1200000
2023-01-19 15:31:27.857000,1.2861,1.286,1600000,1800000
2023-01-19 15:31:27.959000,1.28608,1.286,1200000,1200000
2023-01-19 15:31:28.061000,1.28607,1.286,1200000,1200000
2023-01-19 15:31:29.032000,1.28605,1.286,1200000,1200000
2023-01-19 15:31:29.133000,1.28606,1.286,1200000,1200000
2023-01-19 15:31:29.484000,1.28608,1.28599,1800000,1200000
2023-01-19 15:31:29.536000,1.28609,1.286,3220000,1300000
2023-01-19 15:31:29.638000,1.2861,1.28601,1350000,1120000
2023-01-19 15:31:29.841000,1.28612,1.286,1800000,1300000
2023-01-19 15:31:29.993000,1.28611,1.28601,1800000,1200000
2023-01-19 15:31:30.425000,1.28611,1.28603,1720000,1200000
2023-01-19 15:31:32.076000,1.2861,1.28601,1600000,1200000
2023-01-19 15:31:32.178000,1.28609,1.28601,2100000,1200000
2023-01-19 15:31:32.280000,1.28609,1.28601,1350000,1200000
2023-01-19 15:31:32.381000,1.28611,1.28602,2100000,1200000
2023-01-19 15:31:33.707000,1.28611,1.28603,1200000,1200000
2023-01-19 15:31:34.541000,1.28612,1.28603,2250000,1200000
2023-01-19 15:31:34.592000,1.28614,1.28604,1800000,3010000
2023-01-19 15:31:35.657000,1.28614,1.28606,1800000,1200000
2023-01-19 15:31:36.208000,1.28613,1.28606,1200000,1800000
2023-01-19 15:31:36.310000,1.28609,1.28606,1350000,1200000
2023-01-19 15:31:36.361000,1.28609,1.28601,1350000,1800000
2023-01-19 15:31:36.675000,1.28608,1.28601,1200000,1800000
2023-01-19 15:31:37.372000,1.28608,1.28603,2250000,1200000
2023-01-19 15:31:37.495000,1.28609,1.286,2250000,1120000
2023-01-19 15:31:37.769000,1.28609,1.286,2100000,1120000
2023-01-19 15:31:39.128000,1.28609,1.28602,1200000,3240000
2023-01-19 15:31:39.179000,1.28611,1.28603,1200000,1440000
2023-01-19 15:31:39.230000,1.28612,1.28605,1130000,1200000
2023-01-19 15:31:39.332000,1.28615,1.28604,1800000,2110000
2023-01-19 15:31:39.788000,1.28611,1.28605,1600000,1200000
2023-01-19 15:31:39.839000,1.2861,1.28603,1600000,1200000
2023-01-19 15:31:40.867000,1.28608,1.28603,1350000,1200000
2023-01-19 15:31:40.969000,1.28607,1.28603,1570000,1200000
2023-01-19 15:31:41.020000,1.28607,1.28601,1350000,1200000
2023-01-19 15:31:41.863000,1.28607,1.28597,1350000,2470000
2023-01-19 15:31:42.442000,1.28603,1.28597,1200000,1120000
2023-01-19 15:31:42.594000,1.28603,1.28596,1200000,2020000
2023-01-19 15:31:43.204000,1.28603,1.28596,1800000,1200000
2023-01-19 15:31:43.306000,1.28598,1.28594,1200000,1200000
2023-01-19 15:31:43.357000,1.286,1.28594,2700000,1200000
2023-01-19 15:31:43.955000,1.286,1.28591,1800000,1120000
2023-01-19 15:31:44.057000,1.286,1.28592,2100000,1200000
2023-01-19 15:31:45.070000,1.28597,1.2859,1350000,1200000
2023-01-19 15:31:45.172000,1.28595,1.28588,1350000,1200000
2023-01-19 15:31:46.073000,1.28596,1.28586,1800000,1200000
2023-01-19 15:31:46.124000,1.28596,1.28584,2100000,2700000
2023-01-19 15:31:47.303000,1.28594,1.28585,2100000,1800000
2023-01-19 15:31:48.255000,1.28594,1.28585,1350000,1800000
2023-01-19 15:31:48.356000,1.28593,1.28585,1910000,1200000
2023-01-19 15:31:48.610000,1.28593,1.28588,2470000,1500000
2023-01-19 15:31:48.712000,1.28597,1.28589,2250000,1200000
2023-01-19 15:31:49.581000,1.28597,1.28589,1600000,1800000
2023-01-19 15:31:49.632000,1.28598,1.28591,2570000,1100000
2023-01-19 15:31:49.734000,1.28603,1.28593,2250000,2020000
2023-01-19 15:31:49.836000,1.28602,1.28592,1800000,1350000
2023-01-19 15:31:50.263000,1.28601,1.28592,1100000,1200000
2023-01-19 15:31:50.365000,1.28599,1.28591,1800000,1350000
2023-01-19 15:31:51.365000,1.28599,1.28592,1200000,1200000
2023-01-19 15:31:51.698000,1.286,1.28592,1350000,1200000
2023-01-19 15:31:52.183000,1.286,1.28592,1600000,1200000
2023-01-19 15:31:52.651000,1.28601,1.28592,3600000,1200000
2023-01-19 15:31:53.087000,1.28601,1.28593,1800000,2340000
2023-01-19 15:31:53.138000,1.28601,1.28594,1800000,6100000
2023-01-19 15:31:53.341000,1.28604,1.28596,1200000,2020000
2023-01-19 15:31:53.443000,1.28606,1.28597,1350000,1350000
2023-01-19 15:31:54.327000,1.28607,1.28597,2100000,2290000
2023-01-19 15:31:54.436000,1.28607,1.28597,2250000,2660000
2023-01-19 15:31:54.537000,1.28606,1.28597,1200000,2660000
2023-01-19 15:31:54.639000,1.28607,1.28597,2470000,2470000
2023-01-19 15:31:54.690000,1.28608,1.28596,2470000,2470000
2023-01-19 15:31:54.990000,1.28604,1.28596,1420000,2100000
2023-01-19 15:31:55.092000,1.28603,1.28594,2920000,2350000
2023-01-19 15:31:56.487000,1.28597,1.28592,1200000,3520000
2023-01-19 15:31:56.589000,1.28598,1.28588,1570000,1200000
2023-01-19 15:31:56.691000,1.28597,1.28587,2470000,1350000
2023-01-19 15:31:56.934000,1.28597,1.2859,2470000,1200000
2023-01-19 15:31:57.088000,1.286,1.28589,1850000,1200000
2023-01-19 15:31:57.189000,1.28599,1.28591,1350000,1200000
2023-01-19 15:31:57.392000,1.28601,1.28591,2250000,1800000
2023-01-19 15:31:57.494000,1.28601,1.28592,1350000,2250000
2023-01-19 15:31:57.748000,1.28603,1.28592,1800000,1300000
2023-01-19 15:31:57.849000,1.28602,1.28595,1200000,1200000
2023-01-19 15:31:57.951000,1.28603,1.28595,1200000,1200000
2023-01-19 15:31:58.579000,1.28602,1.28595,1200000,1200000
2023-01-19 15:31:58.681000,1.28603,1.28593,3820000,2700000
2023-01-19 15:31:58.782000,1.28603,1.28594,3450000,1200000
2023-01-19 15:31:58.884000,1.28603,1.28593,3450000,1800000
2023-01-19 15:31:59.036000,1.28601,1.28593,1600000,2250000
2023-01-19 15:31:59.290000,1.28599,1.28593,1350000,1200000
2023-01-19 15:32:00.913000,1.286,1.28591,1100000,1120000
2023-01-19 15:32:01.484000,1.286,1.28591,1200000,1120000
2023-01-19 15:32:02.554000,1.28601,1.2859,2550000,1350000
2023-01-19 15:32:02.605000,1.28598,1.2859,2250000,1200000
2023-01-19 15:32:02.861000,1.28598,1.28591,1840000,1500000
2023-01-19 15:32:02.912000,1.28601,1.28591,1200000,2560000
2023-01-19 15:32:03.266000,1.28601,1.28591,1720000,2020000
2023-01-19 15:32:04.142000,1.28601,1.28591,1800000,1570000
2023-01-19 15:32:04.193000,1.28602,1.28593,1910000,1350000
2023-01-19 15:32:04.295000,1.28602,1.28593,1570000,2170000
2023-01-19 15:32:04.545000,1.28602,1.28596,1200000,4280000
2023-01-19 15:32:04.596000,1.28606,1.28598,2700000,2110000
2023-01-19 15:32:04.647000,1.28608,1.286,1200000,1350000
2023-01-19 15:32:04.749000,1.28611,1.28599,1300000,2470000
2023-01-19 15:32:05.631000,1.28609,1.28599,2790000,1800000
2023-01-19 15:32:06.084000,1.28608,1.28599,1440000,1200000
2023-01-19 15:32:06.186000,1.28608,1.28598,2570000,1350000
2023-01-19 15:32:06.389000,1.28606,1.28597,2220000,1600000
2023-01-19 15:32:06.945000,1.28607,1.28594,2970000,2920000
2023-01-19 15:32:07.148000,1.28604,1.28595,1320000,1570000
2023-01-19 15:32:07.199000,1.28602,1.28592,1620000,2250000
2023-01-19 15:32:07.250000,1.28599,1.2859,1620000,1850000
2023-01-19 15:32:07.301000,1.2859,1.28589,1200000,2020000
2023-01-19 15:32:07.403000,1.2859,1.28587,1320000,1200000
2023-01-19 15:32:07.454000,1.28588,1.28583,1800000,1200000
2023-01-19 15:32:07.809000,1.28587,1.28582,1320000,1200000
2023-01-19 15:32:07.911000,1.28585,1.28577,1440000,1200000
2023-01-19 15:32:07.962000,1.28586,1.28581,1350000,1200000
2023-01-19 15:32:08.114000,1.28588,1.28581,2590000,1200000
2023-01-19 15:32:08.216000,1.28587,1.2858,2120000,1200000
2023-01-19 15:32:08.267000,1.28586,1.28581,1890000,1200000
2023-01-19 15:32:08.369000,1.28588,1.28581,1720000,1200000
2023-01-19 15:32:08.420000,1.28589,1.28583,1100000,1200000
2023-01-19 15:32:08.522000,1.28587,1.28579,1800000,1200000
2023-01-19 15:32:08.624000,1.28587,1.28578,1840000,1200000
2023-01-19 15:32:08.726000,1.28587,1.28582,1990000,1200000
2023-01-19 15:32:08.827000,1.28587,1.28576,1990000,1850000
2023-01-19 15:32:08.929000,1.28587,1.28576,1800000,1850000
2023-01-19 15:32:09.031000,1.28587,1.28576,1800000,1850000
2023-01-19 15:32:09.689000,1.28588,1.28579,2170000,1200000
2023-01-19 15:32:09.740000,1.2859,1.2858,1890000,1350000
2023-01-19 15:32:09.842000,1.2859,1.28579,1700000,1200000
2023-01-19 15:32:09.943000,1.28588,1.28577,1440000,1200000
2023-01-19 15:32:09.994000,1.28587,1.28576,1440000,2020000
2023-01-19 15:32:10.147000,1.28585,1.28575,1440000,2290000
2023-01-19 15:32:10.249000,1.28587,1.28576,1840000,1570000
2023-01-19 15:32:10.553000,1.28586,1.28576,1720000,1200000
2023-01-19 15:32:10.997000,1.28585,1.28575,1440000,1200000
2023-01-19 15:32:11.099000,1.28583,1.28573,1900000,1800000
2023-01-19 15:32:11.201000,1.28585,1.28574,2920000,1350000
2023-01-19 15:32:11.657000,1.28584,1.28574,1120000,1200000
2023-01-19 15:32:11.709000,1.28583,1.28572,1660000,2020000
2023-01-19 15:32:11.810000,1.28584,1.28573,1840000,1800000
2023-01-19 15:32:11.912000,1.2858,1.2857,1620000,1300000
2023-01-19 15:32:11.963000,1.28577,1.28569,1320000,1200000
2023-01-19 15:32:12.014000,1.28577,1.28567,1890000,1120000
2023-01-19 15:32:12.268000,1.28577,1.28567,1990000,1200000
2023-01-19 15:32:12.471000,1.28577,1.28568,1200000,1200000
2023-01-19 15:32:12.573000,1.28579,1.28569,1320000,1200000
2023-01-19 15:32:13.079000,1.28575,1.28568,1200000,1200000
2023-01-19 15:32:14.396000,1.28573,1.28566,1200000,2300000
2023-01-19 15:32:14.447000,1.28573,1.28566,1200000,1120000
2023-01-19 15:32:14.599000,1.28571,1.28566,1200000,1120000
2023-01-19 15:32:15.216000,1.28569,1.28564,1200000,2620000
2023-01-19 15:32:15.469000,1.28567,1.28564,1200000,1500000
2023-01-19 15:32:15.571000,1.28567,1.28564,1200000,1500000
2023-01-19 15:32:15.968000,1.28566,1.28561,1200000,1200000
2023-01-19 15:32:16.386000,1.28568,1.28566,1200000,1200000
2023-01-19 15:32:16.487000,1.28569,1.28564,1200000,3670000
2023-01-19 15:32:16.640000,1.28568,1.28564,1200000,2920000
2023-01-19 15:32:16.691000,1.28568,1.28567,1200000,1200000
2023-01-19 15:32:16.793000,1.28568,1.28564,1200000,1120000
2023-01-19 15:32:17.493000,1.28568,1.28564,1200000,1200000
2023-01-19 15:32:17.595000,1.28567,1.28563,1200000,1570000
2023-01-19 15:32:17.848000,1.28568,1.28563,1200000,2170000
2023-01-19 15:32:18.065000,1.28567,1.28563,1200000,1570000
2023-01-19 15:32:18.348000,1.28567,1.28561,1200000,2020000
2023-01-19 15:32:19.221000,1.28567,1.28564,1200000,1200000
2023-01-19 15:32:19.323000,1.28567,1.28562,1200000,2020000
2023-01-19 15:32:19.678000,1.28566,1.28562,1200000,1200000
2023-01-19 15:32:20.558000,1.28565,1.28562,1200000,1200000
2023-01-19 15:32:20.660000,1.28559,1.28554,1200000,4050000
2023-01-19 15:32:20.762000,1.28559,1.28552,1200000,1100000
2023-01-19 15:32:20.864000,1.28558,1.2855,1200000,3040000
2023-01-19 15:32:20.966000,1.28557,1.2855,1200000,2470000
2023-01-19 15:32:21.223000,1.28556,1.28549,1200000,3040000
2023-01-19 15:32:21.325000,1.28557,1.2855,1200000,2470000
2023-01-19 15:32:21.427000,1.28557,1.28551,1200000,1350000
2023-01-19 15:32:22.800000,1.28557,1.28549,1200000,2100000
2023-01-19 15:32:22.901000,1.28557,1.28547,1200000,1910000
2023-01-19 15:32:23.003000,1.28556,1.28548,1200000,1720000
2023-01-19 15:32:23.468000,1.28554,1.28547,1200000,1600000
2023-01-19 15:32:23.570000,1.28555,1.28548,1200000,1200000
2023-01-19 15:32:23.723000,1.28555,1.28548,1200000,1600000
2023-01-19 15:32:23.825000,1.28555,1.28548,1200000,1350000
2023-01-19 15:32:23.926000,1.28554,1.28548,1200000,1350000
2023-01-19 15:32:24.028000,1.28553,1.28548,1200000,1350000
2023-01-19 15:32:24.130000,1.28553,1.28548,1200000,1600000
2023-01-19 15:32:24.952000,1.28553,1.28548,1200000,1200000
2023-01-19 15:32:25.533000,1.28552,1.28547,1200000,1350000
2023-01-19 15:32:25.635000,1.28551,1.28546,1200000,2400000
2023-01-19 15:32:25.737000,1.28548,1.28546,1200000,1200000
2023-01-19 15:32:25.788000,1.28548,1.28542,1200000,2290000
2023-01-19 15:32:25.890000,1.28547,1.28542,1200000,1850000
2023-01-19 15:32:27.566000,1.28549,1.28543,1200000,2170000
2023-01-19 15:32:28.636000,1.2855,1.28545,1200000,1570000
2023-01-19 15:32:28.737000,1.28551,1.28547,1200000,2020000
2023-01-19 15:32:29.204000,1.28552,1.28547,1200000,4800000
2023-01-19 15:32:29.255000,1.28555,1.28548,1200000,1200000
2023-01-19 15:32:29.357000,1.28558,1.28549,2850000,1840000
2023-01-19 15:32:29.560000,1.28558,1.28548,1600000,2470000
2023-01-19 15:32:29.662000,1.28558,1.28549,1600000,1350000
2023-01-19 15:32:29.764000,1.28558,1.28548,1600000,1350000
2023-01-19 15:32:29.865000,1.28558,1.28548,1200000,1850000
2023-01-19 15:32:30.342000,1.28559,1.28547,1600000,1850000
2023-01-19 15:32:30.444000,1.28557,1.28547,1350000,2290000
2023-01-19 15:32:33.232000,1.28557,1.28549,1200000,1200000
2023-01-19 15:32:33.486000,1.28557,1.28551,1200000,1600000
2023-01-19 15:32:33.537000,1.28559,1.28551,1200000,1800000
2023-01-19 15:32:33.745000,1.28556,1.28552,1200000,1200000
2023-01-19 15:32:33.947000,1.28558,1.28551,1200000,1200000
2023-01-19 15:32:34.457000,1.28556,1.28551,1200000,1350000
2023-01-19 15:32:34.607000,1.28555,1.2855,1200000,1200000
2023-01-19 15:32:34.709000,1.28555,1.28548,1200000,1200000
2023-01-19 15:32:34.861000,1.28553,1.28549,1200000,1200000
2023-01-19 15:32:34.963000,1.28553,1.28547,1200000,1200000
2023-01-19 15:32:35.786000,1.28553,1.28547,1200000,2470000
2023-01-19 15:32:35.888000,1.28553,1.28547,1200000,1200000
2023-01-19 15:32:36.142000,1.28553,1.28548,1200000,1200000
2023-01-19 15:32:36.547000,1.28553,1.28546,1200000,2290000
2023-01-19 15:32:36.902000,1.28553,1.28547,1200000,2100000
2023-01-19 15:32:37.004000,1.28554,1.28549,1200000,1800000
2023-01-19 15:32:37.105000,1.28554,1.28549,1200000,3970000
2023-01-19 15:32:37.274000,1.28555,1.2855,1200000,1200000
2023-01-19 15:32:37.376000,1.28555,1.2855,1200000,2100000
2023-01-19 15:32:37.579000,1.28558,1.2855,1200000,4910000
2023-01-19 15:32:37.886000,1.28559,1.2855,1200000,5290000
2023-01-19 15:32:37.987000,1.28559,1.28551,1200000,1100000
2023-01-19 15:32:38.089000,1.28559,1.2855,1200000,3410000
2023-01-19 15:32:38.394000,1.28559,1.28552,1200000,1200000
2023-01-19 15:32:38.496000,1.28559,1.2855,1200000,1350000
2023-01-19 15:32:38.597000,1.28559,1.2855,1200000,2290000
2023-01-19 15:32:38.750000,1.28561,1.28556,1200000,1900000
2023-01-19 15:32:38.852000,1.28564,1.28556,1600000,2100000
2023-01-19 15:32:38.954000,1.28564,1.28559,1600000,1200000
2023-01-19 15:32:39.485000,1.28566,1.28561,1350000,1200000
2023-01-19 15:32:39.590000,1.28569,1.2856,1200000,2020000
2023-01-19 15:32:39.964000,1.28567,1.28559,1200000,1100000
2023-01-19 15:32:40.015000,1.28567,1.28558,1200000,1200000
2023-01-19 15:32:40.118000,1.28566,1.28558,1200000,1200000
2023-01-19 15:32:41.037000,1.28563,1.28557,1200000,1720000
2023-01-19 15:32:41.470000,1.28565,1.28559,1200000,1350000
2023-01-19 15:32:41.775000,1.28565,1.28559,1200000,1720000
2023-01-19 15:32:41.927000,1.28566,1.28562,1200000,1200000
2023-01-19 15:32:42.130000,1.28567,1.28561,1200000,1200000
2023-01-19 15:32:42.232000,1.28565,1.28559,1200000,1600000
2023-01-19 15:32:42.334000,1.28563,1.28559,1200000,1200000
2023-01-19 15:32:42.436000,1.28567,1.28563,1200000,3820000
2023-01-19 15:32:42.537000,1.28568,1.28563,1200000,4720000
2023-01-19 15:32:43.198000,1.28568,1.28564,1200000,1200000
2023-01-19 15:32:43.666000,1.28571,1.28563,1200000,3150000
2023-01-19 15:32:43.938000,1.2857,1.28563,2970000,1200000
2023-01-19 15:32:44.040000,1.28568,1.2856,1200000,1350000
2023-01-19 15:32:45.493000,1.28569,1.2856,1200000,2920000
2023-01-19 15:32:45.986000,1.28569,1.2856,1200000,2660000
2023-01-19 15:32:46.173000,1.2857,1.28559,1200000,1350000
2023-01-19 15:32:47.942000,1.28569,1.28559,1890000,1350000
2023-01-19 15:32:47.993000,1.28567,1.28558,1200000,1350000
2023-01-19 15:32:48.170000,1.28568,1.28558,1350000,1350000
2023-01-19 15:32:48.272000,1.28568,1.28558,1200000,1600000
2023-01-19 15:32:49.213000,1.28568,1.28557,1200000,1600000
2023-01-19 15:32:50.945000,1.28569,1.28561,1200000,2470000
2023-01-19 15:32:51.047000,1.2857,1.28564,1200000,1200000
2023-01-19 15:32:52.260000,1.28571,1.28564,1570000,1200000
2023-01-19 15:32:52.413000,1.28572,1.28562,1300000,1350000
2023-01-19 15:32:52.515000,1.28571,1.28563,1200000,2250000
2023-01-19 15:32:53.776000,1.28571,1.28563,1300000,2700000
2023-01-19 15:32:54.211000,1.28571,1.28563,1200000,1720000
2023-01-19 15:32:56.386000,1.28572,1.28564,1120000,1200000
2023-01-19 15:32:56.488000,1.28572,1.28562,1120000,2470000
2023-01-19 15:32:57.691000,1.28571,1.28563,1300000,2470000
2023-01-19 15:32:59.409000,1.28571,1.28563,1120000,2470000
2023-01-19 15:33:00.294000,1.28572,1.28563,1300000,1200000
2023-01-19 15:33:02.485000,1.28571,1.28564,1120000,1200000
2023-01-19 15:33:02.587000,1.28571,1.28563,1120000,2250000
2023-01-19 15:33:03.076000,1.2857,1.28563,1200000,1200000
2023-01-19 15:33:03.177000,1.2857,1.28562,1800000,1350000
2023-01-19 15:33:04.352000,1.28569,1.28561,1200000,1100000
2023-01-19 15:33:04.455000,1.28569,1.2856,1350000,1600000
2023-01-19 15:33:04.723000,1.28567,1.2856,1840000,1100000
2023-01-19 15:33:04.775000,1.28564,1.28555,1850000,2250000
2023-01-19 15:33:04.826000,1.28563,1.28554,1420000,1350000
2023-01-19 15:33:04.877000,1.28562,1.2855,3000000,2250000
2023-01-19 15:33:04.928000,1.2856,1.2855,1200000,3300000
2023-01-19 15:33:05.030000,1.28562,1.28554,1200000,1720000
2023-01-19 15:33:05.081000,1.28563,1.28552,3220000,1200000
2023-01-19 15:33:05.183000,1.28561,1.28554,1200000,1200000
2023-01-19 15:33:05.285000,1.28564,1.28555,1200000,1200000
2023-01-19 15:33:05.387000,1.28566,1.28557,2020000,1200000
2023-01-19 15:33:05.488000,1.28565,1.28555,1200000,3220000
2023-01-19 15:33:05.590000,1.28566,1.28555,1570000,3220000
2023-01-19 15:33:05.978000,1.28566,1.28558,1200000,1200000
2023-01-19 15:33:06.181000,1.28568,1.28558,1120000,1200000
2023-01-19 15:33:06.232000,1.28567,1.28557,1200000,1200000
2023-01-19 15:33:06.334000,1.28566,1.28556,1350000,1350000
2023-01-19 15:33:06.537000,1.28566,1.28556,1200000,2100000
2023-01-19 15:33:06.705000,1.28567,1.28556,1350000,2100000
2023-01-19 15:33:06.757000,1.28567,1.28556,1800000,1350000
2023-01-19 15:33:07.174000,1.28567,1.28558,1200000,1350000
2023-01-19 15:33:07.428000,1.28567,1.28558,1200000,2850000
2023-01-19 15:33:07.884000,1.28567,1.28557,1200000,1800000
2023-01-19 15:33:08.003000,1.28567,1.28557,1200000,2100000
2023-01-19 15:33:08.156000,1.28568,1.28558,1200000,2970000
2023-01-19 15:33:08.258000,1.28569,1.28562,1200000,1200000
2023-01-19 15:33:09.086000,1.28568,1.28562,1200000,1200000
2023-01-19 15:33:09.188000,1.28569,1.28559,1200000,1720000
2023-01-19 15:33:09.492000,1.28567,1.28558,1200000,2100000
2023-01-19 15:33:09.543000,1.28567,1.28558,1120000,1200000
2023-01-19 15:33:09.645000,1.28567,1.28559,1200000,1320000
2023-01-19 15:33:09.747000,1.28567,1.2856,1200000,1350000
2023-01-19 15:33:09.798000,1.28569,1.28562,1350000,1200000
2023-01-19 15:33:10.176000,1.28569,1.28565,1200000,1100000
2023-01-19 15:33:10.278000,1.28574,1.28568,1300000,1720000
2023-01-19 15:33:10.329000,1.28575,1.28567,1200000,2370000
2023-01-19 15:33:10.431000,1.28576,1.28569,1300000,1800000
2023-01-19 15:33:10.532000,1.28576,1.28568,1300000,1200000
2023-01-19 15:33:10.634000,1.28576,1.28566,1300000,2970000
2023-01-19 15:33:11.087000,1.28576,1.28567,1300000,1200000
2023-01-19 15:33:11.239000,1.28576,1.28567,1300000,1200000
2023-01-19 15:33:11.759000,1.28575,1.28567,1800000,1200000
2023-01-19 15:33:11.810000,1.28575,1.28564,1800000,2550000
2023-01-19 15:33:11.935000,1.28574,1.28564,1200000,1800000
2023-01-19 15:33:12.037000,1.28574,1.28565,1200000,1100000
2023-01-19 15:33:12.156000,1.28574,1.28566,1200000,1100000
2023-01-19 15:33:12.258000,1.28576,1.28566,1300000,1600000
2023-01-19 15:33:12.359000,1.28575,1.28567,1200000,2100000
2023-01-19 15:33:13.641000,1.28576,1.28569,1200000,2700000
2023-01-19 15:33:13.743000,1.28583,1.28576,1200000,1200000
2023-01-19 15:33:13.845000,1.28587,1.2858,1200000,1350000
2023-01-19 15:33:13.947000,1.28588,1.28578,1890000,3240000
2023-01-19 15:33:13.998000,1.28585,1.28578,1600000,2700000
2023-01-19 15:33:14.049000,1.28586,1.28574,2400000,2970000
2023-01-19 15:33:14.201000,1.28585,1.28574,3150000,1800000
2023-01-19 15:33:14.253000,1.28584,1.28572,1300000,2550000
2023-01-19 15:33:14.354000,1.28581,1.28573,1850000,1100000
2023-01-19 15:33:14.406000,1.28581,1.28571,1800000,4950000
2023-01-19 15:33:14.997000,1.28578,1.2857,3500000,1200000
2023-01-19 15:33:15.048000,1.28578,1.28568,1570000,1350000
2023-01-19 15:33:15.555000,1.28576,1.28567,1300000,1600000
2023-01-19 15:33:15.606000,1.28576,1.28566,1300000,3150000
2023-01-19 15:33:15.708000,1.28574,1.28565,1200000,1600000
2023-01-19 15:33:15.910000,1.28575,1.28565,1200000,1100000
2023-01-19 15:33:16.113000,1.28574,1.28565,1200000,1600000
2023-01-19 15:33:16.215000,1.28575,1.28565,1120000,1600000
2023-01-19 15:33:16.469000,1.28575,1.28566,1200000,1200000
2023-01-19 15:33:17.267000,1.28575,1.28565,1120000,3340000
2023-01-19 15:33:17.368000,1.28575,1.28565,1300000,1600000
2023-01-19 15:33:17.573000,1.28572,1.28563,2270000,1100000
2023-01-19 15:33:17.625000,1.28572,1.28561,3150000,6300000
2023-01-19 15:33:17.727000,1.28571,1.28558,1120000,2920000
2023-01-19 15:33:17.778000,1.28568,1.28559,1200000,2100000
2023-01-19 15:33:18.487000,1.28569,1.28561,1200000,1820000
2023-01-19 15:33:18.589000,1.28573,1.28564,1120000,1200000
2023-01-19 15:33:18.691000,1.28573,1.28564,1300000,1200000
2023-01-19 15:33:18.793000,1.28571,1.28561,1300000,3490000
2023-01-19 15:33:18.988000,1.28571,1.28561,1120000,3490000
2023-01-19 15:33:19.359000,1.28571,1.28561,1200000,4450000
2023-01-19 15:33:19.701000,1.28571,1.28562,1300000,1200000
2023-01-19 15:33:19.910000,1.28571,1.28562,1120000,1200000
2023-01-19 15:33:19.961000,1.2857,1.2856,2000000,1200000
2023-01-19 15:33:20.063000,1.28569,1.28559,2170000,1440000
2023-01-19 15:33:20.165000,1.28569,1.28559,1800000,1320000
2023-01-19 15:33:20.266000,1.28569,1.28558,2020000,2470000
2023-01-19 15:33:20.410000,1.28568,1.28559,1200000,1200000
2023-01-19 15:33:20.586000,1.28568,1.28559,1200000,1600000
2023-01-19 15:33:20.738000,1.28567,1.28558,1200000,1200000
2023-01-19 15:33:20.840000,1.28567,1.28557,1200000,1200000
2023-01-19 15:33:21.043000,1.28566,1.28557,1300000,1100000
2023-01-19 15:33:21.145000,1.28566,1.28556,2250000,1800000
2023-01-19 15:33:21.348000,1.28561,1.28556,1440000,1200000
2023-01-19 15:33:21.450000,1.28557,1.28549,2700000,1800000
2023-01-19 15:33:21.579000,1.28558,1.28547,1800000,2410000
2023-01-19 15:33:21.681000,1.28558,1.28548,1300000,1440000
2023-01-19 15:33:21.782000,1.2856,1.28548,2470000,1440000
2023-01-19 15:33:21.833000,1.28559,1.28548,1300000,1440000
2023-01-19 15:33:21.985000,1.28559,1.28548,2020000,1720000
2023-01-19 15:33:22.088000,1.2856,1.28549,1900000,1200000
2023-01-19 15:33:23.027000,1.2856,1.28549,1200000,1200000
2023-01-19 15:33:23.129000,1.28561,1.2855,1440000,1200000
2023-01-19 15:33:23.230000,1.28561,1.2855,1500000,1800000
2023-01-19 15:33:23.533000,1.28562,1.28551,3300000,1440000
2023-01-19 15:33:23.685000,1.28563,1.28551,2850000,1890000
2023-01-19 15:33:23.736000,1.28562,1.28551,1900000,1350000
2023-01-19 15:33:23.990000,1.28562,1.28551,3020000,1600000
2023-01-19 15:33:24.831000,1.28559,1.28549,1800000,1350000
2023-01-19 15:33:25.084000,1.28559,1.28549,1120000,1350000
2023-01-19 15:33:25.135000,1.28559,1.28549,1300000,1350000
2023-01-19 15:33:25.186000,1.28559,1.28549,1120000,1350000
2023-01-19 15:33:25.366000,1.28559,1.28549,1300000,1350000
2023-01-19 15:33:25.467000,1.28559,1.28549,1120000,1350000
2023-01-19 15:33:25.846000,1.28557,1.28548,1300000,2700000
2023-01-19 15:33:26.648000,1.28558,1.28548,2920000,2250000
2023-01-19 15:33:26.779000,1.28558,1.28548,2920000,2250000
2023-01-19 15:33:26.923000,1.28558,1.28548,2920000,2250000
2023-01-19 15:33:27.025000,1.28557,1.28548,1300000,2250000
2023-01-19 15:33:27.338000,1.28558,1.28548,2170000,2250000
2023-01-19 15:33:27.440000,1.28557,1.28548,1300000,2250000
2023-01-19 15:33:27.595000,1.28558,1.28548,3370000,2250000
2023-01-19 15:33:28.176000,1.28557,1.28548,1800000,2250000
2023-01-19 15:33:29.474000,1.28556,1.28548,1900000,1200000
2023-01-19 15:33:29.884000,1.28557,1.28548,2170000,1200000
2023-01-19 15:33:30.864000,1.28555,1.28547,2100000,1200000
2023-01-19 15:33:30.915000,1.28555,1.28544,2750000,1350000
2023-01-19 15:33:31.017000,1.28553,1.28544,1300000,1350000
2023-01-19 15:33:31.220000,1.28555,1.28544,2470000,1890000
2023-01-19 15:33:31.322000,1.28556,1.28545,1350000,1100000
2023-01-19 15:33:31.423000,1.28556,1.28547,1420000,1800000
2023-01-19 15:33:31.525000,1.28556,1.28547,2170000,1800000
2023-01-19 15:33:31.638000,1.28557,1.28547,4170000,2340000
2023-01-19 15:33:32.041000,1.28557,1.28548,2660000,1200000
2023-01-19 15:33:32.143000,1.28557,1.28549,1850000,1600000
2023-01-19 15:33:32.245000,1.28562,1.28552,2290000,2170000
2023-01-19 15:33:32.347000,1.28563,1.28552,3100000,2340000
2023-01-19 15:33:32.637000,1.28563,1.28552,2550000,2790000
2023-01-19 15:33:32.898000,1.28563,1.28552,4800000,2790000
2023-01-19 15:33:33.206000,1.28562,1.28552,1420000,1350000
2023-01-19 15:33:33.308000,1.28561,1.28551,2620000,1200000
2023-01-19 15:33:33.359000,1.28561,1.28551,1870000,1200000
2023-01-19 15:33:33.714000,1.28559,1.28549,1350000,2170000
2023-01-19 15:33:34.036000,1.28559,1.28549,1570000,1700000
2023-01-19 15:33:34.213000,1.28561,1.28548,3870000,1200000
2023-01-19 15:33:34.366000,1.2856,1.28549,2850000,1200000
2023-01-19 15:33:34.611000,1.2856,1.28549,3500000,1200000
2023-01-19 15:33:34.714000,1.2856,1.28549,3220000,1350000
2023-01-19 15:33:35.196000,1.2856,1.28549,2750000,1350000
2023-01-19 15:33:35.427000,1.28559,1.2855,1120000,1200000
2023-01-19 15:33:35.579000,1.28561,1.2855,1000000,2850000
2023-01-19 15:33:35.681000,1.28563,1.28551,4290000,2550000
2023-01-19 15:33:35.786000,1.28563,1.28553,1500000,1200000
2023-01-19 15:33:36.255000,1.2856,1.28551,1240000,1350000
2023-01-19 15:33:36.357000,1.28559,1.2855,1660000,1200000
2023-01-19 15:33:36.459000,1.28557,1.2855,1300000,1200000
2023-01-19 15:33:36.612000,1.28559,1.2855,2250000,1200000
2023-01-19 15:33:36.731000,1.28558,1.28548,1120000,1600000
2023-01-19 15:33:36.876000,1.28556,1.28547,1570000,1350000
2023-01-19 15:33:36.979000,1.28556,1.28546,2170000,2850000
2023-01-19 15:33:37.081000,1.28556,1.28547,1800000,1800000
2023-01-19 15:33:37.182000,1.28557,1.28547,1350000,1800000
2023-01-19 15:33:37.385000,1.28556,1.28547,1120000,1800000
2023-01-19 15:33:37.487000,1.28556,1.28547,1300000,2470000
2023-01-19 15:33:38.346000,1.28556,1.28548,1200000,1800000
2023-01-19 15:33:38.498000,1.28557,1.28547,1300000,1200000
2023-01-19 15:33:38.600000,1.28556,1.28548,1200000,1350000
2023-01-19 15:33:38.701000,1.28556,1.28548,1300000,2250000
2023-01-19 15:33:39.134000,1.28556,1.28548,1300000,2470000
2023-01-19 15:33:39.373000,1.28556,1.28548,1200000,2470000
2023-01-19 15:33:39.424000,1.28556,1.28548,1300000,1200000
2023-01-19 15:33:39.873000,1.28556,1.28548,1200000,1800000
2023-01-19 15:33:40.554000,1.28556,1.28548,1300000,1200000
2023-01-19 15:33:40.885000,1.28555,1.28548,1300000,1200000
2023-01-19 15:33:40.987000,1.28555,1.28547,1300000,1350000
2023-01-19 15:33:42.148000,1.28555,1.28547,1120000,2700000
2023-01-19 15:33:42.249000,1.28555,1.28547,1120000,2850000
2023-01-19 15:33:43.321000,1.28555,1.28548,1200000,2170000
2023-01-19 15:33:43.625000,1.28555,1.28548,1300000,1200000
2023-01-19 15:33:43.727000,1.28555,1.28548,1200000,1200000
2023-01-19 15:33:44.093000,1.28555,1.28548,1200000,2250000
2023-01-19 15:33:44.194000,1.28557,1.28547,1200000,1420000
2023-01-19 15:33:44.682000,1.28556,1.28548,1200000,1300000
2023-01-19 15:33:44.784000,1.28555,1.28549,1200000,1200000
2023-01-19 15:33:45.089000,1.28555,1.28549,1200000,1300000
2023-01-19 15:33:45.190000,1.28558,1.2855,3220000,2570000
2023-01-19 15:33:45.292000,1.28561,1.28552,1350000,1800000
2023-01-19 15:33:45.394000,1.28561,1.28552,2250000,2550000
2023-01-19 15:33:45.990000,1.28561,1.28553,1120000,1200000
2023-01-19 15:33:46.092000,1.28562,1.28551,1120000,2550000
2023-01-19 15:33:46.143000,1.28561,1.28553,1200000,1200000
2023-01-19 15:33:46.403000,1.28561,1.28553,1120000,1200000
2023-01-19 15:33:46.504000,1.28562,1.28552,1200000,1200000
2023-01-19 15:33:47.176000,1.28562,1.28556,1200000,1200000
2023-01-19 15:33:47.278000,1.28561,1.28556,1020000,1200000
2023-01-19 15:33:47.329000,1.28561,1.28552,1400000,1200000
2023-01-19 15:33:47.431000,1.28559,1.28551,1120000,1890000
2023-01-19 15:33:48.146000,1.28559,1.28551,1120000,1800000
2023-01-19 15:33:50.357000,1.28551,1.2855,1200000,1200000
2023-01-19 15:33:50.408000,1.28548,1.28544,1120000,1200000
2023-01-19 15:33:50.510000,1.28548,1.28542,1200000,1200000
2023-01-19 15:33:50.561000,1.28548,1.2854,1200000,1200000
2023-01-19 15:33:50.714000,1.28548,1.28539,1200000,1200000
2023-01-19 15:33:50.815000,1.28547,1.2854,1200000,1200000
2023-01-19 15:33:51.233000,1.28546,1.28539,1200000,1800000
2023-01-19 15:33:52.214000,1.28547,1.28537,1200000,1350000
2023-01-19 15:33:52.316000,1.28545,1.28538,1200000,1120000
2023-01-19 15:33:52.417000,1.28546,1.28539,1200000,1200000
2023-01-19 15:33:52.519000,1.28545,1.28537,1200000,1600000
2023-01-19 15:33:53.426000,1.28545,1.28538,1200000,1600000
2023-01-19 15:33:53.528000,1.28548,1.28538,1200000,1200000
2023-01-19 15:33:53.630000,1.28547,1.28539,1300000,1200000
2023-01-19 15:33:54.087000,1.28547,1.28539,1200000,1200000
2023-01-19 15:33:54.649000,1.28547,1.28539,1200000,2100000
2023-01-19 15:33:54.700000,1.28549,1.2854,2110000,1350000
2023-01-19 15:33:55.512000,1.2855,1.28541,2920000,1200000
2023-01-19 15:33:55.614000,1.28547,1.28541,1420000,1200000
2023-01-19 15:33:55.715000,1.28547,1.28539,1200000,1200000
2023-01-19 15:33:56.019000,1.28546,1.28539,1200000,1200000
2023-01-19 15:33:56.121000,1.28546,1.2854,1200000,1200000
2023-01-19 15:33:56.223000,1.28547,1.28538,1120000,1200000
2023-01-19 15:33:56.325000,1.28546,1.2854,1200000,1200000
2023-01-19 15:33:56.426000,1.28546,1.28538,1200000,2250000
2023-01-19 15:33:56.528000,1.28546,1.28539,1200000,1200000
2023-01-19 15:33:56.629000,1.28546,1.2854,1200000,1200000
2023-01-19 15:33:56.731000,1.28546,1.28539,1200000,1800000
2023-01-19 15:33:56.782000,1.28547,1.28546,1200000,1200000
2023-01-19 15:33:56.833000,1.28556,1.28546,1240000,1350000
2023-01-19 15:33:57.165000,1.28557,1.28547,5460000,1200000
2023-01-19 15:33:57.216000,1.28558,1.28546,3540000,1350000
2023-01-19 15:33:57.525000,1.28557,1.28547,1900000,2250000
2023-01-19 15:33:57.636000,1.28557,1.28547,2650000,2250000
2023-01-19 15:33:57.738000,1.28558,1.28546,1900000,2250000
2023-01-19 15:33:57.915000,1.28556,1.28547,1400000,1800000
2023-01-19 15:33:57.966000,1.28557,1.28548,1420000,1800000
2023-01-19 15:33:58.018000,1.28556,1.28553,1200000,1100000
2023-01-19 15:33:58.069000,1.28558,1.28554,1200000,2470000
2023-01-19 15:33:58.120000,1.28563,1.28556,1200000,1200000
2023-01-19 15:33:58.222000,1.28564,1.28557,1200000,1200000
2023-01-19 15:33:59.163000,1.28564,1.28557,1300000,1200000
2023-01-19 15:33:59.265000,1.28563,1.28555,1400000,1200000
2023-01-19 15:33:59.316000,1.28558,1.28551,1200000,1100000
2023-01-19 15:33:59.418000,1.28558,1.2855,1200000,2100000
2023-01-19 15:33:59.621000,1.28558,1.2855,1200000,1800000
2023-01-19 15:33:59.993000,1.28557,1.2855,1200000,1800000
2023-01-19 15:34:00.348000,1.28556,1.2855,1200000,1800000
2023-01-19 15:34:01.967000,1.28554,1.28549,1200000,2250000
2023-01-19 15:34:02.424000,1.28555,1.28548,1120000,1350000
2023-01-19 15:34:02.736000,1.28555,1.28548,1300000,1200000
2023-01-19 15:34:02.838000,1.28555,1.28548,1200000,2250000
2023-01-19 15:34:04.660000,1.28554,1.28548,1200000,3600000
2023-01-19 15:34:06.245000,1.28557,1.28548,1300000,2250000
2023-01-19 15:34:06.499000,1.28553,1.28549,1200000,1200000
2023-01-19 15:34:07.308000,1.28554,1.28547,1200000,3150000
2023-01-19 15:34:07.460000,1.28553,1.28548,1200000,3220000
2023-01-19 15:34:07.612000,1.28553,1.28548,1200000,3600000
2023-01-19 15:34:13.124000,1.28554,1.28547,1200000,3970000
2023-01-19 15:34:14.936000,1.28554,1.28548,1300000,1200000
2023-01-19 15:34:15.037000,1.28554,1.28547,1300000,2250000
2023-01-19 15:34:15.292000,1.28554,1.28547,1300000,2250000
2023-01-19 15:34:15.404000,1.28554,1.28548,1200000,1200000
2023-01-19 15:34:15.505000,1.28557,1.28549,1200000,1120000
2023-01-19 15:34:15.607000,1.28554,1.28548,1200000,2700000
2023-01-19 15:34:16.904000,1.28554,1.28547,1200000,3600000
2023-01-19 15:34:17.006000,1.28554,1.28546,2110000,1200000
2023-01-19 15:34:17.108000,1.28553,1.28544,1350000,1100000
2023-01-19 15:34:17.945000,1.28553,1.28543,1350000,2850000
2023-01-19 15:34:18.912000,1.28553,1.28542,1200000,2100000
2023-01-19 15:34:19.178000,1.2855,1.28542,1300000,2100000
2023-01-19 15:34:19.229000,1.28551,1.2854,3110000,1200000
2023-01-19 15:34:19.280000,1.28547,1.2854,1200000,1800000
2023-01-19 15:34:19.787000,1.28548,1.28541,1200000,1200000
2023-01-19 15:34:20.097000,1.28547,1.2854,1200000,3600000
2023-01-19 15:34:20.834000,1.28549,1.2854,1200000,2700000
2023-01-19 15:34:21.781000,1.28549,1.28539,1200000,2700000
2023-01-19 15:34:21.943000,1.28549,1.2854,1200000,1200000
2023-01-19 15:34:22.096000,1.28549,1.28539,1200000,2700000
2023-01-19 15:34:22.427000,1.28549,1.2854,1200000,1200000
2023-01-19 15:34:22.529000,1.28548,1.28541,1200000,1200000
2023-01-19 15:34:22.630000,1.28551,1.28541,2250000,1800000
2023-01-19 15:34:22.732000,1.28548,1.2854,1800000,2700000
2023-01-19 15:34:22.834000,1.28548,1.2854,3300000,1200000
2023-01-19 15:34:22.935000,1.28548,1.28539,2550000,2250000
2023-01-19 15:34:23.138000,1.28548,1.28539,2170000,2250000
2023-01-19 15:34:23.240000,1.28548,1.28539,2170000,2250000
2023-01-19 15:34:23.341000,1.28548,1.28539,2920000,1350000
2023-01-19 15:34:23.449000,1.28543,1.28539,1800000,1200000
2023-01-19 15:34:23.500000,1.28543,1.28535,1200000,2660000
2023-01-19 15:34:23.551000,1.28545,1.28535,2110000,1350000
2023-01-19 15:34:23.703000,1.28544,1.28535,1570000,1350000
2023-01-19 15:34:23.856000,1.28544,1.28534,2250000,1720000
2023-01-19 15:34:24.008000,1.28543,1.28534,1200000,1720000
2023-01-19 15:34:24.475000,1.28543,1.28534,3000000,1200000
2023-01-19 15:34:24.526000,1.28543,1.28534,1200000,1200000
2023-01-19 15:34:24.678000,1.28543,1.28534,1500000,1200000
2023-01-19 15:34:24.729000,1.28542,1.28533,1800000,2250000
2023-01-19 15:34:24.831000,1.28538,1.2853,3370000,1800000
2023-01-19 15:34:24.882000,1.28537,1.28528,2110000,2700000
2023-01-19 15:34:24.984000,1.28537,1.28527,1200000,1200000
2023-01-19 15:34:25.761000,1.28537,1.28526,2290000,1800000
2023-01-19 15:34:25.812000,1.28533,1.28526,1200000,1800000
2023-01-19 15:34:25.914000,1.28532,1.28525,1200000,1200000
2023-01-19 15:34:26.269000,1.28531,1.28525,1200000,1200000
2023-01-19 15:34:27.353000,1.28533,1.28525,1200000,1200000
2023-01-19 15:34:27.863000,1.28531,1.28523,1300000,3600000
2023-01-19 15:34:27.965000,1.28529,1.28523,1200000,3220000
2023-01-19 15:34:28.219000,1.28529,1.28523,1200000,1200000
2023-01-19 15:34:28.321000,1.28525,1.2852,1200000,1800000
2023-01-19 15:34:28.423000,1.28528,1.28521,1200000,1350000
2023-01-19 15:34:28.524000,1.28527,1.28523,1200000,1200000
2023-01-19 15:34:28.626000,1.28529,1.28522,1200000,1800000
2023-01-19 15:34:28.728000,1.28529,1.28523,1200000,1200000
2023-01-19 15:34:28.830000,1.28529,1.28522,1200000,1350000
2023-01-19 15:34:29.027000,1.2853,1.2852,1720000,5660000
2023-01-19 15:34:29.078000,1.28528,1.28518,1850000,2700000
2023-01-19 15:34:29.180000,1.28527,1.28518,1850000,1200000
2023-01-19 15:34:29.231000,1.28527,1.28516,3790000,1800000
2023-01-19 15:34:29.333000,1.28525,1.28516,1200000,1800000
2023-01-19 15:34:29.434000,1.28526,1.28516,1570000,1800000
2023-01-19 15:34:29.812000,1.28526,1.28517,1570000,1200000
2023-01-19 15:34:29.914000,1.28528,1.28518,3910000,1200000
2023-01-19 15:34:29.965000,1.28528,1.28518,3490000,1200000
2023-01-19 15:34:30.121000,1.28528,1.28519,1990000,1200000
2023-01-19 15:34:30.173000,1.28528,1.28519,1440000,1350000
2023-01-19 15:34:30.224000,1.28528,1.28522,1440000,1200000
2023-01-19 15:34:30.275000,1.28532,1.28524,1100000,1200000
2023-01-19 15:34:31.659000,1.28533,1.28524,1910000,1300000
2023-01-19 15:34:31.760000,1.28533,1.28524,2920000,1120000
2023-01-19 15:34:32.533000,1.28531,1.28523,1120000,1350000
2023-01-19 15:34:35.832000,1.28531,1.28523,1120000,3300000
2023-01-19 15:34:36.162000,1.28531,1.28523,1200000,3300000
2023-01-19 15:34:36.493000,1.28533,1.2853,2800000,1350000
2023-01-19 15:34:36.595000,1.28539,1.28532,1200000,1200000
2023-01-19 15:34:36.697000,1.28539,1.28531,1120000,1200000
2023-01-19 15:34:37.154000,1.28539,1.2853,2700000,1200000
2023-01-19 15:34:37.357000,1.28539,1.28529,1200000,2250000
2023-01-19 15:34:37.993000,1.28539,1.28528,1200000,2250000
2023-01-19 15:34:38.801000,1.28537,1.28529,1200000,1200000
2023-01-19 15:34:38.852000,1.28537,1.28531,1200000,1200000
2023-01-19 15:34:38.903000,1.2854,1.2853,1350000,1800000
2023-01-19 15:34:41.255000,1.28541,1.28533,2920000,1200000
2023-01-19 15:34:41.735000,1.28541,1.28533,3110000,1200000
2023-01-19 15:34:41.836000,1.2854,1.28532,1350000,1200000
2023-01-19 15:34:42.665000,1.2854,1.28531,1200000,1350000
2023-01-19 15:34:42.996000,1.2854,1.28531,1600000,1350000
2023-01-19 15:34:45.641000,1.2854,1.28533,1350000,1200000
2023-01-19 15:34:46.352000,1.28541,1.28531,2800000,1350000
2023-01-19 15:34:51.108000,1.28541,1.28532,2720000,1200000
2023-01-19 15:34:53.123000,1.2854,1.2853,5970000,1800000
2023-01-19 15:34:53.174000,1.28536,1.28531,2250000,1200000
2023-01-19 15:34:53.225000,1.28535,1.28526,1660000,1800000
2023-01-19 15:34:53.378000,1.28534,1.28524,1440000,1800000
2023-01-19 15:34:53.480000,1.28534,1.28522,1350000,2700000
2023-01-19 15:34:53.531000,1.28534,1.28524,1800000,1600000
