time,ask,bid,ask_volume,bid_volume
2021-03-04 13:25:00.954000,1.07403,1.074,1690000,1250000
2021-03-04 13:25:04.692000,1.07405,1.07403,3070000,1750000
2021-03-04 13:25:04.795000,1.07407,1.07405,1000000,2620000
2021-03-04 13:25:04.897000,1.07408,1.07405,1120000,3190000
2021-03-04 13:25:05.122000,1.07408,1.07405,4650000,1120000
2021-03-04 13:25:06.512000,1.07408,1.07405,1760000,1000000
2021-03-04 13:25:06.816000,1.07408,1.07406,1000000,1000000
2021-03-04 13:25:07.541000,1.07409,1.07406,2890000,1120000
2021-03-04 13:25:07.592000,1.07411,1.07407,1950000,1690000
2021-03-04 13:25:07.693000,1.07411,1.07409,1310000,1000000
2021-03-04 13:25:08.149000,1.07411,1.07408,1250000,1000000
2021-03-04 13:25:08.352000,1.07411,1.07409,2060000,1000000
2021-03-04 13:25:15.055000,1.07413,1.07409,3010000,1000000
2021-03-04 13:25:15.207000,1.07412,1.0741,3260000,1000000
2021-03-04 13:25:16.486000,1.07412,1.0741,5200000,1000000
2021-03-04 13:25:17.362000,1.07412,1.0741,4690000,1000000
2021-03-04 13:25:17.464000,1.07412,1.0741,4750000,1000000
2021-03-04 13:25:19.597000,1.07412,1.0741,2440000,1000000
2021-03-04 13:25:20.207000,1.07412,1.0741,3690000,1000000
2021-03-04 13:25:20.868000,1.0741,1.07409,1000000,7540000
2021-03-04 13:25:20.969000,1.07412,1.0741,3760000,1000000
2021-03-04 13:25:22.013000,1.07411,1.07409,1250000,1500000
2021-03-04 13:25:22.748000,1.07411,1.07409,1250000,1870000
2021-03-04 13:25:23.890000,1.07411,1.07409,1250000,1870000
2021-03-04 13:25:24.918000,1.07411,1.07409,1250000,1870000
2021-03-04 13:25:25.430000,1.07411,1.0741,1620000,1000000
2021-03-04 13:25:25.481000,1.07413,1.07411,1570000,5200000
2021-03-04 13:25:25.532000,1.07415,1.07413,1000000,1000000
2021-03-04 13:25:25.633000,1.07416,1.07414,4200000,1250000
2021-03-04 13:25:25.735000,1.07417,1.07415,1570000,1250000
2021-03-04 13:25:25.836000,1.07418,1.07415,2250000,2120000
2021-03-04 13:25:30.108000,1.07418,1.07414,1690000,4970000
2021-03-04 13:25:31.150000,1.07418,1.07415,1870000,2200000
2021-03-04 13:25:32.292000,1.07419,1.07414,1310000,2510000
2021-03-04 13:25:32.629000,1.07418,1.07415,1120000,2570000
2021-03-04 13:25:34.247000,1.07419,1.07417,1550000,1750000
2021-03-04 13:25:34.298000,1.07421,1.0742,1250000,1000000
2021-03-04 13:25:34.501000,1.0742,1.07419,1000000,2250000
2021-03-04 13:25:34.552000,1.07417,1.07412,1250000,3850000
2021-03-04 13:25:34.655000,1.07414,1.07411,4420000,4570000
2021-03-04 13:25:34.757000,1.07413,1.0741,4060000,3560000
2021-03-04 13:25:34.807000,1.0741,1.07408,4050000,1870000
2021-03-04 13:25:34.910000,1.0741,1.07408,1360000,1000000
2021-03-04 13:25:35.113000,1.07411,1.07408,2440000,1690000
2021-03-04 13:25:35.969000,1.07411,1.07408,1690000,2560000
2021-03-04 13:25:36.071000,1.07411,1.07409,1250000,1500000
2021-03-04 13:25:37.790000,1.07411,1.07409,1500000,2440000
2021-03-04 13:25:39.423000,1.07412,1.0741,1690000,1000000
2021-03-04 13:25:39.525000,1.07413,1.07411,1250000,1000000
2021-03-04 13:25:42.486000,1.07414,1.07412,1250000,1000000
2021-03-04 13:25:42.588000,1.07415,1.07413,3320000,1000000
2021-03-04 13:25:42.691000,1.07415,1.07413,2810000,1000000
2021-03-04 13:25:43.752000,1.07416,1.07413,2250000,1200000
2021-03-04 13:25:43.853000,1.07418,1.07415,5140000,1120000
2021-03-04 13:25:44.630000,1.07417,1.07413,1250000,1200000
2021-03-04 13:25:44.782000,1.07416,1.07411,1000000,2890000
2021-03-04 13:25:45.620000,1.07416,1.07414,2620000,1000000
2021-03-04 13:25:45.722000,1.07418,1.07416,1000000,1000000
2021-03-04 13:25:49.235000,1.07417,1.07414,1000000,3260000
2021-03-04 13:25:49.336000,1.07417,1.07415,1120000,1000000
2021-03-04 13:25:51.931000,1.07415,1.07413,1310000,3370000
2021-03-04 13:25:52.033000,1.07414,1.07411,2810000,4200000
2021-03-04 13:25:53.135000,1.07414,1.07411,3310000,1000000
2021-03-04 13:25:54.006000,1.07412,1.07409,1250000,1000000
2021-03-04 13:25:54.107000,1.0741,1.07407,3310000,2440000
2021-03-04 13:25:54.209000,1.0741,1.07407,2810000,1390000
2021-03-04 13:25:54.361000,1.07409,1.07406,2250000,2570000
2021-03-04 13:25:54.914000,1.0741,1.07407,2440000,1250000
2021-03-04 13:25:55.015000,1.0741,1.07408,1250000,1000000
2021-03-04 13:25:55.698000,1.07412,1.0741,1120000,2160000
2021-03-04 13:25:55.800000,1.07412,1.07411,1000000,1000000
2021-03-04 13:25:55.851000,1.07411,1.07409,4690000,1000000
2021-03-04 13:25:55.952000,1.0741,1.07408,1000000,1000000
2021-03-04 13:25:56.054000,1.0741,1.07407,3750000,1250000
2021-03-04 13:25:56.935000,1.07411,1.07407,1000000,1000000
2021-03-04 13:25:57.088000,1.07411,1.07409,1250000,1000000
2021-03-04 13:25:57.494000,1.07412,1.07409,2440000,1120000
2021-03-04 13:25:59.139000,1.07412,1.0741,1000000,1500000
2021-03-04 13:26:00.073000,1.07413,1.0741,1500000,1870000
2021-03-04 13:26:00.175000,1.07414,1.07412,1000000,1000000
2021-03-04 13:26:00.282000,1.07415,1.07412,1690000,1000000
2021-03-04 13:26:01.674000,1.07415,1.07413,1690000,1000000
2021-03-04 13:26:01.966000,1.07417,1.07415,1620000,1000000
2021-03-04 13:26:02.067000,1.0742,1.07417,2250000,2140000
2021-03-04 13:26:02.169000,1.0742,1.07418,2250000,1120000
2021-03-04 13:26:04.022000,1.0742,1.07417,3560000,1000000
2021-03-04 13:26:05.156000,1.0742,1.07416,1500000,1000000
2021-03-04 13:26:05.494000,1.07419,1.07416,2250000,4010000
2021-03-04 13:26:07.080000,1.07419,1.07416,2940000,1950000
2021-03-04 13:26:11.751000,1.07418,1.07415,1000000,3640000
2021-03-04 13:26:11.852000,1.07418,1.07417,1000000,1120000
2021-03-04 13:26:12.645000,1.07418,1.07416,1000000,2890000
2021-03-04 13:26:23.285000,1.07418,1.07415,1000000,4010000
2021-03-04 13:26:23.749000,1.07418,1.07415,1000000,6320000
2021-03-04 13:26:27.771000,1.07419,1.07417,1000000,2890000
2021-03-04 13:26:29.780000,1.07419,1.07416,1870000,2890000
2021-03-04 13:26:30.439000,1.07419,1.07416,2370000,2890000
2021-03-04 13:26:30.540000,1.07419,1.07416,1870000,2510000
2021-03-04 13:26:30.999000,1.07418,1.07416,1000000,1010000
2021-03-04 13:26:31.151000,1.07418,1.07415,1500000,1000000
2021-03-04 13:26:31.253000,1.07416,1.07413,1500000,4010000
2021-03-04 13:26:31.354000,1.07414,1.07412,1000000,1760000
2021-03-04 13:26:32.123000,1.07414,1.07412,1000000,4820000
2021-03-04 13:26:33.121000,1.07415,1.07413,1500000,1390000
2021-03-04 13:26:33.222000,1.07416,1.07413,3000000,1690000
2021-03-04 13:26:33.535000,1.07416,1.07413,2250000,2940000
2021-03-04 13:26:33.891000,1.07417,1.07414,2250000,1760000
2021-03-04 13:26:34.357000,1.07424,1.07421,1690000,2290000
2021-03-04 13:26:34.458000,1.0742,1.07418,1000000,1810000
2021-03-04 13:26:34.560000,1.0742,1.07417,1500000,2560000
2021-03-04 13:26:34.661000,1.0742,1.07417,2000000,1310000
2021-03-04 13:26:34.763000,1.0742,1.07415,2000000,2560000
2021-03-04 13:26:34.864000,1.07419,1.07416,1500000,2560000
2021-03-04 13:26:34.993000,1.07419,1.07416,2250000,1310000
2021-03-04 13:26:36.741000,1.07418,1.07415,1000000,6320000
2021-03-04 13:26:37.562000,1.07418,1.07415,1500000,3260000
2021-03-04 13:26:37.664000,1.07417,1.07415,1120000,1250000
2021-03-04 13:26:41.238000,1.07417,1.07414,3000000,2510000
2021-03-04 13:26:41.548000,1.07417,1.07415,4500000,1000000
2021-03-04 13:26:44.663000,1.07416,1.07413,1000000,5290000
2021-03-04 13:26:45.539000,1.07416,1.07413,1000000,5140000
2021-03-04 13:26:46.139000,1.07416,1.07414,1500000,1000000
2021-03-04 13:26:46.620000,1.07416,1.07413,1500000,4760000
2021-03-04 13:26:47.049000,1.07416,1.07413,1500000,7070000
2021-03-04 13:26:48.550000,1.07414,1.07412,1500000,1000000
2021-03-04 13:26:49.217000,1.07414,1.07409,2250000,2500000
2021-03-04 13:26:49.318000,1.07413,1.07411,1000000,1750000
2021-03-04 13:26:49.582000,1.07413,1.0741,1000000,4570000
2021-03-04 13:26:55.420000,1.07412,1.07409,1000000,4450000
2021-03-04 13:26:55.673000,1.07412,1.0741,1500000,1250000
2021-03-04 13:26:56.817000,1.07414,1.07409,2250000,1750000
2021-03-04 13:26:59.601000,1.07413,1.0741,3750000,1250000
2021-03-04 13:26:59.771000,1.07413,1.07408,1500000,2510000
2021-03-04 13:27:00.484000,1.07411,1.07408,2000000,3010000
2021-03-04 13:27:01.214000,1.0741,1.07407,1870000,1310000
2021-03-04 13:27:01.316000,1.07409,1.07406,1500000,3260000
2021-03-04 13:27:02.257000,1.07409,1.07405,1000000,1310000
2021-03-04 13:27:15.082000,1.07408,1.07405,1500000,1310000
2021-03-04 13:27:41.590000,1.07408,1.07406,1690000,1000000
2021-03-04 13:27:41.691000,1.07408,1.07405,1690000,4120000
2021-03-04 13:27:45.003000,1.07407,1.07405,1000000,2250000
2021-03-04 13:27:48.591000,1.07407,1.07405,1000000,3870000
2021-03-04 13:27:52.477000,1.07408,1.07406,1250000,2620000
2021-03-04 13:27:52.579000,1.07409,1.07406,1000000,1950000
2021-03-04 13:27:52.833000,1.07408,1.07406,1000000,1950000
2021-03-04 13:27:53.249000,1.07409,1.07406,2810000,1950000
2021-03-04 13:27:54.570000,1.07409,1.07406,5500000,1120000
2021-03-04 13:27:59.108000,1.07409,1.07406,6640000,1120000
2021-03-04 13:27:59.751000,1.07409,1.07406,2440000,1620000
2021-03-04 13:28:00.176000,1.07409,1.07406,2440000,1120000
2021-03-04 13:28:00.825000,1.07409,1.07406,3190000,1620000
2021-03-04 13:28:01.128000,1.07409,1.07406,3560000,1120000
2021-03-04 13:28:06.109000,1.07408,1.07405,1500000,4060000
2021-03-04 13:28:18.215000,1.07408,1.07404,1500000,2370000
2021-03-04 13:28:18.894000,1.07408,1.07405,1390000,2370000
2021-03-04 13:28:29.213000,1.07408,1.07405,3560000,1200000
2021-03-04 13:28:30.728000,1.07407,1.07405,1000000,1570000
2021-03-04 13:28:39.088000,1.07407,1.07405,1690000,1620000
2021-03-04 13:28:39.139000,1.07406,1.07402,1000000,2320000
2021-03-04 13:28:39.190000,1.07403,1.07402,1000000,5320000
2021-03-04 13:28:39.545000,1.07403,1.07401,1000000,2320000
2021-03-04 13:28:40.689000,1.07402,1.074,1690000,1100000
2021-03-04 13:28:41.378000,1.07402,1.07399,2440000,1200000
2021-03-04 13:28:41.530000,1.07401,1.07399,1250000,1100000
2021-03-04 13:28:41.784000,1.07401,1.07398,2440000,2250000
2021-03-04 13:28:44.477000,1.07401,1.07399,2440000,1000000
2021-03-04 13:28:44.667000,1.07401,1.07398,3190000,3370000
2021-03-04 13:28:44.914000,1.07401,1.07399,2440000,1000000
2021-03-04 13:28:46.469000,1.074,1.07399,1250000,1000000
2021-03-04 13:28:47.577000,1.074,1.07398,1690000,2250000
2021-03-04 13:28:49.981000,1.074,1.07397,2190000,3450000
2021-03-04 13:28:51.103000,1.074,1.07398,1690000,1000000
2021-03-04 13:28:56.091000,1.074,1.07397,3940000,4200000
2021-03-04 13:28:56.192000,1.074,1.07398,3190000,1500000
2021-03-04 13:28:58.613000,1.074,1.07397,4690000,1200000
2021-03-04 13:28:58.715000,1.07399,1.07397,1690000,1000000
2021-03-04 13:28:58.867000,1.07399,1.07396,3190000,1100000
2021-03-04 13:29:00.120000,1.07399,1.07397,1690000,1200000
2021-03-04 13:29:00.373000,1.074,1.07397,3560000,3070000
2021-03-04 13:29:00.576000,1.074,1.07398,2810000,1000000
2021-03-04 13:29:00.888000,1.074,1.07397,3560000,2320000
2021-03-04 13:29:00.989000,1.074,1.07398,3560000,1000000
2021-03-04 13:29:02.759000,1.074,1.07397,3190000,2700000
2021-03-04 13:29:02.863000,1.074,1.07398,3190000,1000000
2021-03-04 13:29:04.218000,1.074,1.07397,1000000,3640000
2021-03-04 13:29:04.762000,1.07399,1.07397,1000000,1000000
2021-03-04 13:29:06.181000,1.07399,1.07397,1000000,4510000
2021-03-04 13:29:06.398000,1.074,1.07397,1500000,3760000
2021-03-04 13:29:07.827000,1.07401,1.07398,1000000,1000000
2021-03-04 13:29:07.878000,1.07402,1.07399,2320000,2060000
2021-03-04 13:29:08.283000,1.07402,1.07399,1500000,2640000
2021-03-04 13:29:10.098000,1.07403,1.074,2140000,1120000
2021-03-04 13:29:14.853000,1.07402,1.074,1000000,1000000
2021-03-04 13:29:16.568000,1.07402,1.07399,1000000,3940000
2021-03-04 13:29:18.880000,1.07402,1.074,1500000,2250000
2021-03-04 13:29:18.983000,1.07403,1.074,1000000,1690000
2021-03-04 13:29:20.228000,1.07404,1.07401,2620000,1000000
2021-03-04 13:29:20.643000,1.07404,1.07402,1000000,1000000
2021-03-04 13:29:22.004000,1.07404,1.07401,3750000,1690000
2021-03-04 13:29:23.590000,1.07404,1.07402,1500000,1000000
2021-03-04 13:29:24.081000,1.07403,1.07401,1000000,1690000
2021-03-04 13:29:24.182000,1.07404,1.07401,3750000,1690000
2021-03-04 13:29:28.842000,1.07404,1.07402,1500000,1000000
2021-03-04 13:29:31.609000,1.07404,1.07401,1500000,4690000
2021-03-04 13:29:32.234000,1.07404,1.07402,1000000,1250000
2021-03-04 13:29:32.790000,1.07405,1.07402,1000000,1250000
2021-03-04 13:29:32.892000,1.07406,1.07402,1500000,1310000
2021-03-04 13:29:33.149000,1.07406,1.07403,1500000,1000000
2021-03-04 13:29:38.311000,1.07406,1.07404,1000000,1250000
2021-03-04 13:29:50.060000,1.07407,1.07404,1000000,1250000
2021-03-04 13:29:55.078000,1.07409,1.07404,1000000,1250000
2021-03-04 13:30:00.007000,1.07408,1.07404,1000000,1250000
2021-03-04 13:30:00.833000,1.07408,1.07402,1000000,2440000
2021-03-04 13:30:02.771000,1.07408,1.07401,1000000,2370000
2021-03-04 13:30:03.241000,1.07407,1.07401,1000000,6120000
2021-03-04 13:30:03.603000,1.07408,1.074,1000000,1870000
2021-03-04 13:30:04.115000,1.07406,1.07401,1000000,1120000
2021-03-04 13:30:05.827000,1.07406,1.07402,1000000,1000000
2021-03-04 13:30:05.928000,1.07405,1.07402,1000000,1000000
2021-03-04 13:30:06.483000,1.07404,1.07402,1000000,1000000
2021-03-04 13:30:06.635000,1.07404,1.07401,1000000,1000000
2021-03-04 13:30:07.304000,1.07404,1.074,1000000,1000000
2021-03-04 13:30:07.406000,1.07404,1.07401,1000000,1000000
2021-03-04 13:30:09.552000,1.07403,1.074,1000000,1000000
2021-03-04 13:30:09.653000,1.07403,1.07398,1000000,1500000
2021-03-04 13:30:10.198000,1.07403,1.07397,1000000,2250000
2021-03-04 13:30:10.299000,1.07401,1.07398,1000000,1500000
2021-03-04 13:30:10.401000,1.074,1.07397,1000000,3000000
2021-03-04 13:30:10.805000,1.07399,1.07396,1000000,2920000
2021-03-04 13:30:10.907000,1.074,1.07396,1000000,3240000
2021-03-04 13:30:13.641000,1.074,1.07398,1000000,1000000
2021-03-04 13:30:13.743000,1.074,1.07399,1000000,1000000
2021-03-04 13:30:13.794000,1.07403,1.07399,3040000,1500000
2021-03-04 13:30:15.534000,1.07403,1.074,2250000,1000000
2021-03-04 13:30:16.365000,1.07403,1.074,1000000,1500000
2021-03-04 13:30:16.669000,1.07403,1.074,1000000,1000000
2021-03-04 13:30:17.890000,1.07405,1.07399,3750000,1000000
2021-03-04 13:30:19.589000,1.07405,1.07399,4870000,1500000
2021-03-04 13:30:20.551000,1.07404,1.074,5620000,1000000
2021-03-04 13:30:21.163000,1.074,1.07399,1250000,2250000
2021-03-04 13:30:21.214000,1.074,1.07396,1690000,1750000
2021-03-04 13:30:21.265000,1.07398,1.07396,2810000,1000000
2021-03-04 13:30:21.367000,1.07398,1.07395,1690000,1500000
2021-03-04 13:30:21.468000,1.07398,1.07394,2440000,1120000
2021-03-04 13:30:21.772000,1.07399,1.07395,1500000,1690000
2021-03-04 13:30:26.760000,1.074,1.07395,3190000,1000000
2021-03-04 13:30:28.015000,1.07399,1.07397,1250000,1000000
2021-03-04 13:30:28.269000,1.074,1.07397,1310000,1000000
2021-03-04 13:30:28.937000,1.07401,1.07398,3750000,1000000
2021-03-04 13:30:29.139000,1.07401,1.07398,2060000,1000000
2021-03-04 13:30:30.201000,1.07402,1.07399,2120000,1000000
2021-03-04 13:30:30.354000,1.07402,1.07399,1100000,1120000
2021-03-04 13:30:30.457000,1.07403,1.07399,3310000,1700000
2021-03-04 13:30:30.661000,1.07404,1.07398,3560000,1700000
2021-03-04 13:30:32.608000,1.07403,1.07398,1000000,1500000
2021-03-04 13:30:33.164000,1.07402,1.07399,1690000,1500000
2021-03-04 13:30:33.370000,1.07402,1.07399,1690000,1120000
2021-03-04 13:30:33.572000,1.07402,1.074,1690000,1000000
2021-03-04 13:30:38.016000,1.07402,1.074,1310000,1500000
2021-03-04 13:30:42.366000,1.07402,1.074,1310000,2250000
2021-03-04 13:30:47.327000,1.07402,1.074,1310000,2000000
2021-03-04 13:30:49.423000,1.07405,1.07401,2560000,1000000
2021-03-04 13:30:49.525000,1.07405,1.07402,1690000,2250000
2021-03-04 13:30:49.626000,1.07405,1.07401,1750000,6750000
2021-03-04 13:30:49.728000,1.07405,1.07401,1750000,5370000
2021-03-04 13:30:59.014000,1.07404,1.07402,1250000,1000000
2021-03-04 13:30:59.116000,1.07404,1.07401,1370000,2700000
2021-03-04 13:31:01.459000,1.07404,1.07402,1370000,1000000
2021-03-04 13:31:02.235000,1.07404,1.07402,1250000,3000000
2021-03-04 13:31:02.337000,1.07405,1.07403,1250000,1500000
2021-03-04 13:31:02.742000,1.07406,1.07403,2120000,3000000
2021-03-04 13:31:02.944000,1.07406,1.07404,1370000,1500000
2021-03-04 13:31:05.300000,1.07407,1.07404,3190000,2000000
2021-03-04 13:31:07.477000,1.07406,1.07404,1250000,1950000
2021-03-04 13:31:11.611000,1.07407,1.07404,3940000,1500000
2021-03-04 13:31:12.638000,1.07407,1.07404,5500000,1500000
2021-03-04 13:31:22.916000,1.07406,1.07404,3220000,1000000
2021-03-04 13:31:23.590000,1.07405,1.07403,1720000,1500000
2021-03-04 13:31:25.372000,1.07406,1.07404,4070000,1000000
2021-03-04 13:31:28.478000,1.07409,1.07405,4370000,1000000
2021-03-04 13:31:28.580000,1.07407,1.07404,1250000,1000000
2021-03-04 13:31:30.022000,1.07406,1.07404,1250000,1000000
2021-03-04 13:31:38.328000,1.07406,1.07404,1250000,1500000
2021-03-04 13:31:38.971000,1.07406,1.07405,1250000,1500000
2021-03-04 13:31:39.882000,1.07409,1.07408,1100000,1000000
2021-03-04 13:31:39.932000,1.0741,1.07408,1500000,1000000
2021-03-04 13:31:40.034000,1.07411,1.07409,1250000,1500000
2021-03-04 13:31:40.439000,1.07412,1.07409,2440000,1500000
2021-03-04 13:31:57.818000,1.07412,1.0741,1500000,1500000
2021-03-04 13:31:58.020000,1.07413,1.0741,1690000,1950000
2021-03-04 13:32:00.665000,1.07413,1.07412,1000000,1000000
2021-03-04 13:32:01.220000,1.07413,1.0741,1000000,3640000
2021-03-04 13:32:01.996000,1.07413,1.07412,1000000,1000000
2021-03-04 13:32:03.286000,1.07413,1.07411,1000000,1000000
2021-03-04 13:32:03.649000,1.07414,1.07409,1000000,3640000
2021-03-04 13:32:04.803000,1.07413,1.07411,1000000,1000000
2021-03-04 13:32:09.745000,1.07413,1.0741,1120000,3450000
2021-03-04 13:32:28.575000,1.07413,1.07409,1000000,1000000
2021-03-04 13:32:37.268000,1.07413,1.07408,1500000,7010000
2021-03-04 13:32:38.770000,1.0741,1.07408,1120000,1810000
2021-03-04 13:32:40.749000,1.0741,1.07408,2060000,1500000
2021-03-04 13:32:41.227000,1.07409,1.07407,1120000,2370000
2021-03-04 13:32:41.328000,1.07409,1.07407,1000000,1120000
2021-03-04 13:32:48.692000,1.07409,1.07406,1500000,2440000
2021-03-04 13:32:49.045000,1.07408,1.07406,1000000,1690000
2021-03-04 13:33:00.712000,1.07409,1.07405,2560000,1000000
2021-03-04 13:33:00.924000,1.07408,1.07405,2560000,1500000
2021-03-04 13:33:01.280000,1.07405,1.07403,1250000,2740000
2021-03-04 13:33:01.432000,1.07402,1.074,5060000,1000000
2021-03-04 13:33:01.584000,1.07399,1.07398,1000000,1120000
2021-03-04 13:33:01.686000,1.07398,1.07396,1250000,1050000
2021-03-04 13:33:01.737000,1.07396,1.07394,1120000,1800000
2021-03-04 13:33:02.142000,1.07397,1.07395,1810000,1000000
2021-03-04 13:33:02.244000,1.07397,1.07395,1310000,1000000
2021-03-04 13:33:03.356000,1.07398,1.07396,5820000,1500000
2021-03-04 13:33:03.407000,1.07399,1.07397,4390000,1000000
2021-03-04 13:33:04.877000,1.074,1.07397,1250000,1000000
2021-03-04 13:33:14.156000,1.074,1.07398,1000000,1000000
2021-03-04 13:33:14.207000,1.07404,1.07402,1500000,2620000
2021-03-04 13:33:14.308000,1.07406,1.07403,1690000,1570000
2021-03-04 13:33:17.598000,1.07406,1.07403,2940000,2320000
2021-03-04 13:33:17.851000,1.07406,1.07403,2060000,2320000
2021-03-04 13:33:19.067000,1.07405,1.07403,3190000,2250000
2021-03-04 13:33:22.699000,1.07406,1.07403,2060000,2700000
2021-03-04 13:33:22.800000,1.07406,1.07403,1690000,3200000
2021-03-04 13:33:22.953000,1.07406,1.07403,1690000,2320000
2021-03-04 13:33:31.768000,1.07406,1.07404,1690000,1000000
2021-03-04 13:33:32.195000,1.07406,1.07403,1690000,2320000
2021-03-04 13:33:32.731000,1.07406,1.07404,1250000,1000000
2021-03-04 13:33:36.100000,1.07409,1.07407,1270000,1330000
2021-03-04 13:33:36.201000,1.0741,1.07408,2810000,1500000
2021-03-04 13:33:39.066000,1.07411,1.07409,1000000,4310000
2021-03-04 13:33:39.168000,1.07415,1.07412,1600000,6280000
2021-03-04 13:33:39.320000,1.07414,1.07411,1120000,3390000
2021-03-04 13:33:39.421000,1.07413,1.07411,1000000,1620000
2021-03-04 13:33:39.523000,1.07413,1.07411,1000000,1120000
2021-03-04 13:33:40.318000,1.07412,1.0741,1000000,2000000
2021-03-04 13:33:40.419000,1.07412,1.0741,1000000,1500000
2021-03-04 13:33:44.902000,1.07414,1.07413,1000000,1000000
2021-03-04 13:33:45.004000,1.07416,1.07413,1500000,4760000
2021-03-04 13:33:45.105000,1.07418,1.07413,2250000,3190000
2021-03-04 13:33:45.207000,1.07418,1.07415,3000000,3040000
2021-03-04 13:33:45.258000,1.0742,1.07419,2510000,1000000
2021-03-04 13:33:45.309000,1.07422,1.07419,4760000,1500000
2021-03-04 13:33:45.411000,1.07423,1.0742,2250000,1310000
2021-03-04 13:33:45.664000,1.07423,1.0742,2250000,1810000
2021-03-04 13:33:45.766000,1.07422,1.0742,1500000,1310000
2021-03-04 13:33:45.867000,1.07423,1.0742,1000000,2310000
2021-03-04 13:33:46.157000,1.07423,1.07421,1000000,1000000
2021-03-04 13:33:46.360000,1.07423,1.0742,1000000,2760000
2021-03-04 13:33:48.251000,1.07423,1.07421,1000000,1000000
2021-03-04 13:33:49.340000,1.07424,1.07419,3190000,2320000
2021-03-04 13:33:49.492000,1.07422,1.0742,1500000,2250000
2021-03-04 13:33:49.665000,1.07421,1.07419,1250000,1500000
2021-03-04 13:33:49.767000,1.07422,1.07417,1750000,1120000
2021-03-04 13:33:50.166000,1.07419,1.07417,1000000,2370000
2021-03-04 13:33:50.267000,1.07419,1.07417,1120000,1000000
2021-03-04 13:33:50.759000,1.07418,1.07416,1000000,1570000
2021-03-04 13:33:51.559000,1.07418,1.07417,1000000,1000000
2021-03-04 13:33:53.929000,1.0742,1.07418,1250000,1000000
2021-03-04 13:33:54.727000,1.07422,1.07419,2060000,1870000
2021-03-04 13:33:54.828000,1.07422,1.0742,1000000,1000000
2021-03-04 13:33:54.980000,1.07424,1.0742,2440000,5380000
2021-03-04 13:33:55.082000,1.07425,1.07423,1100000,1000000
2021-03-04 13:33:55.183000,1.07426,1.07423,3000000,3220000
2021-03-04 13:33:55.943000,1.07427,1.07425,1000000,1000000
2021-03-04 13:34:00.791000,1.07428,1.07425,1500000,1760000
2021-03-04 13:34:00.893000,1.07427,1.07424,1000000,2810000
2021-03-04 13:34:00.995000,1.07426,1.07423,1000000,4140000
2021-03-04 13:34:03.138000,1.07425,1.07422,1000000,3310000
2021-03-04 13:34:03.241000,1.07425,1.07421,2250000,5090000
2021-03-04 13:34:03.342000,1.07425,1.07421,2440000,4840000
2021-03-04 13:34:03.444000,1.07425,1.07422,1500000,1390000
2021-03-04 13:34:03.748000,1.07426,1.07423,1000000,6340000
2021-03-04 13:34:03.950000,1.07426,1.07424,1000000,1120000
2021-03-04 13:34:04.153000,1.07428,1.07425,2810000,1000000
2021-03-04 13:34:05.206000,1.07428,1.07425,2440000,2450000
2021-03-04 13:34:05.307000,1.07428,1.07425,2810000,1950000
2021-03-04 13:34:06.319000,1.07428,1.07426,1000000,1500000
2021-03-04 13:34:06.421000,1.07429,1.07427,1500000,1870000
2021-03-04 13:34:06.522000,1.0743,1.07428,1690000,1000000
2021-03-04 13:34:06.573000,1.07432,1.0743,1500000,2770000
2021-03-04 13:34:06.675000,1.07433,1.07432,1000000,1120000
2021-03-04 13:34:06.827000,1.07434,1.07431,1500000,5640000
2021-03-04 13:34:06.928000,1.07435,1.07432,1500000,2640000
2021-03-04 13:34:07.029000,1.07437,1.07434,1870000,2810000
2021-03-04 13:34:07.080000,1.07438,1.07436,2020000,1120000
2021-03-04 13:34:07.182000,1.07436,1.07435,1250000,1420000
2021-03-04 13:34:07.284000,1.07435,1.07434,1250000,1000000
2021-03-04 13:34:07.335000,1.07435,1.07432,4680000,3070000
2021-03-04 13:34:07.436000,1.07434,1.0743,1250000,1500000
2021-03-04 13:34:07.537000,1.07433,1.07431,1250000,1000000
2021-03-04 13:34:07.639000,1.07432,1.07429,2060000,2060000
2021-03-04 13:34:08.918000,1.07433,1.0743,1500000,2320000
2021-03-04 13:34:09.020000,1.07434,1.07429,1000000,4590000
2021-03-04 13:34:09.122000,1.07433,1.0743,1120000,2250000
2021-03-04 13:34:09.589000,1.07432,1.0743,1000000,2250000
2021-03-04 13:34:09.691000,1.07433,1.0743,2250000,2250000
2021-03-04 13:34:09.792000,1.07432,1.0743,1000000,1500000
2021-03-04 13:34:09.893000,1.07433,1.0743,2620000,1500000
2021-03-04 13:34:11.837000,1.07432,1.0743,1000000,1120000
2021-03-04 13:34:12.040000,1.07434,1.07429,3000000,1870000
2021-03-04 13:34:14.275000,1.07433,1.07431,1000000,1310000
2021-03-04 13:34:14.377000,1.07435,1.07432,2250000,2060000
2021-03-04 13:34:14.665000,1.07435,1.07433,1500000,1250000
2021-03-04 13:34:14.868000,1.07435,1.07432,1500000,2810000
2021-03-04 13:34:15.291000,1.07435,1.07433,1500000,1500000
2021-03-04 13:34:15.577000,1.07435,1.07432,2250000,4760000
2021-03-04 13:34:16.188000,1.07434,1.07432,1000000,3260000
2021-03-04 13:34:16.290000,1.07436,1.07431,3750000,3640000
2021-03-04 13:34:16.392000,1.07435,1.07431,1000000,2890000
2021-03-04 13:34:18.962000,1.07435,1.07432,2250000,9560000
2021-03-04 13:34:19.610000,1.07436,1.07432,1000000,1120000
2021-03-04 13:34:19.712000,1.07436,1.07434,1250000,1000000
2021-03-04 13:34:19.914000,1.07435,1.07432,1250000,8260000
2021-03-04 13:34:20.016000,1.07435,1.07432,1690000,5590000
2021-03-04 13:34:20.398000,1.07437,1.07435,4390000,1500000
2021-03-04 13:34:20.499000,1.07439,1.07435,3690000,2510000
2021-03-04 13:34:21.261000,1.0744,1.07435,1690000,3000000
2021-03-04 13:34:21.363000,1.0744,1.07435,1690000,4700000
2021-03-04 13:34:21.465000,1.07439,1.07436,1690000,4120000
2021-03-04 13:34:21.682000,1.0744,1.07437,1500000,1250000
2021-03-04 13:34:22.844000,1.0744,1.07437,1500000,5340000
2021-03-04 13:34:24.760000,1.07441,1.07438,1950000,2810000
2021-03-04 13:34:25.088000,1.0744,1.07437,2060000,3320000
2021-03-04 13:34:25.653000,1.07441,1.07438,3750000,2440000
2021-03-04 13:34:29.024000,1.07441,1.07438,4120000,2250000
2021-03-04 13:34:30.802000,1.07441,1.07438,3000000,1690000
2021-03-04 13:34:31.420000,1.07441,1.07438,3250000,1870000
2021-03-04 13:34:31.816000,1.07442,1.07441,3370000,1310000
2021-03-04 13:34:31.917000,1.07444,1.07441,1000000,7210000
2021-03-04 13:34:32.372000,1.07442,1.0744,2810000,1620000
2021-03-04 13:34:32.423000,1.07441,1.07439,1000000,1000000
2021-03-04 13:34:32.525000,1.07439,1.07436,1000000,7840000
2021-03-04 13:34:32.930000,1.07439,1.07436,2440000,2450000
2021-03-04 13:34:33.293000,1.07439,1.07436,2440000,2700000
2021-03-04 13:34:33.698000,1.07439,1.07437,1000000,1250000
2021-03-04 13:34:33.749000,1.07441,1.07438,3370000,1310000
2021-03-04 13:34:33.851000,1.07442,1.07439,1570000,5190000
2021-03-04 13:34:34.866000,1.07443,1.07438,1500000,2890000
2021-03-04 13:34:36.777000,1.07442,1.0744,1000000,1000000
2021-03-04 13:34:37.482000,1.07443,1.0744,3560000,1000000
2021-03-04 13:34:38.995000,1.07441,1.07437,5440000,1000000
2021-03-04 13:34:39.097000,1.07439,1.07436,8250000,1890000
2021-03-04 13:34:39.198000,1.07438,1.07436,1000000,1010000
2021-03-04 13:34:40.007000,1.07437,1.07435,4490000,1000000
2021-03-04 13:34:40.058000,1.07435,1.07433,2060000,1100000
2021-03-04 13:34:40.160000,1.07433,1.07432,1000000,1000000
2021-03-04 13:34:40.780000,1.07434,1.07433,1000000,1000000
2021-03-04 13:34:40.882000,1.07437,1.07435,1000000,3310000
2021-03-04 13:34:41.135000,1.07437,1.07435,1000000,1000000
2021-03-04 13:34:41.237000,1.07437,1.07434,2810000,1200000
2021-03-04 13:34:41.389000,1.07436,1.07434,1000000,1120000
2021-03-04 13:34:41.491000,1.07435,1.07433,1000000,1120000
2021-03-04 13:34:41.592000,1.07434,1.07432,1000000,2620000
2021-03-04 13:34:41.694000,1.07433,1.07432,1000000,1120000
2021-03-04 13:34:41.795000,1.07434,1.07432,1000000,3940000
2021-03-04 13:34:42.200000,1.07435,1.07433,1000000,1000000
2021-03-04 13:34:42.302000,1.07436,1.07435,1000000,1250000
2021-03-04 13:34:42.404000,1.07438,1.07435,2640000,1120000
2021-03-04 13:34:42.505000,1.07437,1.07435,1000000,1120000
2021-03-04 13:34:42.607000,1.07438,1.07435,1000000,1000000
2021-03-04 13:34:42.708000,1.07437,1.07435,1000000,2890000
2021-03-04 13:34:43.518000,1.07438,1.07437,1000000,1000000
2021-03-04 13:34:43.771000,1.07438,1.07436,1000000,2700000
2021-03-04 13:34:44.126000,1.07437,1.07436,1000000,1000000
2021-03-04 13:34:44.938000,1.07437,1.07435,1000000,1570000
2021-03-04 13:34:50.188000,1.07439,1.07436,2440000,3070000
2021-03-04 13:34:50.290000,1.07439,1.07437,1500000,1100000
2021-03-04 13:34:52.912000,1.0744,1.07438,1000000,1950000
2021-03-04 13:34:53.773000,1.07439,1.07437,1000000,1570000
2021-03-04 13:34:56.365000,1.07438,1.07436,1870000,1690000
2021-03-04 13:34:57.092000,1.07437,1.07434,1250000,1000000
2021-03-04 13:34:57.144000,1.07435,1.07433,1250000,1000000
2021-03-04 13:34:57.195000,1.07433,1.07432,1690000,1000000
2021-03-04 13:34:57.296000,1.07433,1.07431,1000000,1250000
2021-03-04 13:34:57.397000,1.07434,1.0743,1000000,1250000
2021-03-04 13:34:57.751000,1.07433,1.07431,1000000,2440000
2021-03-04 13:34:57.853000,1.07433,1.07431,1000000,1750000
2021-03-04 13:34:58.371000,1.07434,1.07431,1500000,2440000
2021-03-04 13:34:58.877000,1.07434,1.07432,1500000,1500000
2021-03-04 13:34:59.845000,1.07434,1.07432,1500000,1600000
2021-03-04 13:34:59.947000,1.07434,1.07432,1500000,1100000
2021-03-04 13:35:00.049000,1.07434,1.07431,2440000,1950000
2021-03-04 13:35:00.558000,1.07434,1.07433,1000000,1000000
2021-03-04 13:35:00.609000,1.07436,1.07433,2250000,2510000
2021-03-04 13:35:01.568000,1.07437,1.07435,2700000,1250000
2021-03-04 13:35:01.670000,1.07438,1.07435,2250000,2690000
2021-03-04 13:35:02.159000,1.07437,1.07435,1000000,2510000
2021-03-04 13:35:04.305000,1.07437,1.07435,1000000,4390000
2021-03-04 13:35:05.233000,1.07433,1.07431,2440000,4200000
2021-03-04 13:35:05.335000,1.07432,1.0743,1000000,2700000
2021-03-04 13:35:05.538000,1.07432,1.07431,1000000,1500000
2021-03-04 13:35:05.770000,1.07434,1.07432,1100000,2890000
2021-03-04 13:35:05.873000,1.07435,1.07433,1000000,1200000
2021-03-04 13:35:06.025000,1.07432,1.07431,1000000,6370000
2021-03-04 13:35:06.077000,1.07429,1.07426,2690000,10270000
2021-03-04 13:35:06.179000,1.07427,1.07425,1000000,2700000
2021-03-04 13:35:08.351000,1.07427,1.07426,1000000,1500000
2021-03-04 13:35:08.455000,1.07427,1.07425,1000000,1090000
2021-03-04 13:35:08.845000,1.07428,1.07426,1500000,1000000
2021-03-04 13:35:09.098000,1.07428,1.07427,1000000,1500000
2021-03-04 13:35:09.538000,1.07428,1.07426,1000000,2510000
2021-03-04 13:35:09.639000,1.07428,1.07425,2250000,3260000
2021-03-04 13:35:10.721000,1.07428,1.07424,1000000,2700000
2021-03-04 13:35:10.772000,1.07426,1.07422,1500000,3640000
2021-03-04 13:35:11.530000,1.07426,1.07422,1000000,6950000
2021-03-04 13:35:11.631000,1.07427,1.07423,2620000,6700000
2021-03-04 13:35:11.784000,1.07427,1.07425,1000000,1760000
2021-03-04 13:35:13.138000,1.07427,1.07426,1000000,2320000
2021-03-04 13:35:13.543000,1.07429,1.07426,1500000,3840000
2021-03-04 13:35:13.644000,1.07429,1.07426,1500000,4840000
2021-03-04 13:35:13.885000,1.07429,1.07426,1500000,4170000
2021-03-04 13:35:14.037000,1.07431,1.07429,1500000,3190000
2021-03-04 13:35:14.139000,1.0743,1.07429,1000000,1000000
2021-03-04 13:35:14.241000,1.0743,1.07428,1250000,1870000
2021-03-04 13:35:14.342000,1.07429,1.07427,1000000,3150000
2021-03-04 13:35:14.545000,1.07429,1.07428,1000000,1000000
2021-03-04 13:35:14.697000,1.07429,1.07427,1000000,3520000
2021-03-04 13:35:14.798000,1.07429,1.07428,1000000,1000000
2021-03-04 13:35:15.001000,1.07429,1.07427,1000000,3450000
2021-03-04 13:35:15.102000,1.07429,1.07428,1000000,1000000
2021-03-04 13:35:15.203000,1.07429,1.07427,1000000,3450000
2021-03-04 13:35:15.507000,1.07429,1.07427,1000000,4510000
2021-03-04 13:35:18.225000,1.07429,1.07425,1000000,2250000
2021-03-04 13:35:20.624000,1.0743,1.07425,1500000,5220000
2021-03-04 13:35:22.145000,1.07429,1.07428,1000000,1000000
2021-03-04 13:35:22.717000,1.07429,1.07427,1000000,3700000
2021-03-04 13:35:23.237000,1.0743,1.07427,2810000,4070000
2021-03-04 13:35:23.857000,1.0743,1.07428,2810000,1000000
2021-03-04 13:35:23.958000,1.0743,1.07427,2810000,4070000
2021-03-04 13:35:25.219000,1.0743,1.07428,2060000,1000000
2021-03-04 13:35:25.321000,1.0743,1.07429,2060000,1000000
2021-03-04 13:35:25.460000,1.0743,1.07428,3560000,1000000
2021-03-04 13:35:27.130000,1.0743,1.07427,2440000,4820000
2021-03-04 13:35:27.745000,1.0743,1.07429,2060000,1000000
2021-03-04 13:35:28.100000,1.07433,1.07431,3190000,1500000
2021-03-04 13:35:28.202000,1.07434,1.07432,2250000,1000000
2021-03-04 13:35:28.303000,1.07434,1.07432,1000000,2370000
2021-03-04 13:35:28.991000,1.07434,1.07432,1000000,2250000
2021-03-04 13:35:31.174000,1.07435,1.07432,1310000,3370000
2021-03-04 13:35:32.871000,1.07434,1.07432,1500000,5250000
2021-03-04 13:35:32.973000,1.07433,1.07432,1690000,1000000
2021-03-04 13:35:33.024000,1.07431,1.07429,1250000,1120000
2021-03-04 13:35:34.008000,1.07432,1.07429,3560000,1000000
2021-03-04 13:35:39.411000,1.07431,1.07428,1000000,5940000
2021-03-04 13:35:39.513000,1.07431,1.07428,1000000,5810000
2021-03-04 13:35:40.520000,1.0743,1.07428,1000000,1870000
2021-03-04 13:35:40.622000,1.07428,1.07426,1000000,6560000
2021-03-04 13:35:40.723000,1.07428,1.07426,1000000,1120000
2021-03-04 13:35:40.825000,1.07426,1.07424,1000000,1690000
2021-03-04 13:35:42.143000,1.07427,1.07426,1000000,1000000
2021-03-04 13:35:44.071000,1.07428,1.07426,1000000,1000000
2021-03-04 13:35:44.173000,1.07429,1.07427,1000000,2250000
2021-03-04 13:35:45.511000,1.07428,1.07426,1000000,2810000
2021-03-04 13:35:49.817000,1.07428,1.07427,1000000,1000000
2021-03-04 13:35:57.655000,1.07428,1.07426,1000000,2810000
2021-03-04 13:35:58.968000,1.0743,1.07425,1500000,3940000
2021-03-04 13:36:00.686000,1.07429,1.07426,1500000,5690000
2021-03-04 13:36:00.737000,1.07432,1.07429,2020000,3190000
2021-03-04 13:36:02.555000,1.07432,1.0743,1000000,1000000
2021-03-04 13:36:04.196000,1.07433,1.07431,2810000,1000000
2021-03-04 13:36:07.611000,1.07433,1.07431,1000000,2370000
2021-03-04 13:36:08.694000,1.07434,1.07432,2060000,1120000
2021-03-04 13:36:09.596000,1.07436,1.07431,4310000,1870000
2021-03-04 13:36:10.160000,1.07435,1.07433,1870000,1000000
2021-03-04 13:36:10.666000,1.07435,1.07432,2620000,1690000
2021-03-04 13:36:13.056000,1.07432,1.07431,1000000,1000000
2021-03-04 13:36:13.107000,1.0743,1.07428,2690000,1950000
2021-03-04 13:36:13.208000,1.07429,1.07426,4160000,3000000
2021-03-04 13:36:13.310000,1.07427,1.07425,1000000,1870000
2021-03-04 13:36:14.477000,1.07428,1.07426,1000000,2620000
2021-03-04 13:36:15.035000,1.07429,1.07426,4310000,1870000
2021-03-04 13:36:17.159000,1.07429,1.07426,3190000,5000000
2021-03-04 13:36:20.147000,1.07429,1.07426,2440000,4870000
2021-03-04 13:36:21.110000,1.07429,1.07426,2440000,5000000
2021-03-04 13:36:22.906000,1.0743,1.07427,3560000,3120000
2021-03-04 13:36:24.189000,1.07431,1.07426,3560000,4000000
2021-03-04 13:36:24.304000,1.0743,1.07427,3190000,4250000
2021-03-04 13:36:25.307000,1.0743,1.07427,3190000,4120000
2021-03-04 13:36:28.118000,1.0743,1.07427,3190000,4250000
2021-03-04 13:36:30.391000,1.0743,1.07428,3560000,1000000
2021-03-04 13:36:30.694000,1.0743,1.07426,1120000,1500000
2021-03-04 13:36:31.081000,1.07425,1.07422,2250000,7940000
2021-03-04 13:36:31.284000,1.07425,1.07422,3190000,2700000
2021-03-04 13:36:31.486000,1.07425,1.07423,2250000,1500000
2021-03-04 13:36:31.587000,1.07425,1.07422,1500000,4760000
2021-03-04 13:36:31.689000,1.07425,1.07423,1500000,1000000
2021-03-04 13:36:31.790000,1.07425,1.07424,1000000,1000000
2021-03-04 13:36:32.763000,1.07426,1.07424,1000000,3000000
2021-03-04 13:36:32.864000,1.07428,1.07426,3290000,1000000
2021-03-04 13:36:32.965000,1.07428,1.07426,3190000,1000000
2021-03-04 13:36:34.032000,1.07429,1.07427,2440000,1000000
2021-03-04 13:36:41.319000,1.07431,1.07426,3640000,1000000
2021-03-04 13:36:42.138000,1.07429,1.07427,1000000,1120000
2021-03-04 13:36:42.290000,1.07428,1.07427,1250000,1120000
2021-03-04 13:36:42.391000,1.07427,1.07426,2440000,1000000
2021-03-04 13:36:42.442000,1.07427,1.07424,2440000,4120000
2021-03-04 13:36:42.544000,1.07426,1.07424,1000000,2550000
2021-03-04 13:36:42.645000,1.07425,1.07424,1000000,1420000
2021-03-04 13:36:42.747000,1.07425,1.07422,2440000,3070000
2021-03-04 13:36:42.848000,1.07424,1.07422,1000000,3070000
2021-03-04 13:36:42.950000,1.07422,1.07421,1000000,4120000
2021-03-04 13:36:43,1.07422,1.0742,1000000,2320000
2021-03-04 13:36:43.355000,1.07423,1.07421,1000000,1000000
2021-03-04 13:36:44.325000,1.07424,1.0742,1000000,2560000
2021-03-04 13:36:45.577000,1.07423,1.0742,1000000,7510000
2021-03-04 13:36:45.780000,1.07422,1.0742,1000000,2940000
2021-03-04 13:36:46.735000,1.07422,1.07419,1690000,5670000
2021-03-04 13:36:46.836000,1.07418,1.07417,1250000,1000000
2021-03-04 13:36:46.887000,1.07417,1.07416,1250000,1570000
2021-03-04 13:36:46.988000,1.07417,1.07415,1000000,1000000
2021-03-04 13:36:47.090000,1.07417,1.07414,2250000,1690000
2021-03-04 13:36:47.191000,1.07417,1.07415,1500000,1120000
2021-03-04 13:36:47.343000,1.07418,1.07414,1000000,2500000
2021-03-04 13:36:47.445000,1.07418,1.07415,1000000,5370000
2021-03-04 13:36:47.952000,1.07419,1.07416,1500000,4370000
2021-03-04 13:36:49.003000,1.07418,1.07415,1500000,4760000
2021-03-04 13:36:52.998000,1.07418,1.07416,1500000,1000000
2021-03-04 13:36:53.303000,1.07418,1.07417,1000000,1000000
2021-03-04 13:36:53.405000,1.07421,1.07419,5700000,1500000
2021-03-04 13:36:53.507000,1.07425,1.0742,8720000,1000000
2021-03-04 13:36:53.626000,1.07424,1.07421,1500000,1000000
2021-03-04 13:36:53.831000,1.07423,1.07421,1000000,1000000
2021-03-04 13:36:54.341000,1.07422,1.07419,2870000,2320000
2021-03-04 13:36:54.443000,1.07421,1.07418,1000000,1000000
2021-03-04 13:36:54.544000,1.0742,1.07418,1000000,1100000
2021-03-04 13:36:54.646000,1.07419,1.07415,1000000,1000000
2021-03-04 13:36:55.399000,1.07417,1.07415,1120000,1000000
2021-03-04 13:36:57.384000,1.07418,1.07415,1870000,1100000
2021-03-04 13:36:57.486000,1.07418,1.07416,1000000,1000000
2021-03-04 13:36:57.887000,1.07418,1.07416,1000000,1000000
2021-03-04 13:36:58.241000,1.07418,1.07415,1000000,4650000
2021-03-04 13:36:58.343000,1.07418,1.07416,1000000,1000000
2021-03-04 13:36:58.596000,1.07419,1.07417,1000000,1000000
2021-03-04 13:36:59.658000,1.07422,1.07418,1950000,5890000
2021-03-04 13:36:59.760000,1.07421,1.07419,1000000,1000000
2021-03-04 13:37:00.338000,1.07421,1.0742,1000000,1000000
2021-03-04 13:37:00.490000,1.07422,1.07418,1000000,1120000
2021-03-04 13:37:00.591000,1.07421,1.07419,1000000,2000000
2021-03-04 13:37:02.227000,1.07422,1.0742,1000000,1000000
2021-03-04 13:37:02.328000,1.07422,1.07421,1000000,1000000
2021-03-04 13:37:02.380000,1.07424,1.07421,1120000,1690000
2021-03-04 13:37:02.482000,1.07426,1.07421,1950000,1120000
2021-03-04 13:37:05.408000,1.07426,1.07424,1500000,1500000
2021-03-04 13:37:05.509000,1.07426,1.07424,1000000,2750000
2021-03-04 13:37:05.612000,1.07427,1.07426,3370000,1120000
2021-03-04 13:37:05.714000,1.07429,1.07426,1500000,1870000
2021-03-04 13:37:05.866000,1.07429,1.07426,1000000,2370000
2021-03-04 13:37:05.968000,1.07429,1.07426,1000000,1870000
2021-03-04 13:37:06.341000,1.0743,1.07428,4570000,1000000
2021-03-04 13:37:11.017000,1.07429,1.07427,1000000,1750000
2021-03-04 13:37:11.118000,1.07429,1.07427,1000000,1310000
2021-03-04 13:37:11.421000,1.07428,1.07425,3620000,1620000
2021-03-04 13:37:11.523000,1.07428,1.07425,2890000,1120000
2021-03-04 13:37:11.624000,1.07427,1.07424,1000000,4060000
2021-03-04 13:37:12.437000,1.07427,1.07424,1000000,3940000
2021-03-04 13:37:12.663000,1.07425,1.07423,1000000,4390000
2021-03-04 13:37:12.816000,1.07426,1.07424,1870000,1000000
2021-03-04 13:37:16.902000,1.07428,1.07426,3450000,1000000
2021-03-04 13:37:17.003000,1.07429,1.07427,4010000,1000000
2021-03-04 13:37:24.946000,1.0743,1.07428,4120000,1000000
2021-03-04 13:37:26.434000,1.0743,1.07428,1120000,1000000
2021-03-04 13:37:26.535000,1.07431,1.07429,3190000,1000000
2021-03-04 13:37:27.211000,1.07431,1.07428,5440000,3000000
2021-03-04 13:37:27.312000,1.0743,1.07428,1120000,2620000
2021-03-04 13:37:30.437000,1.0743,1.07427,2250000,2700000
2021-03-04 13:37:31.419000,1.0743,1.07427,3870000,2250000
2021-03-04 13:37:32.381000,1.07428,1.07426,1690000,3450000
2021-03-04 13:37:33,1.07428,1.07426,1000000,2560000
2021-03-04 13:37:33.546000,1.07428,1.07426,1250000,1870000
2021-03-04 13:37:38.801000,1.07428,1.07425,1310000,2510000
2021-03-04 13:37:39.251000,1.07426,1.07425,1000000,1000000
2021-03-04 13:37:42.636000,1.07426,1.07424,1120000,2140000
2021-03-04 13:37:42.737000,1.07426,1.07423,1500000,4950000
2021-03-04 13:37:42.839000,1.07426,1.07423,1120000,4200000
2021-03-04 13:37:45.122000,1.07427,1.07426,1000000,1310000
2021-03-04 13:37:45.224000,1.07428,1.07426,1000000,1810000
2021-03-04 13:37:45.325000,1.07428,1.07426,1000000,1690000
2021-03-04 13:37:46.147000,1.07427,1.07426,1000000,1250000
2021-03-04 13:37:46.248000,1.07427,1.07425,1000000,1250000
2021-03-04 13:37:46.349000,1.07428,1.07426,1000000,2060000
2021-03-04 13:37:46.451000,1.07428,1.07426,1000000,3190000
2021-03-04 13:37:47.211000,1.07429,1.07427,1000000,3620000
2021-03-04 13:37:47.473000,1.07429,1.07427,1000000,2060000
2021-03-04 13:37:47.625000,1.07429,1.07427,1000000,2440000
2021-03-04 13:37:48.335000,1.07428,1.07427,1000000,1000000
2021-03-04 13:37:48.739000,1.07427,1.07425,1000000,3260000
2021-03-04 13:37:57.247000,1.07426,1.07424,1000000,1310000
2021-03-04 13:37:58.528000,1.07426,1.07423,1690000,2140000
2021-03-04 13:38:00.634000,1.07426,1.07424,1250000,1000000
2021-03-04 13:38:01.532000,1.07427,1.07425,1120000,4000000
2021-03-04 13:38:01.634000,1.07428,1.07426,1000000,1690000
2021-03-04 13:38:04.092000,1.07428,1.07426,1000000,4810000
2021-03-04 13:38:04.552000,1.07429,1.07426,2060000,5260000
2021-03-04 13:38:09.455000,1.0743,1.07428,1250000,2250000
2021-03-04 13:38:10.091000,1.07431,1.07429,2250000,1250000
2021-03-04 13:38:10.193000,1.07432,1.07431,2890000,1310000
2021-03-04 13:38:10.295000,1.07433,1.07431,1250000,1000000
2021-03-04 13:38:10.600000,1.07433,1.0743,2440000,1000000
2021-03-04 13:38:10.702000,1.07432,1.07429,3190000,4310000
2021-03-04 13:38:10.805000,1.0743,1.07429,1310000,1000000
2021-03-04 13:38:10.957000,1.07429,1.07428,6940000,1500000
2021-03-04 13:38:11.464000,1.07429,1.07426,5060000,3190000
2021-03-04 13:38:11.918000,1.07429,1.07426,5870000,1500000
2021-03-04 13:38:12.070000,1.07428,1.07425,1250000,4010000
2021-03-04 13:38:12.171000,1.07429,1.07425,1250000,1000000
2021-03-04 13:38:18.837000,1.07428,1.07425,2810000,1690000
2021-03-04 13:38:18.938000,1.07426,1.07424,1000000,3940000
2021-03-04 13:38:19.090000,1.07426,1.07423,1250000,4010000
2021-03-04 13:38:19.669000,1.07425,1.07423,1690000,1120000
2021-03-04 13:38:19.771000,1.07424,1.07421,1690000,3260000
2021-03-04 13:38:21.246000,1.07425,1.07422,3620000,1500000
2021-03-04 13:38:21.348000,1.07426,1.07422,1000000,1000000
2021-03-04 13:38:21.818000,1.07425,1.07422,2250000,3370000
2021-03-04 13:38:23.453000,1.07426,1.07424,2120000,1500000
2021-03-04 13:38:23.555000,1.07426,1.07425,1000000,1250000
2021-03-04 13:38:24.527000,1.07426,1.07424,1000000,4200000
2021-03-04 13:38:27.591000,1.07425,1.07424,1690000,1000000
2021-03-04 13:38:27.642000,1.07424,1.07422,1000000,2890000
2021-03-04 13:38:30.796000,1.07424,1.07423,1000000,1000000
2021-03-04 13:38:30.897000,1.07425,1.07423,1500000,1000000
2021-03-04 13:38:32.381000,1.07425,1.07424,1000000,1000000
2021-03-04 13:38:32.483000,1.07427,1.07424,6260000,1000000
2021-03-04 13:38:32.635000,1.07428,1.07425,4810000,1120000
2021-03-04 13:38:32.737000,1.07428,1.07425,1500000,3200000
2021-03-04 13:38:32.838000,1.07428,1.07425,1500000,3070000
2021-03-04 13:38:33.205000,1.07428,1.07426,1000000,1000000
2021-03-04 13:38:34.786000,1.07427,1.07426,1000000,1000000
2021-03-04 13:38:35.471000,1.07427,1.07425,1000000,1000000
2021-03-04 13:38:35.928000,1.07428,1.07426,1690000,1000000
2021-03-04 13:38:36.029000,1.07429,1.07427,1870000,1500000
2021-03-04 13:38:36.814000,1.07428,1.07427,1000000,1000000
2021-03-04 13:38:36.915000,1.07428,1.07425,1000000,6010000
2021-03-04 13:38:37.392000,1.07428,1.07425,1000000,5140000
2021-03-04 13:38:37.981000,1.07428,1.07426,1000000,1500000
2021-03-04 13:38:38.082000,1.0743,1.07427,1870000,1000000
2021-03-04 13:38:39.800000,1.0743,1.07429,1000000,1000000
2021-03-04 13:38:44.691000,1.0743,1.07428,3870000,1000000
2021-03-04 13:38:44.793000,1.0743,1.07428,2250000,1000000
2021-03-04 13:38:46.075000,1.07429,1.07428,1250000,1000000
2021-03-04 13:38:46.177000,1.07429,1.07427,1250000,1000000
2021-03-04 13:38:46.842000,1.0743,1.07428,5250000,1000000
2021-03-04 13:38:47.053000,1.07431,1.07427,2620000,1000000
2021-03-04 13:38:47.589000,1.0743,1.07428,3620000,1000000
2021-03-04 13:38:48.178000,1.0743,1.07428,3940000,1000000
2021-03-04 13:38:49.392000,1.07429,1.07427,1120000,1690000
2021-03-04 13:38:49.493000,1.0743,1.07428,4120000,1000000
2021-03-04 13:38:49.595000,1.0743,1.07427,3620000,1500000
2021-03-04 13:38:49.748000,1.0743,1.07428,3620000,1000000
2021-03-04 13:38:54.189000,1.07431,1.07428,1000000,1310000
2021-03-04 13:38:54.245000,1.07431,1.0743,1000000,1000000
2021-03-04 13:38:54.701000,1.07431,1.07428,1500000,2060000
2021-03-04 13:38:57.915000,1.0743,1.07428,2060000,1000000
2021-03-04 13:38:58.319000,1.07428,1.07427,1000000,1500000
2021-03-04 13:38:58.421000,1.07428,1.07426,1000000,2890000
2021-03-04 13:39:02.364000,1.07429,1.07428,7090000,1000000
2021-03-04 13:39:08.331000,1.07428,1.07427,1000000,1120000
2021-03-04 13:39:10.175000,1.07428,1.07426,1000000,4310000
2021-03-04 13:39:12.027000,1.0743,1.07427,6860000,1000000
2021-03-04 13:39:14.803000,1.0743,1.07428,12280000,1000000
2021-03-04 13:39:14.904000,1.07428,1.07426,1250000,1870000
2021-03-04 13:39:15.640000,1.07429,1.07428,1250000,1000000
2021-03-04 13:39:15.809000,1.07428,1.07427,1000000,1000000
2021-03-04 13:39:16.896000,1.07427,1.07425,1000000,2250000
2021-03-04 13:39:16.997000,1.07426,1.07425,1000000,1250000
2021-03-04 13:39:18.722000,1.07428,1.07425,1120000,5640000
2021-03-04 13:39:18.773000,1.07429,1.07428,1000000,1000000
2021-03-04 13:39:18.875000,1.0743,1.07429,1500000,1000000
2021-03-04 13:39:19.689000,1.07431,1.07429,1500000,1000000
2021-03-04 13:39:20.843000,1.07432,1.0743,1870000,1250000
2021-03-04 13:39:20.944000,1.07433,1.07431,1870000,1000000
2021-03-04 13:39:23.176000,1.07432,1.07428,1000000,1000000
2021-03-04 13:39:23.328000,1.07431,1.07428,1120000,3940000
2021-03-04 13:39:23.531000,1.0743,1.07428,1000000,1690000
2021-03-04 13:39:24.093000,1.07429,1.07428,1000000,1250000
2021-03-04 13:39:25.803000,1.07429,1.07427,1870000,1690000
2021-03-04 13:39:26.620000,1.07429,1.07428,1000000,1000000
2021-03-04 13:39:28.540000,1.07429,1.07427,1500000,1690000
2021-03-04 13:39:28.909000,1.07429,1.07428,1000000,1000000
2021-03-04 13:39:30.438000,1.07429,1.07427,1870000,1690000
2021-03-04 13:39:41.497000,1.07428,1.07426,1000000,1500000
2021-03-04 13:39:41.598000,1.07427,1.07426,1250000,1000000
2021-03-04 13:39:41.750000,1.07428,1.07423,2500000,3070000
2021-03-04 13:39:42.104000,1.07426,1.07425,1690000,1000000
2021-03-04 13:39:42.356000,1.07428,1.07426,2120000,1500000
2021-03-04 13:39:42.660000,1.07428,1.07427,1000000,1120000
2021-03-04 13:39:42.963000,1.07428,1.07427,1000000,1120000
2021-03-04 13:39:43.089000,1.07429,1.07427,1500000,1120000
2021-03-04 13:39:53.127000,1.07431,1.07429,1120000,1500000
2021-03-04 13:39:53.280000,1.07433,1.0743,1000000,1000000
2021-03-04 13:39:53.734000,1.07433,1.07431,1870000,1000000
2021-03-04 13:39:57.312000,1.07432,1.07431,1250000,1000000
2021-03-04 13:39:57.414000,1.07431,1.07429,1120000,1500000
2021-03-04 13:39:57.566000,1.0743,1.07429,1000000,1000000
2021-03-04 13:39:57.668000,1.0743,1.07428,2440000,1000000
2021-03-04 13:39:57.769000,1.0743,1.07427,5190000,1500000
2021-03-04 13:39:57.870000,1.07431,1.07426,3190000,1500000
2021-03-04 13:39:59.087000,1.07429,1.07427,1000000,1500000
2021-03-04 13:39:59.981000,1.07426,1.07424,1000000,4200000
2021-03-04 13:40:00.083000,1.07425,1.07423,1000000,1100000
2021-03-04 13:40:00.185000,1.07424,1.07422,1000000,2620000
2021-03-04 13:40:01.678000,1.07425,1.07422,1000000,7460000
2021-03-04 13:40:01.729000,1.07425,1.07424,1000000,1500000
2021-03-04 13:40:01.982000,1.07426,1.07425,1250000,1000000
2021-03-04 13:40:02.887000,1.07427,1.07426,1000000,1000000
2021-03-04 13:40:06.279000,1.07428,1.07426,1000000,1000000
2021-03-04 13:40:06.826000,1.07428,1.07427,1000000,1000000
2021-03-04 13:40:09.862000,1.07428,1.07426,1000000,1000000
2021-03-04 13:40:10.815000,1.07428,1.07427,1250000,1000000
2021-03-04 13:40:11.524000,1.0743,1.07426,2810000,1000000
2021-03-04 13:40:12.102000,1.07429,1.07426,1310000,1120000
2021-03-04 13:40:15.257000,1.07428,1.07426,1000000,1120000
2021-03-04 13:40:15.611000,1.07428,1.07426,1000000,1810000
2021-03-04 13:40:16.079000,1.07429,1.07427,1500000,2060000
2021-03-04 13:40:18.214000,1.07429,1.07427,1000000,2870000
2021-03-04 13:40:21.954000,1.07429,1.07427,1120000,2060000
2021-03-04 13:40:24.376000,1.07425,1.07423,3190000,1570000
2021-03-04 13:40:24.478000,1.07423,1.07421,1500000,1350000
2021-03-04 13:40:26.690000,1.07424,1.07422,1870000,1000000
2021-03-04 13:40:26.791000,1.07425,1.07423,1500000,1310000
2021-03-04 13:40:27.095000,1.07426,1.07423,3190000,2060000
2021-03-04 13:40:29.306000,1.07426,1.07423,4810000,1690000
2021-03-04 13:40:29.408000,1.07426,1.07423,4310000,1690000
2021-03-04 13:40:30.298000,1.07427,1.07425,1120000,1000000
2021-03-04 13:40:30.400000,1.07429,1.07427,1000000,1000000
2021-03-04 13:40:30.956000,1.07429,1.07427,1000000,1250000
2021-03-04 13:40:31.209000,1.0743,1.07429,1870000,1000000
2021-03-04 13:40:32.314000,1.07431,1.07429,2620000,1000000
2021-03-04 13:40:35.301000,1.07431,1.07428,1120000,1000000
2021-03-04 13:40:35.625000,1.07431,1.07429,4200000,1000000
2021-03-04 13:40:38.651000,1.07431,1.07427,1000000,1690000
2021-03-04 13:40:42.261000,1.0743,1.07428,1000000,2870000
2021-03-04 13:40:42.363000,1.0743,1.07428,1000000,2060000
2021-03-04 13:40:42.820000,1.07433,1.07429,10350000,2440000
2021-03-04 13:40:42.922000,1.07433,1.07431,1000000,1250000
2021-03-04 13:40:43.024000,1.07432,1.0743,1000000,2060000
2021-03-04 13:40:43.126000,1.07431,1.07429,1000000,3620000
2021-03-04 13:40:47.059000,1.07433,1.07431,1120000,4450000
2021-03-04 13:40:47.160000,1.07434,1.07432,1000000,1250000
2021-03-04 13:40:47.665000,1.07435,1.07433,1500000,1000000
2021-03-04 13:40:51.242000,1.07435,1.07433,4060000,1000000
2021-03-04 13:40:51.444000,1.07434,1.07432,1120000,1000000
2021-03-04 13:40:51.546000,1.07433,1.07431,2440000,1000000
2021-03-04 13:40:51.647000,1.07432,1.07431,1120000,1000000
2021-03-04 13:40:52.013000,1.07434,1.07431,1120000,1500000
2021-03-04 13:40:52.114000,1.07434,1.07432,1000000,1500000
2021-03-04 13:40:52.215000,1.07435,1.07432,2440000,1870000
2021-03-04 13:40:52.317000,1.07433,1.07431,1000000,1870000
2021-03-04 13:40:52.418000,1.07435,1.0743,5810000,1500000
2021-03-04 13:40:52.823000,1.07434,1.0743,1000000,1000000
2021-03-04 13:40:53.367000,1.07434,1.07431,3940000,1690000
2021-03-04 13:40:53.570000,1.07434,1.07431,7450000,1500000
2021-03-04 13:40:54.213000,1.07433,1.07431,3620000,1000000
2021-03-04 13:40:54.264000,1.07431,1.07428,1310000,4200000
2021-03-04 13:40:54.366000,1.07431,1.07428,4750000,1500000
2021-03-04 13:40:54.755000,1.0743,1.07427,2440000,2440000
2021-03-04 13:40:58.068000,1.07427,1.07425,1000000,4310000
2021-03-04 13:40:58.773000,1.07427,1.07423,4310000,1000000
2021-03-04 13:40:58.925000,1.07425,1.07424,1250000,1000000
2021-03-04 13:40:59.770000,1.07427,1.07423,2510000,1000000
2021-03-04 13:41:00.074000,1.07427,1.07425,1000000,1250000
2021-03-04 13:41:00.176000,1.07429,1.07427,1690000,1000000
2021-03-04 13:41:03.770000,1.07428,1.07426,2700000,1500000
2021-03-04 13:41:06.081000,1.07428,1.07427,1870000,1000000
2021-03-04 13:41:06.766000,1.07429,1.07427,1000000,1120000
2021-03-04 13:41:07.288000,1.0743,1.07428,1250000,1000000
2021-03-04 13:41:08.481000,1.07431,1.07429,3260000,1000000
2021-03-04 13:41:13.563000,1.07432,1.07429,1000000,1000000
2021-03-04 13:41:19.006000,1.0743,1.07428,1000000,10540000
2021-03-04 13:41:19.108000,1.0743,1.07429,1000000,1000000
2021-03-04 13:41:19.429000,1.07431,1.07429,5250000,1000000
2021-03-04 13:41:19.637000,1.0743,1.07429,1000000,1000000
2021-03-04 13:41:22.884000,1.0743,1.07427,2620000,3940000
2021-03-04 13:41:23.855000,1.0743,1.07427,2750000,3940000
2021-03-04 13:41:23.972000,1.0743,1.07427,3000000,3560000
2021-03-04 13:41:24.957000,1.0743,1.07427,3690000,2060000
2021-03-04 13:41:26.388000,1.0743,1.07427,4310000,2060000
2021-03-04 13:41:26.892000,1.07431,1.07426,4370000,1870000
2021-03-04 13:41:30.324000,1.07426,1.07425,1250000,3000000
2021-03-04 13:41:30.375000,1.07426,1.07424,1250000,1870000
2021-03-04 13:41:30.628000,1.07425,1.07423,2060000,1500000
2021-03-04 13:41:30.730000,1.07425,1.07421,2060000,1500000
2021-03-04 13:41:32.841000,1.07423,1.07422,1250000,1000000
2021-03-04 13:41:34.184000,1.07424,1.07422,2810000,1000000
2021-03-04 13:41:34.503000,1.07422,1.07421,1250000,1500000
2021-03-04 13:41:34.605000,1.07422,1.0742,2060000,1000000
2021-03-04 13:41:34.706000,1.07421,1.0742,1250000,1500000
2021-03-04 13:41:34.807000,1.07421,1.07419,1250000,1500000
2021-03-04 13:41:35.934000,1.07423,1.07421,3260000,1000000
2021-03-04 13:41:39.213000,1.07423,1.07421,2870000,1000000
2021-03-04 13:41:39.315000,1.07423,1.07419,1250000,1500000
2021-03-04 13:41:41.249000,1.07423,1.07421,4070000,1000000
2021-03-04 13:41:42.102000,1.07424,1.07422,1570000,1000000
2021-03-04 13:41:42.305000,1.07425,1.07423,1120000,1250000
2021-03-04 13:41:42.356000,1.07429,1.07427,1500000,1690000
2021-03-04 13:41:42.457000,1.0743,1.07429,1000000,1000000
2021-03-04 13:41:42.558000,1.07432,1.07428,1690000,1000000
2021-03-04 13:41:51.494000,1.0743,1.07428,1750000,1000000
2021-03-04 13:41:51.545000,1.07429,1.07427,1250000,2250000
2021-03-04 13:41:52.545000,1.0743,1.07427,3820000,1690000
2021-03-04 13:41:52.646000,1.0743,1.07427,1870000,2500000
2021-03-04 13:41:52.849000,1.0743,1.07428,1000000,1750000
2021-03-04 13:41:52.950000,1.07432,1.07429,2250000,3370000
2021-03-04 13:41:56.412000,1.07433,1.0743,4120000,3190000
2021-03-04 13:41:56.615000,1.07434,1.07433,1000000,1000000
2021-03-04 13:41:56.666000,1.07435,1.07434,1090000,1000000
2021-03-04 13:41:56.767000,1.07436,1.07434,1690000,1000000
2021-03-04 13:41:58.747000,1.07437,1.07436,1310000,1000000
2021-03-04 13:41:59.555000,1.07438,1.07436,2810000,1000000
2021-03-04 13:41:59.707000,1.07437,1.07436,1000000,1000000
2021-03-04 13:42:00.163000,1.07437,1.07435,1000000,1500000
2021-03-04 13:42:03.133000,1.07437,1.07434,4120000,1500000
2021-03-04 13:42:03.794000,1.07436,1.07434,1000000,1500000
2021-03-04 13:42:04.198000,1.07437,1.07434,5810000,1500000
2021-03-04 13:42:04.299000,1.07436,1.07434,1000000,1500000
2021-03-04 13:42:04.783000,1.07437,1.07434,5810000,1500000
2021-03-04 13:42:05.171000,1.07436,1.07434,1000000,1500000
2021-03-04 13:42:05.981000,1.07434,1.07433,1500000,1120000
2021-03-04 13:42:06.082000,1.07434,1.07432,1500000,1500000
2021-03-04 13:42:08.115000,1.07434,1.07431,4120000,2060000
2021-03-04 13:42:08.217000,1.07434,1.07431,4060000,1870000
2021-03-04 13:42:13.075000,1.07432,1.07431,1000000,1000000
2021-03-04 13:42:13.432000,1.07432,1.0743,1000000,1120000
2021-03-04 13:42:13.533000,1.07435,1.0743,2440000,2810000
2021-03-04 13:42:16.996000,1.07434,1.07431,4440000,2060000
2021-03-04 13:42:17.643000,1.07434,1.07431,3000000,2500000
2021-03-04 13:42:17.745000,1.07434,1.07433,1000000,1000000
2021-03-04 13:42:18.900000,1.07436,1.07432,1690000,1000000
2021-03-04 13:42:19.603000,1.07436,1.07433,2810000,2810000
2021-03-04 13:42:19.706000,1.07436,1.07434,1500000,1690000
2021-03-04 13:42:21.381000,1.07436,1.07434,1000000,2500000
2021-03-04 13:42:22.417000,1.07436,1.07434,1000000,2060000
2021-03-04 13:42:24.070000,1.07436,1.07434,1000000,3320000
2021-03-04 13:42:24.171000,1.07437,1.07434,2250000,7070000
2021-03-04 13:42:24.373000,1.07437,1.07434,3190000,4760000
2021-03-04 13:42:24.738000,1.07437,1.07434,3690000,2510000
2021-03-04 13:42:27.024000,1.07435,1.07433,1690000,1570000
2021-03-04 13:42:28.218000,1.07436,1.07433,3560000,1250000
2021-03-04 13:42:29.591000,1.07435,1.07433,1250000,1120000
2021-03-04 13:42:30.793000,1.07431,1.07427,1000000,6270000
2021-03-04 13:42:30.844000,1.07429,1.07426,1870000,4990000
2021-03-04 13:42:31.450000,1.0743,1.07428,1000000,3370000
2021-03-04 13:42:31.552000,1.07431,1.07429,1500000,1120000
2021-03-04 13:42:35.035000,1.07433,1.07431,1310000,1000000
2021-03-04 13:42:35.611000,1.07436,1.07431,3620000,1000000
2021-03-04 13:42:36.145000,1.07435,1.07432,2810000,3750000
2021-03-04 13:42:37.485000,1.07435,1.07432,2440000,3570000
2021-03-04 13:42:38.771000,1.07436,1.07434,1000000,1000000
2021-03-04 13:42:38.873000,1.07437,1.07434,2810000,1870000
2021-03-04 13:42:39.422000,1.07437,1.07435,4750000,1000000
2021-03-04 13:42:39.473000,1.07435,1.07433,4070000,1000000
2021-03-04 13:42:39.523000,1.07433,1.07431,1000000,1120000
2021-03-04 13:42:41.243000,1.07432,1.07427,3560000,1870000
2021-03-04 13:42:41.345000,1.0743,1.07428,3620000,1000000
2021-03-04 13:42:41.548000,1.0743,1.07427,5120000,1500000
2021-03-04 13:42:42.650000,1.0743,1.07427,3190000,1500000
2021-03-04 13:42:43.005000,1.0743,1.07427,5120000,1500000
2021-03-04 13:42:43.260000,1.07428,1.07426,1310000,1000000
2021-03-04 13:42:43.361000,1.07427,1.07425,1000000,1120000
2021-03-04 13:42:43.513000,1.07428,1.07425,1690000,1870000
2021-03-04 13:42:43.766000,1.07428,1.07426,1250000,1000000
2021-03-04 13:42:46.647000,1.07429,1.07426,2810000,1870000
2021-03-04 13:42:47.115000,1.07429,1.07427,1310000,1500000
2021-03-04 13:42:47.648000,1.0743,1.07427,2810000,1870000
2021-03-04 13:42:48.054000,1.07431,1.07428,1870000,3940000
2021-03-04 13:42:48.156000,1.0743,1.07429,1000000,1870000
2021-03-04 13:42:48.486000,1.0743,1.07428,1690000,3370000
2021-03-04 13:42:51.092000,1.0743,1.07429,1000000,1000000
2021-03-04 13:42:52.206000,1.07433,1.07431,3640000,1000000
2021-03-04 13:42:52.409000,1.07433,1.0743,2060000,3070000
2021-03-04 13:42:54.486000,1.07434,1.07432,1000000,2440000
2021-03-04 13:42:54.536000,1.07435,1.07432,2620000,4390000
2021-03-04 13:42:54.638000,1.07436,1.07433,1870000,5510000
2021-03-04 13:42:54.739000,1.07436,1.07433,1000000,6760000
2021-03-04 13:42:55.651000,1.07436,1.07435,1000000,1000000
2021-03-04 13:42:56.426000,1.07432,1.0743,1500000,1000000
2021-03-04 13:42:56.477000,1.07431,1.07429,1000000,7840000
2021-03-04 13:42:56.594000,1.07431,1.0743,1000000,1000000
2021-03-04 13:42:56.696000,1.07431,1.07429,1500000,1330000
2021-03-04 13:42:56.949000,1.07432,1.07429,1570000,4310000
2021-03-04 13:42:57.152000,1.07433,1.07431,3560000,1000000
2021-03-04 13:42:57.253000,1.07432,1.0743,1820000,1500000
2021-03-04 13:42:57.355000,1.07431,1.07429,4200000,1000000
2021-03-04 13:42:57.456000,1.0743,1.07428,1250000,2250000
2021-03-04 13:42:58.151000,1.0743,1.07427,2440000,1500000
2021-03-04 13:42:59.413000,1.07429,1.07426,1250000,4620000
2021-03-04 13:42:59.515000,1.07429,1.07426,1250000,4500000
2021-03-04 13:43:00.086000,1.07428,1.07426,1000000,3750000
2021-03-04 13:43:00.858000,1.07428,1.07426,1000000,5820000
2021-03-04 13:43:01.811000,1.07428,1.07426,1000000,6070000
2021-03-04 13:43:01.962000,1.07428,1.07426,1000000,6200000
2021-03-04 13:43:02.367000,1.07428,1.07426,1000000,3450000
2021-03-04 13:43:03.746000,1.07428,1.07427,1000000,1000000
2021-03-04 13:43:04.856000,1.07429,1.07427,2060000,1000000
2021-03-04 13:43:10.143000,1.0743,1.07428,1000000,7390000
2021-03-04 13:43:10.245000,1.0743,1.07429,1000000,1000000
2021-03-04 13:43:10.346000,1.07431,1.07427,1120000,1950000
2021-03-04 13:43:10.549000,1.0743,1.07427,3560000,2320000
2021-03-04 13:43:10.654000,1.07429,1.07427,1000000,1950000
2021-03-04 13:43:11.892000,1.07429,1.07427,1000000,6160000
2021-03-04 13:43:14.268000,1.0743,1.07428,1500000,3200000
2021-03-04 13:43:14.877000,1.07431,1.07429,1000000,2510000
2021-03-04 13:43:14.978000,1.07434,1.07432,1000000,1570000
2021-03-04 13:43:15.080000,1.07434,1.07432,1000000,4490000
2021-03-04 13:43:18.080000,1.07437,1.07434,10540000,1330000
2021-03-04 13:43:18.483000,1.07436,1.07432,1000000,2490000
2021-03-04 13:43:19.997000,1.07436,1.07434,1000000,1070000
2021-03-04 13:43:20.099000,1.07438,1.07435,1000000,1310000
2021-03-04 13:43:22.137000,1.07438,1.07435,1000000,4170000
2021-03-04 13:43:22.239000,1.07435,1.07434,1000000,1200000
2021-03-04 13:43:22.491000,1.07435,1.07433,1000000,2440000
2021-03-04 13:43:22.885000,1.07434,1.07433,1000000,2060000
2021-03-04 13:43:25.622000,1.07433,1.07432,1000000,1120000
2021-03-04 13:43:25.674000,1.07432,1.0743,1500000,3790000
2021-03-04 13:43:25.877000,1.07429,1.07428,1000000,11890000
2021-03-04 13:43:25.928000,1.07431,1.07429,1000000,2010000
2021-03-04 13:43:27.439000,1.0743,1.07428,1000000,3940000
2021-03-04 13:43:27.742000,1.07429,1.07428,1000000,1120000
2021-03-04 13:43:27.844000,1.07429,1.07427,1500000,1310000
2021-03-04 13:43:31.234000,1.07429,1.07428,1000000,1500000
2021-03-04 13:43:31.909000,1.07431,1.07429,1000000,1000000
2021-03-04 13:43:33.330000,1.07431,1.0743,1000000,1000000
2021-03-04 13:43:33.432000,1.07434,1.07431,1500000,3260000
2021-03-04 13:43:33.735000,1.07434,1.0743,1000000,4010000
2021-03-04 13:43:37.377000,1.07433,1.07432,1000000,1200000
2021-03-04 13:43:37.797000,1.07434,1.07432,1500000,1950000
2021-03-04 13:43:37.898000,1.07434,1.07433,1000000,1000000
2021-03-04 13:43:38.852000,1.07435,1.07434,1000000,1950000
2021-03-04 13:43:39.752000,1.07436,1.07432,1000000,2060000
2021-03-04 13:43:42.230000,1.07435,1.07432,2440000,2320000
2021-03-04 13:43:42.534000,1.07436,1.07432,1500000,1180000
2021-03-04 13:43:43.480000,1.07433,1.07432,1690000,1000000
2021-03-04 13:43:43.582000,1.07433,1.07429,1690000,1000000
2021-03-04 13:43:43.632000,1.0743,1.07429,1500000,1000000
2021-03-04 13:43:43.734000,1.0743,1.07428,1500000,2770000
2021-03-04 13:43:46.540000,1.07429,1.07427,3000000,2060000
2021-03-04 13:43:46.642000,1.07429,1.07426,1500000,2440000
2021-03-04 13:43:47.119000,1.07429,1.07427,1500000,1000000
2021-03-04 13:43:47.658000,1.07429,1.07426,1500000,6260000
2021-03-04 13:43:47.964000,1.07429,1.07427,1500000,1000000
2021-03-04 13:43:49.078000,1.07429,1.07426,4000000,2370000
2021-03-04 13:43:49.179000,1.07427,1.07425,1690000,1000000
2021-03-04 13:43:49.230000,1.07427,1.07424,3190000,6150000
2021-03-04 13:43:49.332000,1.07427,1.07425,1500000,2720000
2021-03-04 13:43:49.433000,1.07428,1.07426,1000000,2320000
2021-03-04 13:43:49.535000,1.07429,1.07427,1500000,1950000
2021-03-04 13:43:49.914000,1.07431,1.07427,1000000,1100000
2021-03-04 13:43:50.894000,1.07431,1.07429,1500000,1070000
2021-03-04 13:43:51.824000,1.0743,1.07429,1000000,1000000
2021-03-04 13:43:52.180000,1.07431,1.07429,1500000,1000000
2021-03-04 13:43:53.739000,1.07431,1.07428,1500000,3640000
2021-03-04 13:43:53.842000,1.0743,1.07427,1500000,3790000
2021-03-04 13:43:53.943000,1.07431,1.07426,3000000,3640000
2021-03-04 13:43:54.045000,1.07429,1.07427,1000000,1870000
2021-03-04 13:43:54.197000,1.07428,1.07427,1000000,1000000
2021-03-04 13:43:54.349000,1.07428,1.07426,1000000,1570000
2021-03-04 13:44:01.258000,1.0743,1.07427,1000000,1180000
2021-03-04 13:44:01.536000,1.0743,1.07427,1500000,5870000
2021-03-04 13:44:02.742000,1.0743,1.07427,1500000,2810000
2021-03-04 13:44:02.895000,1.07429,1.07427,1870000,1000000
2021-03-04 13:44:02.997000,1.07428,1.07427,1000000,1000000
2021-03-04 13:44:03.628000,1.07428,1.07426,1000000,1250000
2021-03-04 13:44:05.544000,1.07429,1.07427,1500000,1500000
2021-03-04 13:44:05.646000,1.07431,1.07427,1000000,3640000
2021-03-04 13:44:05.899000,1.07431,1.07428,1500000,4760000
2021-03-04 13:44:06.225000,1.07431,1.07428,1500000,5570000
2021-03-04 13:44:06.326000,1.07432,1.0743,1000000,1690000
2021-03-04 13:44:06.377000,1.07434,1.07431,3340000,3070000
2021-03-04 13:44:06.478000,1.07435,1.07431,1500000,2760000
2021-03-04 13:44:06.630000,1.07433,1.07431,1750000,1000000
2021-03-04 13:44:06.732000,1.07432,1.0743,1690000,1000000
2021-03-04 13:44:08.008000,1.07432,1.07429,1690000,4200000
2021-03-04 13:44:08.924000,1.07433,1.07429,1500000,1000000
2021-03-04 13:44:09.581000,1.07431,1.07429,1000000,5380000
2021-03-04 13:44:09.683000,1.0743,1.07429,1000000,2320000
2021-03-04 13:44:10.598000,1.0743,1.07428,1870000,1570000
2021-03-04 13:44:11.588000,1.07429,1.07427,1000000,1200000
2021-03-04 13:44:11.841000,1.07428,1.07427,1000000,1000000
2021-03-04 13:44:12.060000,1.07427,1.07426,1120000,1000000
2021-03-04 13:44:12.111000,1.07426,1.07424,1870000,1500000
2021-03-04 13:44:12.416000,1.07427,1.07426,1000000,1000000
2021-03-04 13:44:12.518000,1.07429,1.07424,1000000,5890000
2021-03-04 13:44:13.220000,1.07427,1.07425,1310000,1870000
2021-03-04 13:44:13.322000,1.07425,1.07423,1000000,3200000
2021-03-04 13:44:13.525000,1.07424,1.07423,1000000,1120000
2021-03-04 13:44:13.626000,1.07424,1.07422,1000000,1200000
2021-03-04 13:44:13.728000,1.07424,1.07421,1690000,2620000
2021-03-04 13:44:14.918000,1.07423,1.07421,1000000,1000000
2021-03-04 13:44:15.019000,1.07424,1.07422,1690000,1000000
2021-03-04 13:44:15.222000,1.07425,1.07423,1000000,1500000
2021-03-04 13:44:15.424000,1.07427,1.07425,2260000,1000000
2021-03-04 13:44:15.526000,1.07427,1.07425,1250000,1000000
2021-03-04 13:44:18.649000,1.07428,1.07427,1500000,1000000
2021-03-04 13:44:20.035000,1.07429,1.07427,2060000,1000000
2021-03-04 13:44:21.844000,1.07427,1.07425,1000000,5510000
2021-03-04 13:44:22.280000,1.07426,1.07425,1000000,1000000
2021-03-04 13:44:22.583000,1.07426,1.07424,1000000,1870000
2021-03-04 13:44:23.073000,1.07425,1.07423,1000000,2750000
2021-03-04 13:44:23.187000,1.07425,1.07423,1000000,2250000
2021-03-04 13:44:23.920000,1.07427,1.07425,1760000,1000000
2021-03-04 13:44:24.728000,1.07428,1.07425,3940000,1000000
2021-03-04 13:44:25.726000,1.07429,1.07427,1950000,1000000
2021-03-04 13:44:27.231000,1.0743,1.07428,3190000,1000000
2021-03-04 13:44:36.199000,1.07431,1.0743,1000000,1500000
2021-03-04 13:44:36.300000,1.07433,1.0743,2440000,2250000
2021-03-04 13:44:37.749000,1.07431,1.07429,1000000,3000000
2021-03-04 13:44:38.430000,1.0743,1.07428,1500000,1870000
2021-03-04 13:44:40.549000,1.07437,1.07436,1500000,1000000
2021-03-04 13:44:40.600000,1.07438,1.07436,1000000,2250000
2021-03-04 13:44:40.651000,1.07439,1.07438,1870000,1000000
2021-03-04 13:44:40.753000,1.07439,1.07437,1690000,1000000
2021-03-04 13:44:40.955000,1.07439,1.07436,1690000,4420000
2021-03-04 13:44:41.108000,1.07439,1.07437,1690000,2370000
2021-03-04 13:44:41.216000,1.07439,1.07437,1690000,1870000
2021-03-04 13:44:42.092000,1.07438,1.07436,1250000,1420000
2021-03-04 13:44:42.193000,1.07437,1.07435,1250000,1760000
2021-03-04 13:44:42.600000,1.07436,1.07433,1690000,1850000
2021-03-04 13:44:42.651000,1.07436,1.07433,2440000,1500000
2021-03-04 13:44:43.020000,1.07435,1.07433,1000000,1000000
2021-03-04 13:44:43.740000,1.07431,1.0743,1000000,6450000
2021-03-04 13:44:43.841000,1.07429,1.07427,1000000,6150000
2021-03-04 13:44:45.233000,1.07436,1.07434,1000000,3700000
2021-03-04 13:44:45.283000,1.07438,1.07436,4120000,1000000
2021-03-04 13:44:45.386000,1.07437,1.07435,1120000,1700000
2021-03-04 13:44:45.487000,1.07437,1.07435,1120000,1000000
2021-03-04 13:44:45.588000,1.07437,1.07434,1500000,1870000
2021-03-04 13:44:45.690000,1.07436,1.07434,1000000,1000000
2021-03-04 13:44:45.842000,1.07435,1.07433,1000000,1870000
2021-03-04 13:44:46.095000,1.07435,1.07432,1870000,1870000
2021-03-04 13:44:46.300000,1.07434,1.07432,1000000,1120000
2021-03-04 13:44:46.961000,1.07433,1.0743,1000000,1120000
2021-03-04 13:44:47.063000,1.07431,1.07427,1000000,2250000
2021-03-04 13:44:47.215000,1.0743,1.07426,1690000,1000000
2021-03-04 13:44:47.266000,1.07428,1.07426,1750000,1000000
2021-03-04 13:44:47.367000,1.07428,1.07426,1250000,3000000
2021-03-04 13:44:48.064000,1.07429,1.07427,1500000,1000000
2021-03-04 13:44:49.464000,1.0743,1.07428,1000000,1000000
2021-03-04 13:44:49.566000,1.07431,1.07429,2250000,1000000
2021-03-04 13:44:49.718000,1.07432,1.0743,1000000,2510000
2021-03-04 13:44:49.819000,1.07435,1.07431,2440000,1100000
2021-03-04 13:44:50.408000,1.07435,1.07432,1000000,1000000
2021-03-04 13:44:50.510000,1.07436,1.07433,3190000,2700000
2021-03-04 13:44:51.438000,1.07437,1.07432,3500000,1100000
2021-03-04 13:44:51.540000,1.07436,1.07431,1690000,1570000
2021-03-04 13:44:51.592000,1.07433,1.07431,1000000,1120000
2021-03-04 13:44:51.998000,1.07433,1.07431,1000000,3660000
2021-03-04 13:44:52.101000,1.07434,1.07432,1000000,1570000
2021-03-04 13:44:52.510000,1.07435,1.07432,1500000,1760000
2021-03-04 13:44:56.750000,1.07436,1.07433,3640000,1000000
2021-03-04 13:44:57.424000,1.07438,1.07436,1100000,3320000
2021-03-04 13:44:57.525000,1.07439,1.07437,1500000,1120000
2021-03-04 13:44:57.627000,1.07438,1.07436,1000000,5550000
2021-03-04 13:44:57.728000,1.07437,1.07435,1000000,1000000
2021-03-04 13:44:58.699000,1.07437,1.07434,1500000,3940000
2021-03-04 13:44:58.801000,1.07438,1.07435,1690000,1500000
2021-03-04 13:45:00.135000,1.07437,1.07435,1000000,1000000
