time,ask,bid,ask_volume,bid_volume
2021-07-14 14:25:01.309000,1.10114,1.10111,2000000,1000000
2021-07-14 14:25:01.511000,1.10113,1.1011,1120000,1500000
2021-07-14 14:25:03.550000,1.10114,1.10112,1500000,1000000
2021-07-14 14:25:03.601000,1.10117,1.10114,3820000,1000000
2021-07-14 14:25:03.905000,1.10118,1.10115,1000000,1690000
2021-07-14 14:25:05.961000,1.10117,1.10115,1000000,1000000
2021-07-14 14:25:07.109000,1.10119,1.10114,1000000,1500000
2021-07-14 14:25:07.472000,1.10117,1.10115,1000000,1000000
2021-07-14 14:25:08.037000,1.10118,1.10115,1000000,1500000
2021-07-14 14:25:13.520000,1.10115,1.10113,1000000,2440000
2021-07-14 14:25:14.547000,1.10118,1.10116,2570000,1250000
2021-07-14 14:25:14.599000,1.10119,1.10116,3000000,1250000
2021-07-14 14:25:14.802000,1.10119,1.10116,3120000,1000000
2021-07-14 14:25:15.054000,1.10117,1.10114,1000000,3320000
2021-07-14 14:25:15.538000,1.10115,1.10113,1000000,1870000
2021-07-14 14:25:15.639000,1.10115,1.10112,2750000,1000000
2021-07-14 14:25:15.741000,1.10115,1.10112,2620000,1250000
2021-07-14 14:25:15.843000,1.10115,1.10113,1000000,1000000
2021-07-14 14:25:16.171000,1.10116,1.10113,1000000,1500000
2021-07-14 14:25:17.295000,1.10115,1.10113,1000000,1000000
2021-07-14 14:25:17.396000,1.10114,1.10112,1000000,1250000
2021-07-14 14:25:19.309000,1.10114,1.10111,1000000,2060000
2021-07-14 14:25:19.827000,1.10114,1.10111,1500000,1750000
2021-07-14 14:25:19.928000,1.10118,1.10113,4250000,1000000
2021-07-14 14:25:20.029000,1.10116,1.10113,1120000,1690000
2021-07-14 14:25:20.352000,1.10115,1.10113,1000000,1000000
2021-07-14 14:25:20.453000,1.10115,1.10112,1000000,2810000
2021-07-14 14:25:21.809000,1.10114,1.10111,1000000,2060000
2021-07-14 14:25:22.381000,1.10114,1.10111,1500000,2120000
2021-07-14 14:25:24.882000,1.10112,1.1011,1500000,1370000
2021-07-14 14:25:24.933000,1.10112,1.10109,2620000,1120000
2021-07-14 14:25:25.035000,1.10111,1.10109,1000000,1000000
2021-07-14 14:25:26.018000,1.10111,1.10108,1500000,1000000
2021-07-14 14:25:28.106000,1.1011,1.10107,1500000,2810000
2021-07-14 14:25:29.550000,1.10111,1.10107,1000000,1000000
2021-07-14 14:25:29.805000,1.1011,1.10107,1500000,2810000
2021-07-14 14:25:33.545000,1.10108,1.10106,1120000,1310000
2021-07-14 14:25:33.646000,1.10106,1.10103,1500000,5220000
2021-07-14 14:25:33.748000,1.10105,1.10103,1000000,2120000
2021-07-14 14:25:33.849000,1.10105,1.10103,1000000,1250000
2021-07-14 14:25:34.157000,1.10104,1.10102,1000000,1310000
2021-07-14 14:25:34.258000,1.10105,1.10102,1500000,2120000
2021-07-14 14:25:36.254000,1.10104,1.10101,1500000,3370000
2021-07-14 14:25:36.355000,1.10104,1.10102,1000000,1370000
2021-07-14 14:25:40.526000,1.10105,1.10102,1500000,2870000
2021-07-14 14:25:41.598000,1.10104,1.10102,1000000,2060000
2021-07-14 14:25:42.712000,1.10105,1.10102,1000000,2440000
2021-07-14 14:25:45.284000,1.10104,1.10102,1000000,1000000
2021-07-14 14:25:45.385000,1.10103,1.101,1000000,4070000
2021-07-14 14:25:45.617000,1.10104,1.10101,2620000,1250000
2021-07-14 14:25:46.687000,1.10106,1.10101,3370000,1000000
2021-07-14 14:25:46.839000,1.10106,1.10103,2250000,2120000
2021-07-14 14:25:49.770000,1.10107,1.10104,1500000,1250000
2021-07-14 14:25:54.296000,1.10109,1.10107,2250000,1690000
2021-07-14 14:25:54.398000,1.10111,1.10108,1970000,1120000
2021-07-14 14:25:54.500000,1.10111,1.10108,1500000,1120000
2021-07-14 14:25:58.530000,1.10112,1.10109,2250000,1000000
2021-07-14 14:26:00.456000,1.10113,1.1011,3000000,1000000
2021-07-14 14:26:01.482000,1.10113,1.10111,1870000,1000000
2021-07-14 14:26:02.220000,1.10113,1.1011,3000000,1000000
2021-07-14 14:26:05.534000,1.10111,1.10108,1870000,2620000
2021-07-14 14:26:05.635000,1.1011,1.10107,1000000,3940000
2021-07-14 14:26:06.022000,1.10112,1.10107,2620000,1000000
2021-07-14 14:26:06.410000,1.10111,1.10107,2620000,3560000
2021-07-14 14:26:06.511000,1.10111,1.10108,2620000,1000000
2021-07-14 14:26:06.669000,1.10111,1.10109,1120000,1000000
2021-07-14 14:26:12.213000,1.10112,1.10109,3370000,1000000
2021-07-14 14:26:12.315000,1.10112,1.1011,1000000,1250000
2021-07-14 14:26:13.024000,1.10113,1.10111,1120000,1000000
2021-07-14 14:26:13.177000,1.10114,1.10111,4390000,1000000
2021-07-14 14:26:13.379000,1.10114,1.10111,4510000,1000000
2021-07-14 14:26:18.484000,1.10112,1.1011,1000000,1000000
2021-07-14 14:26:19.579000,1.10112,1.10109,1870000,1000000
2021-07-14 14:26:19.732000,1.1011,1.10107,2620000,2140000
2021-07-14 14:26:19.884000,1.10109,1.10106,1000000,2060000
2021-07-14 14:26:19.985000,1.10109,1.10107,1120000,1000000
2021-07-14 14:26:21.042000,1.10109,1.10106,1870000,1250000
2021-07-14 14:26:21.143000,1.10112,1.10108,1870000,1000000
2021-07-14 14:26:22.318000,1.1011,1.10107,2620000,1310000
2021-07-14 14:26:22.419000,1.10109,1.10106,1500000,3310000
2021-07-14 14:26:22.521000,1.10109,1.10106,1870000,1250000
2021-07-14 14:26:23.261000,1.1011,1.10108,1500000,1000000
2021-07-14 14:26:23.363000,1.10111,1.10108,2250000,1000000
2021-07-14 14:26:25.453000,1.10108,1.10106,6000000,1620000
2021-07-14 14:26:25.504000,1.10106,1.10104,1000000,2410000
2021-07-14 14:26:25.656000,1.10106,1.10103,2620000,1690000
2021-07-14 14:26:29.806000,1.10108,1.10104,2250000,1870000
2021-07-14 14:26:29.857000,1.1011,1.10105,1100000,2810000
2021-07-14 14:26:29.958000,1.1011,1.10107,2720000,1250000
2021-07-14 14:26:30.059000,1.1011,1.10108,2250000,1000000
2021-07-14 14:26:30.211000,1.1011,1.10105,1000000,2060000
2021-07-14 14:26:30.313000,1.10107,1.10104,2620000,2140000
2021-07-14 14:26:30.708000,1.10106,1.10104,1000000,1690000
2021-07-14 14:26:34.062000,1.10105,1.10102,2620000,1500000
2021-07-14 14:26:34.163000,1.10104,1.10102,1500000,1000000
2021-07-14 14:26:34.653000,1.10102,1.101,1000000,2440000
2021-07-14 14:26:34.754000,1.101,1.10097,1500000,6190000
2021-07-14 14:26:36.525000,1.101,1.10098,1000000,1000000
2021-07-14 14:26:37.596000,1.101,1.10097,1500000,2810000
2021-07-14 14:26:38.350000,1.10099,1.10097,1000000,2060000
2021-07-14 14:26:39.441000,1.101,1.10098,1000000,1000000
2021-07-14 14:26:40.842000,1.101,1.10097,2250000,2060000
2021-07-14 14:26:40.943000,1.10099,1.10097,1000000,1690000
2021-07-14 14:26:41.783000,1.10101,1.10098,1870000,1000000
2021-07-14 14:26:41.885000,1.10102,1.10099,3070000,1000000
2021-07-14 14:26:44.068000,1.10103,1.10101,1000000,1000000
2021-07-14 14:26:44.119000,1.10104,1.10101,1950000,1690000
2021-07-14 14:26:45.113000,1.10102,1.10099,1000000,4000000
2021-07-14 14:26:48.194000,1.10103,1.101,2620000,1250000
2021-07-14 14:26:48.961000,1.10105,1.10101,1120000,1690000
2021-07-14 14:26:49.062000,1.10107,1.10102,2320000,1250000
2021-07-14 14:26:49.326000,1.10106,1.10103,1500000,3620000
2021-07-14 14:26:52.543000,1.10107,1.10104,2620000,1250000
2021-07-14 14:26:56.451000,1.10106,1.10103,1500000,2620000
2021-07-14 14:26:56.552000,1.10106,1.10103,3570000,1000000
2021-07-14 14:26:56.704000,1.10106,1.10104,1620000,1000000
2021-07-14 14:26:56.806000,1.10106,1.10104,1000000,1250000
2021-07-14 14:26:59.472000,1.10105,1.10102,1870000,2060000
2021-07-14 14:26:59.725000,1.10105,1.10102,1000000,2870000
2021-07-14 14:27:01.021000,1.10106,1.10103,1500000,1690000
2021-07-14 14:27:04.637000,1.10107,1.10104,4200000,1250000
2021-07-14 14:27:05.043000,1.10107,1.10105,1500000,1250000
2021-07-14 14:27:05.347000,1.10109,1.10107,1000000,1690000
2021-07-14 14:27:05.449000,1.1011,1.10107,2320000,1120000
2021-07-14 14:27:09.310000,1.10109,1.10107,1100000,1000000
2021-07-14 14:27:09.411000,1.10107,1.10104,1000000,4850000
2021-07-14 14:27:09.513000,1.10108,1.10105,2700000,1690000
2021-07-14 14:27:09.614000,1.10108,1.10106,1000000,1000000
2021-07-14 14:27:13.125000,1.10107,1.10105,1000000,2810000
2021-07-14 14:27:15.441000,1.10108,1.10105,2700000,1250000
2021-07-14 14:27:15.543000,1.10107,1.10103,2620000,3250000
2021-07-14 14:27:15.644000,1.10104,1.10102,1000000,3790000
2021-07-14 14:27:15.745000,1.10102,1.101,1000000,1690000
2021-07-14 14:27:15.998000,1.10102,1.101,1000000,4690000
2021-07-14 14:27:16.150000,1.10101,1.10098,2250000,2060000
2021-07-14 14:27:16.201000,1.10099,1.10097,1000000,3820000
2021-07-14 14:27:16.303000,1.10101,1.10097,2700000,2700000
2021-07-14 14:27:16.404000,1.101,1.10096,1950000,1750000
2021-07-14 14:27:16.760000,1.10099,1.10095,3070000,1390000
2021-07-14 14:27:16.862000,1.10097,1.10094,1000000,6100000
2021-07-14 14:27:18.392000,1.10097,1.10095,1000000,1750000
2021-07-14 14:27:19.875000,1.10098,1.10094,1000000,2810000
2021-07-14 14:27:20.431000,1.10097,1.10095,1000000,2870000
2021-07-14 14:27:25.309000,1.10096,1.10094,1000000,3370000
2021-07-14 14:27:25.836000,1.10097,1.10094,1500000,1750000
2021-07-14 14:27:26.038000,1.10094,1.10093,1500000,1200000
2021-07-14 14:27:26.089000,1.10093,1.10091,1000000,1390000
2021-07-14 14:27:26.292000,1.10091,1.10089,1000000,1250000
2021-07-14 14:27:26.343000,1.1009,1.10088,1000000,3940000
2021-07-14 14:27:26.444000,1.10091,1.10088,1000000,2060000
2021-07-14 14:27:26.546000,1.1009,1.10087,1950000,1250000
2021-07-14 14:27:26.597000,1.10088,1.10087,1000000,1250000
2021-07-14 14:27:26.698000,1.10089,1.10087,1000000,1940000
2021-07-14 14:27:26.799000,1.1009,1.10087,1500000,1940000
2021-07-14 14:27:27.203000,1.10088,1.10086,1950000,1250000
2021-07-14 14:27:27.254000,1.10086,1.10084,1500000,1310000
2021-07-14 14:27:27.356000,1.10085,1.10083,1000000,1250000
2021-07-14 14:27:27.881000,1.10084,1.10081,1000000,3750000
2021-07-14 14:27:28.526000,1.10083,1.1008,1950000,3840000
2021-07-14 14:27:28.628000,1.10082,1.10078,1950000,3540000
2021-07-14 14:27:28.981000,1.10079,1.10077,1000000,3370000
2021-07-14 14:27:29.990000,1.10079,1.10077,1000000,1310000
2021-07-14 14:27:30.092000,1.1008,1.10078,1000000,1690000
2021-07-14 14:27:31.824000,1.10082,1.10078,2320000,3060000
2021-07-14 14:27:31.938000,1.10082,1.10079,2320000,1250000
2021-07-14 14:27:32.667000,1.10086,1.10081,3470000,1560000
2021-07-14 14:27:32.769000,1.10085,1.10083,1000000,2620000
2021-07-14 14:27:32.870000,1.10088,1.10083,1000000,2620000
2021-07-14 14:27:32.972000,1.10087,1.10086,1000000,1000000
2021-07-14 14:27:33.074000,1.10091,1.10089,1200000,1370000
2021-07-14 14:27:33.327000,1.10091,1.10089,1000000,1310000
2021-07-14 14:27:33.530000,1.10091,1.10089,1000000,2120000
2021-07-14 14:27:33.682000,1.10091,1.10089,1000000,1310000
2021-07-14 14:27:33.783000,1.10091,1.10089,1000000,1750000
2021-07-14 14:27:39.498000,1.10093,1.10092,1000000,1690000
2021-07-14 14:27:39.651000,1.10094,1.10092,1000000,2120000
2021-07-14 14:27:41.319000,1.10095,1.10092,1500000,1000000
2021-07-14 14:27:41.420000,1.10092,1.10091,1000000,1000000
2021-07-14 14:27:41.521000,1.10092,1.1009,1000000,2440000
2021-07-14 14:27:41.623000,1.10091,1.1009,1000000,1250000
2021-07-14 14:27:41.835000,1.10092,1.1009,1000000,1250000
2021-07-14 14:27:43.714000,1.10091,1.10089,1000000,2870000
2021-07-14 14:27:44.119000,1.10092,1.10089,1000000,2870000
2021-07-14 14:27:44.220000,1.10091,1.10088,1000000,1690000
2021-07-14 14:27:44.271000,1.10089,1.10088,1000000,1250000
2021-07-14 14:27:44.372000,1.10089,1.10085,1500000,3060000
2021-07-14 14:27:44.524000,1.10088,1.10084,1000000,2690000
2021-07-14 14:27:44.575000,1.1009,1.10086,2700000,1940000
2021-07-14 14:27:44.676000,1.10091,1.10088,1100000,1940000
2021-07-14 14:27:45.918000,1.1009,1.10088,1000000,1310000
2021-07-14 14:27:46.121000,1.10091,1.10088,1000000,1250000
2021-07-14 14:27:46.862000,1.10091,1.10088,1000000,3060000
2021-07-14 14:27:46.963000,1.10092,1.10091,1000000,1250000
2021-07-14 14:27:47.014000,1.10094,1.10092,1950000,1250000
2021-07-14 14:27:47.649000,1.10092,1.1009,1000000,2060000
2021-07-14 14:27:47.751000,1.10091,1.10089,1000000,3440000
2021-07-14 14:27:47.953000,1.10091,1.10089,1000000,1250000
2021-07-14 14:27:50.214000,1.10089,1.10087,2250000,2370000
2021-07-14 14:27:50.315000,1.10087,1.10085,1000000,1250000
2021-07-14 14:27:51.039000,1.10089,1.10087,1500000,1310000
2021-07-14 14:27:51.392000,1.10088,1.10087,1000000,1250000
2021-07-14 14:27:53.335000,1.1009,1.10087,1000000,2440000
2021-07-14 14:27:53.588000,1.10087,1.10085,1000000,3090000
2021-07-14 14:27:53.899000,1.10088,1.10084,1950000,2120000
2021-07-14 14:27:54.730000,1.10086,1.10082,1000000,2870000
2021-07-14 14:27:54.831000,1.10085,1.10082,1000000,2440000
2021-07-14 14:27:54.933000,1.10083,1.10081,1500000,1200000
2021-07-14 14:27:55.034000,1.10082,1.10078,1000000,1450000
2021-07-14 14:27:55.691000,1.10082,1.10079,1500000,1370000
2021-07-14 14:27:56.170000,1.1008,1.10078,1000000,3370000
2021-07-14 14:27:56.374000,1.10082,1.10078,2250000,2620000
2021-07-14 14:27:56.922000,1.10083,1.10078,2250000,1250000
2021-07-14 14:27:57.023000,1.10081,1.10079,1000000,1370000
2021-07-14 14:27:58.955000,1.1008,1.10078,1000000,3250000
2021-07-14 14:28:00.076000,1.1008,1.10078,1000000,1690000
2021-07-14 14:28:00.177000,1.10079,1.10078,1000000,1120000
2021-07-14 14:28:00.279000,1.1008,1.10078,1000000,1120000
2021-07-14 14:28:01.720000,1.1008,1.10077,1000000,1000000
2021-07-14 14:28:02.340000,1.10079,1.10077,1000000,2620000
2021-07-14 14:28:02.441000,1.10078,1.10076,1000000,1690000
2021-07-14 14:28:02.543000,1.10078,1.10073,1000000,3010000
2021-07-14 14:28:02.644000,1.10078,1.10074,1500000,2440000
2021-07-14 14:28:03.102000,1.10076,1.10074,1000000,2060000
2021-07-14 14:28:03.253000,1.10077,1.10074,1000000,3810000
2021-07-14 14:28:03.354000,1.10077,1.10074,1000000,2060000
2021-07-14 14:28:03.557000,1.10075,1.10074,1000000,1000000
2021-07-14 14:28:03.658000,1.10075,1.10073,1000000,2810000
2021-07-14 14:28:04.628000,1.10076,1.10073,1000000,3620000
2021-07-14 14:28:04.731000,1.10078,1.10075,1000000,3440000
2021-07-14 14:28:05.288000,1.10079,1.10076,1000000,1310000
2021-07-14 14:28:06.302000,1.10077,1.10075,1000000,1870000
2021-07-14 14:28:06.404000,1.10077,1.10073,2320000,1220000
2021-07-14 14:28:06.505000,1.10075,1.10073,1000000,1120000
2021-07-14 14:28:06.657000,1.10074,1.10072,1000000,1310000
2021-07-14 14:28:06.759000,1.10072,1.1007,1000000,1250000
2021-07-14 14:28:06.860000,1.10071,1.10069,1000000,2140000
2021-07-14 14:28:07.187000,1.10071,1.10067,1000000,1250000
2021-07-14 14:28:07.289000,1.10069,1.10067,1000000,3140000
2021-07-14 14:28:08.847000,1.10069,1.10067,1000000,2060000
2021-07-14 14:28:09.303000,1.10069,1.10067,1000000,1500000
2021-07-14 14:28:09.354000,1.10069,1.10065,1500000,2060000
2021-07-14 14:28:09.404000,1.10066,1.10064,1000000,4010000
2021-07-14 14:28:09.506000,1.10068,1.10064,1000000,1310000
2021-07-14 14:28:10.680000,1.10067,1.10065,1000000,3250000
2021-07-14 14:28:10.781000,1.10068,1.10065,1000000,3250000
2021-07-14 14:28:11.165000,1.10068,1.10065,1000000,6250000
2021-07-14 14:28:11.941000,1.10068,1.10066,1000000,1250000
2021-07-14 14:28:12.228000,1.10067,1.10066,1000000,1250000
2021-07-14 14:28:14.964000,1.10068,1.10065,1000000,3810000
2021-07-14 14:28:15.309000,1.10068,1.10064,1000000,5250000
2021-07-14 14:28:17.708000,1.10073,1.1007,4070000,1000000
2021-07-14 14:28:17.860000,1.10073,1.1007,3450000,1000000
2021-07-14 14:28:18.710000,1.1007,1.10069,1000000,1250000
2021-07-14 14:28:18.811000,1.1007,1.10068,1000000,3940000
2021-07-14 14:28:19.014000,1.10071,1.10068,1100000,1000000
2021-07-14 14:28:19.289000,1.10073,1.10066,4420000,2060000
2021-07-14 14:28:19.391000,1.1007,1.10066,1500000,3690000
2021-07-14 14:28:19.442000,1.10067,1.10066,1000000,1120000
2021-07-14 14:28:20.525000,1.10067,1.10065,1000000,1690000
2021-07-14 14:28:22.250000,1.1007,1.10067,2250000,2310000
2021-07-14 14:28:22.352000,1.1007,1.10067,2250000,1690000
2021-07-14 14:28:22.584000,1.10074,1.10069,3070000,2440000
2021-07-14 14:28:22.635000,1.10075,1.10071,4270000,3190000
2021-07-14 14:28:22.737000,1.10074,1.10072,1500000,2190000
2021-07-14 14:28:23.303000,1.10075,1.10072,1000000,4120000
2021-07-14 14:28:23.975000,1.10075,1.10072,1000000,6940000
2021-07-14 14:28:26.948000,1.10075,1.10071,1500000,2940000
2021-07-14 14:28:27.050000,1.10075,1.10071,1870000,2440000
2021-07-14 14:28:27.100000,1.10073,1.10071,1000000,1310000
2021-07-14 14:28:27.780000,1.10075,1.10071,1500000,3750000
2021-07-14 14:28:27.882000,1.10076,1.10072,1500000,1310000
2021-07-14 14:28:27.983000,1.10076,1.10072,1500000,6000000
2021-07-14 14:28:28.034000,1.10076,1.10074,1500000,1370000
2021-07-14 14:28:28.135000,1.10077,1.10074,1000000,4000000
2021-07-14 14:28:29.297000,1.1008,1.10074,1500000,1250000
2021-07-14 14:28:29.656000,1.10078,1.10076,1000000,3060000
2021-07-14 14:28:29.758000,1.10079,1.10075,1000000,3190000
2021-07-14 14:28:30.388000,1.10076,1.10075,1000000,1000000
2021-07-14 14:28:30.844000,1.10077,1.10074,1500000,1000000
2021-07-14 14:28:33.400000,1.10076,1.10074,1500000,1000000
2021-07-14 14:28:33.997000,1.10076,1.10073,1500000,1310000
2021-07-14 14:28:35.032000,1.10073,1.10071,1000000,4690000
2021-07-14 14:28:35.285000,1.10073,1.10071,1000000,1310000
2021-07-14 14:28:35.386000,1.10073,1.1007,1000000,4120000
2021-07-14 14:28:35.944000,1.10073,1.1007,1000000,1500000
2021-07-14 14:28:36.096000,1.10074,1.10072,1000000,1000000
2021-07-14 14:28:42.812000,1.10073,1.1007,1000000,3870000
2021-07-14 14:28:44.462000,1.10072,1.10069,1000000,2750000
2021-07-14 14:28:44.770000,1.10071,1.10068,1500000,2520000
2021-07-14 14:28:44.871000,1.10069,1.10067,1000000,2320000
2021-07-14 14:28:44.973000,1.1007,1.10067,1000000,2250000
2021-07-14 14:28:45.074000,1.1007,1.10068,1000000,1120000
2021-07-14 14:28:45.377000,1.1007,1.10068,1000000,2000000
2021-07-14 14:28:46.631000,1.10072,1.10069,1000000,1000000
2021-07-14 14:28:46.732000,1.10073,1.10069,1000000,1250000
2021-07-14 14:28:47.036000,1.10072,1.10069,1500000,1500000
2021-07-14 14:28:47.484000,1.10073,1.10071,1000000,1690000
2021-07-14 14:28:47.585000,1.10074,1.10072,1500000,1500000
2021-07-14 14:28:47.687000,1.10075,1.10073,1000000,1870000
2021-07-14 14:28:47.940000,1.10076,1.10074,1000000,2250000
2021-07-14 14:28:48.841000,1.10076,1.10074,1000000,1120000
2021-07-14 14:28:49.044000,1.10075,1.10073,1000000,9000000
2021-07-14 14:28:49.246000,1.10077,1.10073,1000000,1000000
2021-07-14 14:28:49.773000,1.10077,1.10074,1500000,1120000
2021-07-14 14:28:51.036000,1.10076,1.10074,1000000,1500000
2021-07-14 14:28:51.138000,1.10078,1.10073,1500000,1500000
2021-07-14 14:28:52.193000,1.10075,1.10074,1000000,1000000
2021-07-14 14:28:53.290000,1.10076,1.10072,1870000,2370000
2021-07-14 14:28:53.391000,1.10073,1.1007,1000000,4510000
2021-07-14 14:28:55.545000,1.10073,1.10071,1000000,1000000
2021-07-14 14:28:55.647000,1.10073,1.1007,1000000,4620000
2021-07-14 14:28:56.067000,1.10073,1.1007,1500000,1120000
2021-07-14 14:28:59.416000,1.10074,1.10072,1000000,1000000
2021-07-14 14:28:59.517000,1.10078,1.10075,3100000,1500000
2021-07-14 14:28:59.618000,1.10078,1.10075,1000000,3500000
2021-07-14 14:29:00.124000,1.10078,1.10077,1000000,1120000
2021-07-14 14:29:01.207000,1.10081,1.10077,1870000,2620000
2021-07-14 14:29:01.258000,1.10079,1.10077,1000000,5370000
2021-07-14 14:29:01.663000,1.10079,1.10076,3620000,1620000
2021-07-14 14:29:01.764000,1.10077,1.10074,1000000,3100000
2021-07-14 14:29:01.866000,1.10078,1.10074,1000000,1000000
2021-07-14 14:29:01.917000,1.10076,1.10074,1500000,1310000
2021-07-14 14:29:02.019000,1.10077,1.10072,1500000,1100000
2021-07-14 14:29:02.120000,1.10075,1.10073,1500000,1000000
2021-07-14 14:29:02.324000,1.10075,1.10071,1500000,4510000
2021-07-14 14:29:02.375000,1.10073,1.10071,1500000,1950000
2021-07-14 14:29:03.388000,1.10072,1.1007,1000000,3120000
2021-07-14 14:29:03.490000,1.10072,1.1007,1000000,2250000
2021-07-14 14:29:05.340000,1.10073,1.1007,1500000,2250000
2021-07-14 14:29:05.870000,1.10073,1.10068,1500000,1200000
2021-07-14 14:29:05.971000,1.10071,1.10068,1500000,1000000
2021-07-14 14:29:06.073000,1.10068,1.10066,1000000,4620000
2021-07-14 14:29:06.174000,1.10068,1.10066,1000000,3750000
2021-07-14 14:29:08.129000,1.10069,1.10064,1500000,2060000
2021-07-14 14:29:08.291000,1.10068,1.10065,1500000,1620000
2021-07-14 14:29:10.505000,1.10067,1.10064,1500000,3690000
2021-07-14 14:29:10.607000,1.10066,1.10064,1000000,1500000
2021-07-14 14:29:14.927000,1.10066,1.10063,1000000,2250000
2021-07-14 14:29:15.028000,1.10067,1.10065,1000000,1000000
2021-07-14 14:29:16.012000,1.10066,1.10064,1000000,2250000
2021-07-14 14:29:16.114000,1.10065,1.10062,1500000,3850000
2021-07-14 14:29:16.215000,1.10063,1.10062,1000000,1120000
2021-07-14 14:29:16.316000,1.10064,1.10061,1500000,1870000
2021-07-14 14:29:16.418000,1.10061,1.1006,1500000,1120000
2021-07-14 14:29:16.519000,1.10061,1.10058,1000000,4950000
2021-07-14 14:29:16.620000,1.10062,1.10059,1000000,1000000
2021-07-14 14:29:17.340000,1.10061,1.10058,1000000,3500000
2021-07-14 14:29:17.562000,1.10062,1.10058,1000000,3500000
2021-07-14 14:29:18.340000,1.10061,1.10058,1000000,3500000
2021-07-14 14:29:18.550000,1.10062,1.10058,1000000,5000000
2021-07-14 14:29:19.630000,1.10064,1.10057,2140000,2750000
2021-07-14 14:29:19.732000,1.10062,1.10058,1000000,5620000
2021-07-14 14:29:19.936000,1.10061,1.10058,1000000,3750000
2021-07-14 14:29:20.088000,1.10061,1.1006,1000000,1000000
2021-07-14 14:29:20.240000,1.10061,1.10059,1500000,1500000
2021-07-14 14:29:20.342000,1.1006,1.10059,1000000,1000000
2021-07-14 14:29:20.493000,1.10066,1.10063,3790000,1000000
2021-07-14 14:29:20.544000,1.10067,1.10064,1500000,3750000
2021-07-14 14:29:20.646000,1.10067,1.10065,1000000,2250000
2021-07-14 14:29:20.747000,1.10068,1.10065,1000000,2250000
2021-07-14 14:29:20.849000,1.10069,1.10067,1000000,1120000
2021-07-14 14:29:20.950000,1.10069,1.10067,1000000,2000000
2021-07-14 14:29:21.469000,1.10069,1.10067,1000000,1000000
2021-07-14 14:29:21.570000,1.10072,1.10068,1000000,1000000
2021-07-14 14:29:21.672000,1.10072,1.1007,1000000,1120000
2021-07-14 14:29:21.773000,1.10073,1.10071,1000000,3120000
2021-07-14 14:29:21.824000,1.10073,1.1007,2250000,2250000
2021-07-14 14:29:21.926000,1.10073,1.10069,2250000,2250000
2021-07-14 14:29:23.106000,1.10074,1.10071,1500000,1000000
2021-07-14 14:29:24.514000,1.10074,1.10072,1000000,1000000
2021-07-14 14:29:24.616000,1.10074,1.10071,2140000,1500000
2021-07-14 14:29:24.718000,1.10072,1.10069,1000000,1570000
2021-07-14 14:29:24.870000,1.10071,1.10068,1000000,1870000
2021-07-14 14:29:25.436000,1.10073,1.10068,1000000,2250000
2021-07-14 14:29:25.699000,1.10073,1.1007,1000000,1000000
2021-07-14 14:29:26.414000,1.10073,1.1007,1000000,3500000
2021-07-14 14:29:28.173000,1.10073,1.1007,1000000,1950000
2021-07-14 14:29:28.884000,1.10072,1.10069,1000000,2620000
2021-07-14 14:29:30.627000,1.10072,1.10068,3200000,1000000
2021-07-14 14:29:30.728000,1.10069,1.10067,1000000,1100000
2021-07-14 14:29:30.830000,1.10072,1.10069,1000000,3500000
2021-07-14 14:29:30.931000,1.10073,1.1007,1000000,1120000
2021-07-14 14:29:33.183000,1.10074,1.10071,1000000,1000000
2021-07-14 14:29:36.789000,1.10074,1.10072,1000000,1690000
2021-07-14 14:29:37.042000,1.10074,1.10073,1000000,1000000
2021-07-14 14:29:37.143000,1.10074,1.10072,1000000,5060000
2021-07-14 14:29:37.346000,1.10074,1.10069,1000000,3390000
2021-07-14 14:29:37.448000,1.10072,1.10069,1000000,3100000
2021-07-14 14:29:37.549000,1.10072,1.10069,1000000,3000000
2021-07-14 14:29:38.687000,1.10072,1.10069,1000000,2940000
2021-07-14 14:29:38.788000,1.10073,1.10071,1500000,1000000
2021-07-14 14:29:39.719000,1.10072,1.10069,1000000,2620000
2021-07-14 14:29:45.165000,1.10073,1.1007,1000000,1870000
2021-07-14 14:29:46.431000,1.10073,1.10071,1000000,2440000
2021-07-14 14:29:47.687000,1.10075,1.10072,1500000,1000000
2021-07-14 14:29:50.396000,1.10074,1.10072,1000000,1120000
2021-07-14 14:29:50.700000,1.10074,1.10071,1500000,1120000
2021-07-14 14:29:51.008000,1.10075,1.10072,1500000,4120000
2021-07-14 14:29:53.586000,1.10074,1.10072,1000000,1000000
2021-07-14 14:29:55.935000,1.10076,1.10073,1500000,1500000
2021-07-14 14:29:55.987000,1.10077,1.10075,2250000,3000000
2021-07-14 14:29:56.089000,1.10078,1.10075,1000000,2620000
2021-07-14 14:29:56.191000,1.10077,1.10075,1000000,1500000
2021-07-14 14:29:57.082000,1.10077,1.10074,1000000,6750000
2021-07-14 14:29:57.184000,1.10077,1.10072,1500000,1500000
2021-07-14 14:29:57.335000,1.10074,1.10072,1000000,4500000
2021-07-14 14:29:59.284000,1.10074,1.10072,1000000,3500000
2021-07-14 14:30:00.117000,1.10076,1.10073,1500000,1870000
2021-07-14 14:30:00.471000,1.10074,1.10071,1500000,6500000
2021-07-14 14:30:00.572000,1.10074,1.10071,1500000,1000000
2021-07-14 14:30:00.673000,1.10073,1.1007,1500000,1500000
2021-07-14 14:30:01.058000,1.10071,1.1007,1000000,1000000
2021-07-14 14:30:01.397000,1.1007,1.10069,1000000,1000000
2021-07-14 14:30:01.650000,1.1007,1.10068,1500000,1000000
2021-07-14 14:30:01.701000,1.10069,1.10066,1000000,6370000
2021-07-14 14:30:01.802000,1.10068,1.10066,1000000,1870000
2021-07-14 14:30:01.989000,1.10067,1.10065,1500000,1620000
2021-07-14 14:30:02.091000,1.10067,1.10063,1000000,1000000
2021-07-14 14:30:02.546000,1.10067,1.10064,1500000,1120000
2021-07-14 14:30:02.597000,1.10065,1.10064,1500000,1000000
2021-07-14 14:30:02.648000,1.10064,1.10061,1000000,3750000
2021-07-14 14:30:02.749000,1.10063,1.10061,1000000,2250000
2021-07-14 14:30:03.688000,1.10062,1.1006,1000000,2440000
2021-07-14 14:30:03.790000,1.10062,1.10058,1000000,4870000
2021-07-14 14:30:04.520000,1.10061,1.10058,1000000,1500000
2021-07-14 14:30:04.726000,1.1006,1.10058,1000000,1000000
2021-07-14 14:30:05.367000,1.1006,1.10056,1000000,1120000
2021-07-14 14:30:05.469000,1.10058,1.10055,1500000,1000000
2021-07-14 14:30:05.723000,1.10057,1.10054,1000000,4690000
2021-07-14 14:30:06.101000,1.10056,1.10054,1000000,1120000
2021-07-14 14:30:06.253000,1.10056,1.10053,1500000,1120000
2021-07-14 14:30:06.304000,1.10054,1.10052,1000000,1120000
2021-07-14 14:30:07.550000,1.10054,1.10051,1000000,2620000
2021-07-14 14:30:07.701000,1.10053,1.10051,1000000,1120000
2021-07-14 14:30:07.809000,1.10054,1.10049,1500000,1500000
2021-07-14 14:30:07.911000,1.10055,1.10051,4120000,3000000
2021-07-14 14:30:08.059000,1.10058,1.10055,3660000,1000000
2021-07-14 14:30:08.161000,1.10057,1.10054,1000000,2250000
2021-07-14 14:30:08.262000,1.10056,1.10053,1000000,3500000
2021-07-14 14:30:08.364000,1.10056,1.10053,1000000,1500000
2021-07-14 14:30:08.895000,1.10055,1.10052,1250000,2250000
2021-07-14 14:30:08.997000,1.10055,1.10051,1000000,1000000
2021-07-14 14:30:09.698000,1.10054,1.10051,1690000,1500000
2021-07-14 14:30:09.953000,1.10053,1.1005,1000000,1250000
2021-07-14 14:30:10.055000,1.10053,1.10051,1000000,1000000
2021-07-14 14:30:11.580000,1.10054,1.10051,1000000,1500000
2021-07-14 14:30:19.534000,1.10053,1.10051,1250000,1000000
2021-07-14 14:30:19.636000,1.10054,1.10051,4010000,1000000
2021-07-14 14:30:20.295000,1.10055,1.10052,3450000,1000000
2021-07-14 14:30:20.960000,1.10055,1.10052,2790000,1000000
2021-07-14 14:30:21.061000,1.10054,1.10051,1500000,1000000
2021-07-14 14:30:22.954000,1.10053,1.1005,1000000,2060000
2021-07-14 14:30:23.482000,1.10054,1.10049,3310000,1000000
2021-07-14 14:30:23.584000,1.10053,1.1005,2810000,1120000
2021-07-14 14:30:24.654000,1.10052,1.1005,1000000,1000000
2021-07-14 14:30:25.306000,1.10052,1.10048,1000000,1500000
2021-07-14 14:30:25.558000,1.10052,1.1005,1250000,1000000
2021-07-14 14:30:28.126000,1.10053,1.1005,2810000,1120000
2021-07-14 14:30:29.106000,1.10052,1.1005,1250000,1120000
2021-07-14 14:30:29.266000,1.10053,1.1005,3640000,1120000
2021-07-14 14:30:35.347000,1.10053,1.1005,1000000,2560000
2021-07-14 14:30:35.398000,1.10057,1.10055,1000000,2810000
2021-07-14 14:30:35.500000,1.10058,1.10055,1100000,3940000
2021-07-14 14:30:36.056000,1.10057,1.10055,1000000,1310000
2021-07-14 14:30:37.016000,1.10059,1.10056,1000000,1120000
2021-07-14 14:30:37.067000,1.10061,1.10059,1000000,1500000
2021-07-14 14:30:37.805000,1.1006,1.10058,1000000,1120000
2021-07-14 14:30:37.907000,1.1006,1.10057,3260000,1500000
2021-07-14 14:30:38.222000,1.10059,1.10057,1000000,1000000
2021-07-14 14:30:40.785000,1.10059,1.10056,2440000,1500000
2021-07-14 14:30:41.038000,1.10058,1.10056,1000000,1000000
2021-07-14 14:30:41.354000,1.10056,1.10054,2440000,1120000
2021-07-14 14:30:41.456000,1.10056,1.10053,2440000,1500000
2021-07-14 14:30:44.417000,1.10054,1.10051,2060000,1500000
2021-07-14 14:30:44.518000,1.10052,1.1005,1000000,1000000
2021-07-14 14:30:45.336000,1.10053,1.1005,1000000,1500000
2021-07-14 14:30:48.268000,1.10052,1.1005,1000000,1000000
2021-07-14 14:30:49.512000,1.10053,1.1005,2810000,1500000
2021-07-14 14:30:50.597000,1.10052,1.1005,1000000,1000000
2021-07-14 14:30:50.699000,1.10054,1.10049,1870000,1500000
2021-07-14 14:30:51.216000,1.10053,1.10049,1000000,1000000
2021-07-14 14:30:51.412000,1.10053,1.1005,1870000,1500000
2021-07-14 14:30:55.079000,1.10052,1.1005,1000000,1000000
2021-07-14 14:30:55.188000,1.10053,1.1005,4390000,1500000
2021-07-14 14:30:55.471000,1.10053,1.1005,4510000,1500000
2021-07-14 14:30:57.270000,1.10051,1.10049,1690000,1000000
2021-07-14 14:30:57.371000,1.10051,1.1005,1000000,1500000
2021-07-14 14:30:57.473000,1.10052,1.1005,1870000,1500000
2021-07-14 14:30:59.085000,1.10054,1.10052,1620000,1000000
2021-07-14 14:30:59.186000,1.10054,1.10053,1000000,4500000
2021-07-14 14:31:00.532000,1.10055,1.10053,1000000,1500000
2021-07-14 14:31:01.673000,1.10059,1.10057,1890000,1000000
2021-07-14 14:31:01.775000,1.10059,1.10057,1310000,1000000
2021-07-14 14:31:02.737000,1.10058,1.10056,1000000,1500000
2021-07-14 14:31:03.091000,1.10059,1.10056,2810000,1500000
2021-07-14 14:31:04.016000,1.10058,1.10056,1000000,1000000
2021-07-14 14:31:05.581000,1.10058,1.10055,1120000,1500000
2021-07-14 14:31:06.436000,1.10057,1.10053,1000000,1120000
2021-07-14 14:31:06.538000,1.10056,1.10053,1760000,1500000
2021-07-14 14:31:06.790000,1.10055,1.10053,1000000,1500000
2021-07-14 14:31:07.166000,1.10054,1.10052,1250000,1120000
2021-07-14 14:31:07.267000,1.10053,1.10051,1000000,1000000
2021-07-14 14:31:16.519000,1.10053,1.10051,1000000,1500000
2021-07-14 14:31:18.136000,1.10055,1.10053,2140000,1000000
2021-07-14 14:31:18.445000,1.10057,1.10055,1950000,1000000
2021-07-14 14:31:18.546000,1.10058,1.10056,1000000,1870000
2021-07-14 14:31:19.205000,1.1006,1.10055,4310000,1000000
2021-07-14 14:31:21.167000,1.10059,1.10057,1500000,1500000
2021-07-14 14:31:21.269000,1.10058,1.10057,1690000,1000000
2021-07-14 14:31:21.319000,1.10059,1.10054,3940000,1000000
2021-07-14 14:31:21.370000,1.10056,1.10053,1690000,1870000
2021-07-14 14:31:21.471000,1.10056,1.10055,1250000,1000000
2021-07-14 14:31:24.277000,1.10056,1.10053,4200000,1000000
2021-07-14 14:31:24.328000,1.10054,1.10051,2060000,6000000
2021-07-14 14:31:24.430000,1.10055,1.10052,2620000,1000000
2021-07-14 14:31:24.481000,1.10056,1.10054,1950000,1000000
2021-07-14 14:31:24.683000,1.10057,1.10055,1000000,1000000
2021-07-14 14:31:24.937000,1.10057,1.10055,1000000,4370000
2021-07-14 14:31:24.987000,1.10059,1.10057,1000000,1000000
2021-07-14 14:31:25.952000,1.1006,1.10057,3560000,1000000
2021-07-14 14:31:26.473000,1.10062,1.10061,1120000,1000000
2021-07-14 14:31:26.524000,1.10065,1.10063,4010000,1000000
2021-07-14 14:31:26.625000,1.10067,1.10065,1250000,1500000
2021-07-14 14:31:26.980000,1.10069,1.10066,2440000,1000000
2021-07-14 14:31:27.796000,1.10071,1.10068,4000000,1000000
2021-07-14 14:31:27.898000,1.10071,1.10068,1690000,1000000
2021-07-14 14:31:28.816000,1.10071,1.10068,2870000,1000000
2021-07-14 14:31:28.918000,1.10069,1.10067,2500000,1000000
2021-07-14 14:31:29.274000,1.10069,1.10067,1250000,1000000
2021-07-14 14:31:29.425000,1.10069,1.10066,2690000,1000000
2021-07-14 14:31:29.729000,1.10066,1.10064,1250000,1500000
2021-07-14 14:31:29.830000,1.10065,1.10062,1690000,1500000
2021-07-14 14:31:30.286000,1.10065,1.10063,1000000,1000000
2021-07-14 14:31:30.337000,1.10067,1.10065,3070000,1500000
2021-07-14 14:31:30.438000,1.10069,1.10067,1250000,1000000
2021-07-14 14:31:30.539000,1.1007,1.10065,2950000,1000000
2021-07-14 14:31:30.691000,1.10068,1.10065,1250000,1500000
2021-07-14 14:31:34.646000,1.10067,1.10064,2440000,1000000
2021-07-14 14:31:35.151000,1.10068,1.10063,3700000,1000000
2021-07-14 14:31:36.596000,1.10067,1.10064,2810000,1000000
2021-07-14 14:31:37.139000,1.10067,1.10064,3620000,1000000
2021-07-14 14:31:37.244000,1.10067,1.10064,2810000,1000000
2021-07-14 14:31:37.398000,1.10067,1.10064,3620000,1000000
2021-07-14 14:31:39.515000,1.10067,1.10064,2440000,1000000
2021-07-14 14:31:39.617000,1.10069,1.10066,3450000,1000000
2021-07-14 14:31:40.920000,1.10071,1.1007,1720000,1000000
2021-07-14 14:31:40.972000,1.10074,1.10072,1000000,1000000
2021-07-14 14:31:41.073000,1.10075,1.10072,1100000,1000000
2021-07-14 14:31:41.527000,1.10072,1.10069,1000000,3070000
2021-07-14 14:31:41.629000,1.10071,1.10068,2870000,1500000
2021-07-14 14:31:41.882000,1.10071,1.10068,2060000,1500000
2021-07-14 14:31:43.093000,1.10071,1.10068,3320000,1500000
2021-07-14 14:31:43.144000,1.10069,1.10066,2060000,1000000
2021-07-14 14:31:45.634000,1.10068,1.10065,1000000,1500000
2021-07-14 14:31:46.393000,1.10067,1.10065,3390000,1000000
2021-07-14 14:31:46.444000,1.10066,1.10063,3250000,1000000
2021-07-14 14:31:46.495000,1.10064,1.10061,1000000,1500000
2021-07-14 14:31:46.646000,1.10066,1.10061,1870000,1500000
2021-07-14 14:31:48.284000,1.10064,1.10062,1000000,1120000
2021-07-14 14:31:48.891000,1.10066,1.10063,1690000,1000000
2021-07-14 14:31:48.942000,1.10067,1.10065,1540000,1000000
2021-07-14 14:31:49.094000,1.10068,1.10065,2440000,1000000
2021-07-14 14:31:49.245000,1.10067,1.10064,1250000,1870000
2021-07-14 14:31:49.751000,1.10067,1.10064,2120000,1500000
2021-07-14 14:31:49.959000,1.10065,1.10062,1250000,1870000
2021-07-14 14:31:51.431000,1.10064,1.10061,2060000,1000000
2021-07-14 14:31:51.533000,1.10064,1.10061,2500000,1000000
2021-07-14 14:31:52.280000,1.10064,1.10061,1000000,1870000
2021-07-14 14:31:52.684000,1.10065,1.10061,1000000,1000000
2021-07-14 14:31:57.710000,1.10064,1.10061,1120000,1500000
2021-07-14 14:31:59.495000,1.10065,1.10062,2000000,1000000
2021-07-14 14:32:00.784000,1.10065,1.10063,1870000,1000000
2021-07-14 14:32:00.886000,1.10066,1.10061,1870000,1000000
2021-07-14 14:32:01.800000,1.10065,1.10062,2750000,1000000
2021-07-14 14:32:01.901000,1.10065,1.10062,2810000,1000000
2021-07-14 14:32:02.002000,1.10065,1.10062,2940000,1000000
2021-07-14 14:32:02.154000,1.10064,1.10061,1120000,1500000
2021-07-14 14:32:03.838000,1.10061,1.1006,1000000,3750000
2021-07-14 14:32:03.889000,1.1006,1.10058,2870000,1000000
2021-07-14 14:32:03.940000,1.10058,1.10056,2060000,1000000
2021-07-14 14:32:04.042000,1.10057,1.10054,2250000,1570000
2021-07-14 14:32:04.143000,1.10057,1.10054,2750000,1500000
2021-07-14 14:32:04.825000,1.10057,1.10054,3190000,1500000
2021-07-14 14:32:04.926000,1.10057,1.10055,1870000,1000000
2021-07-14 14:32:05.029000,1.10058,1.10055,1870000,1500000
2021-07-14 14:32:05.132000,1.10058,1.10056,1000000,1000000
2021-07-14 14:32:05.730000,1.10057,1.10054,1000000,1870000
2021-07-14 14:32:06.299000,1.10057,1.10053,1250000,1000000
2021-07-14 14:32:06.400000,1.10056,1.10053,1310000,1500000
2021-07-14 14:32:08.712000,1.10057,1.10054,1870000,3250000
2021-07-14 14:32:08.864000,1.10056,1.10054,1000000,1000000
2021-07-14 14:32:09.270000,1.10058,1.10055,2110000,1500000
2021-07-14 14:32:09.321000,1.10058,1.10056,1310000,1000000
2021-07-14 14:32:09.422000,1.10058,1.10055,2440000,1500000
2021-07-14 14:32:09.524000,1.10059,1.10054,4070000,1000000
2021-07-14 14:32:09.959000,1.10058,1.10055,3190000,1000000
2021-07-14 14:32:10.061000,1.10058,1.10056,1870000,1000000
2021-07-14 14:32:10.594000,1.10059,1.10056,3750000,1000000
2021-07-14 14:32:11.241000,1.10059,1.10056,3500000,1000000
2021-07-14 14:32:11.292000,1.10057,1.10054,1000000,1870000
2021-07-14 14:32:11.595000,1.10058,1.10055,2250000,1000000
2021-07-14 14:32:12.753000,1.10057,1.10055,1000000,1000000
2021-07-14 14:32:13.369000,1.10058,1.10055,3070000,1000000
2021-07-14 14:32:13.666000,1.10059,1.10055,1500000,1000000
2021-07-14 14:32:13.818000,1.10059,1.10056,2700000,1500000
2021-07-14 14:32:14.227000,1.10059,1.10057,1000000,1750000
2021-07-14 14:32:14.379000,1.10063,1.10059,5470000,1690000
2021-07-14 14:32:14.430000,1.10064,1.10061,3420000,1000000
2021-07-14 14:32:14.532000,1.10063,1.1006,3290000,1500000
2021-07-14 14:32:14.634000,1.10062,1.10059,1010000,1870000
2021-07-14 14:32:14.736000,1.10061,1.10058,2140000,2370000
2021-07-14 14:32:14.838000,1.10061,1.10058,2510000,1000000
2021-07-14 14:32:16.561000,1.10061,1.10059,1500000,1000000
2021-07-14 14:32:16.764000,1.10059,1.10056,1000000,3260000
2021-07-14 14:32:16.865000,1.10058,1.10055,1000000,2910000
2021-07-14 14:32:16.966000,1.10058,1.10055,1000000,1250000
2021-07-14 14:32:17.219000,1.1006,1.10058,1870000,1000000
2021-07-14 14:32:20.097000,1.1006,1.10057,1000000,1000000
2021-07-14 14:32:20.503000,1.1006,1.10058,1000000,1500000
2021-07-14 14:32:22.274000,1.10061,1.10059,1500000,1000000
2021-07-14 14:32:24.431000,1.10062,1.10059,1950000,1500000
2021-07-14 14:32:28.251000,1.1006,1.10057,1500000,1310000
2021-07-14 14:32:28.605000,1.10061,1.10058,3820000,1000000
2021-07-14 14:32:28.707000,1.10059,1.10057,1000000,1120000
2021-07-14 14:32:30.501000,1.1006,1.10057,1120000,1870000
2021-07-14 14:32:31.136000,1.10059,1.10056,1000000,1690000
2021-07-14 14:32:32.209000,1.10058,1.10056,1000000,1000000
2021-07-14 14:32:32.361000,1.10058,1.10055,1570000,1690000
2021-07-14 14:32:32.931000,1.10057,1.10055,1000000,1000000
2021-07-14 14:32:36.094000,1.10056,1.10053,1000000,2810000
2021-07-14 14:32:39.107000,1.10055,1.10052,1000000,2620000
2021-07-14 14:32:39.723000,1.10055,1.10052,4510000,1000000
2021-07-14 14:32:41.823000,1.10055,1.10052,2620000,1000000
2021-07-14 14:32:43.770000,1.10055,1.10052,1620000,1500000
2021-07-14 14:32:43.875000,1.10055,1.10052,1500000,1870000
2021-07-14 14:32:45.876000,1.10056,1.10053,2370000,1500000
2021-07-14 14:32:45.977000,1.10057,1.10054,3190000,1000000
2021-07-14 14:32:46.281000,1.10057,1.10054,2750000,1000000
2021-07-14 14:32:46.382000,1.10056,1.10053,1120000,1500000
2021-07-14 14:32:46.483000,1.10057,1.10054,3500000,1000000
2021-07-14 14:32:47.299000,1.10057,1.10054,1120000,1500000
2021-07-14 14:32:48.847000,1.10056,1.10053,1120000,1870000
2021-07-14 14:32:49.503000,1.10055,1.10052,1000000,2620000
2021-07-14 14:32:50.505000,1.10055,1.10052,2000000,2250000
2021-07-14 14:32:52.512000,1.10055,1.10052,2810000,1500000
2021-07-14 14:32:54.470000,1.10055,1.10052,2000000,1500000
2021-07-14 14:32:54.571000,1.10056,1.10051,1870000,1500000
2021-07-14 14:32:55.577000,1.10055,1.10052,2000000,1500000
2021-07-14 14:32:57.561000,1.10055,1.10052,1500000,1500000
2021-07-14 14:32:58.544000,1.10055,1.10052,1620000,1500000
2021-07-14 14:33:00.207000,1.10055,1.10053,1000000,1000000
2021-07-14 14:33:00.561000,1.10055,1.10053,1000000,1000000
2021-07-14 14:33:03.199000,1.10056,1.10053,2320000,1000000
2021-07-14 14:33:03.250000,1.10057,1.10055,3470000,1500000
2021-07-14 14:33:03.402000,1.10058,1.10055,3240000,1000000
2021-07-14 14:33:03.605000,1.10058,1.10056,1500000,1000000
2021-07-14 14:33:03.706000,1.10058,1.10055,1650000,1500000
2021-07-14 14:33:04.232000,1.10058,1.10056,1650000,1000000
2021-07-14 14:33:06.147000,1.10058,1.10055,3370000,1500000
2021-07-14 14:33:06.249000,1.10058,1.10056,2620000,1000000
2021-07-14 14:33:06.552000,1.10057,1.10053,1620000,3310000
2021-07-14 14:33:06.603000,1.10055,1.10052,2620000,1500000
2021-07-14 14:33:06.654000,1.10054,1.10051,1000000,3450000
2021-07-14 14:33:06.755000,1.10054,1.10052,1000000,1000000
2021-07-14 14:33:06.856000,1.10054,1.10052,1000000,1000000
2021-07-14 14:33:06.958000,1.10054,1.10053,1000000,1000000
2021-07-14 14:33:07.911000,1.10055,1.10053,1120000,1000000
2021-07-14 14:33:10.696000,1.10054,1.10051,1500000,1310000
2021-07-14 14:33:10.798000,1.10054,1.10051,3310000,1250000
2021-07-14 14:33:11.371000,1.10054,1.10051,2000000,2500000
2021-07-14 14:33:11.472000,1.10055,1.10053,2000000,1000000
2021-07-14 14:33:12.394000,1.10056,1.10053,6120000,1000000
2021-07-14 14:33:17.792000,1.10053,1.10051,1100000,1000000
2021-07-14 14:33:17.843000,1.10052,1.1005,2440000,1500000
2021-07-14 14:33:17.945000,1.10052,1.10051,1000000,1500000
2021-07-14 14:33:18.046000,1.10054,1.10051,1620000,1500000
2021-07-14 14:33:18.148000,1.10054,1.10052,1500000,1000000
2021-07-14 14:33:18.963000,1.10054,1.10053,1000000,1000000
2021-07-14 14:33:21.865000,1.10054,1.10052,1000000,1000000
2021-07-14 14:33:23.049000,1.10054,1.10051,1390000,2250000
2021-07-14 14:33:23.151000,1.10053,1.10051,3640000,1000000
2021-07-14 14:33:23.252000,1.10052,1.10051,1000000,1000000
2021-07-14 14:33:24.978000,1.10052,1.10049,1200000,3370000
2021-07-14 14:33:25.181000,1.10053,1.10051,3310000,1500000
2021-07-14 14:33:25.282000,1.10054,1.10051,1910000,1500000
2021-07-14 14:33:25.435000,1.10054,1.10052,1120000,1000000
2021-07-14 14:33:25.688000,1.10053,1.10051,1310000,1000000
2021-07-14 14:33:25.790000,1.10054,1.10052,1620000,1000000
2021-07-14 14:33:26.708000,1.10054,1.10052,1500000,1000000
2021-07-14 14:33:28.682000,1.10054,1.10052,2000000,1000000
2021-07-14 14:33:29.866000,1.10055,1.10053,3120000,1000000
2021-07-14 14:33:29.968000,1.10056,1.10054,3370000,1000000
2021-07-14 14:33:30.069000,1.10057,1.10053,2370000,2440000
2021-07-14 14:33:30.322000,1.10056,1.10053,2000000,1120000
2021-07-14 14:33:30.474000,1.10054,1.10051,1870000,2250000
2021-07-14 14:33:30.576000,1.10054,1.10051,4440000,1000000
2021-07-14 14:33:31.163000,1.10054,1.10052,4060000,1000000
2021-07-14 14:33:31.214000,1.10053,1.1005,2060000,2620000
2021-07-14 14:33:31.264000,1.10051,1.10048,2250000,1870000
2021-07-14 14:33:31.366000,1.10053,1.10051,1600000,1000000
2021-07-14 14:33:31.468000,1.10054,1.1005,3500000,1690000
2021-07-14 14:33:31.791000,1.10054,1.10052,1870000,2250000
2021-07-14 14:33:31.893000,1.10056,1.10053,5290000,1000000
2021-07-14 14:33:32.016000,1.10055,1.10052,1000000,2250000
2021-07-14 14:33:34.180000,1.10054,1.10052,1870000,1000000
2021-07-14 14:33:34.231000,1.10053,1.1005,1250000,1500000
2021-07-14 14:33:34.534000,1.10055,1.10049,3690000,1690000
2021-07-14 14:33:35.030000,1.10054,1.10051,1120000,3260000
2021-07-14 14:33:35.081000,1.10055,1.10053,1120000,1000000
2021-07-14 14:33:35.183000,1.10058,1.10055,1750000,2620000
2021-07-14 14:33:35.335000,1.10057,1.10054,2810000,1500000
2021-07-14 14:33:38.206000,1.10057,1.10052,2210000,1000000
2021-07-14 14:33:38.714000,1.10056,1.10053,6900000,1000000
2021-07-14 14:33:38.766000,1.10054,1.10051,2060000,1120000
2021-07-14 14:33:38.867000,1.10053,1.10051,1500000,1000000
2021-07-14 14:33:38.969000,1.10054,1.10051,2440000,1500000
2021-07-14 14:33:39.071000,1.10053,1.10051,1000000,1000000
2021-07-14 14:33:39.338000,1.10054,1.10051,2810000,1500000
2021-07-14 14:33:39.741000,1.10053,1.10051,1000000,1000000
2021-07-14 14:33:42.212000,1.10056,1.10051,3070000,1000000
2021-07-14 14:33:42.314000,1.10054,1.10052,1000000,2440000
2021-07-14 14:33:42.415000,1.10055,1.10052,1000000,2440000
2021-07-14 14:33:43.571000,1.10056,1.10053,1200000,1000000
2021-07-14 14:33:43.673000,1.10058,1.10055,2250000,1000000
2021-07-14 14:33:43.824000,1.10057,1.10054,1000000,1500000
2021-07-14 14:33:44.128000,1.10058,1.10055,1870000,1000000
2021-07-14 14:33:44.380000,1.10058,1.10054,2140000,1500000
2021-07-14 14:33:44.633000,1.10058,1.10055,2960000,1000000
2021-07-14 14:33:44.735000,1.10058,1.10054,2890000,1500000
2021-07-14 14:33:45.009000,1.10058,1.10056,2140000,1000000
2021-07-14 14:33:45.264000,1.10058,1.10054,2440000,2620000
2021-07-14 14:33:45.365000,1.10058,1.10056,1000000,1000000
2021-07-14 14:33:45.672000,1.10059,1.10056,4010000,1000000
2021-07-14 14:33:45.773000,1.10059,1.10056,4140000,1000000
2021-07-14 14:33:45.887000,1.10059,1.10056,3260000,1000000
2021-07-14 14:33:46.522000,1.10059,1.10057,1000000,1250000
2021-07-14 14:33:46.624000,1.1006,1.10059,1000000,2250000
2021-07-14 14:33:46.674000,1.10063,1.1006,6860000,1000000
2021-07-14 14:33:47.676000,1.10062,1.10059,1500000,1500000
2021-07-14 14:33:47.727000,1.1006,1.10057,1870000,1120000
2021-07-14 14:33:49.258000,1.1006,1.10057,6760000,1000000
2021-07-14 14:33:49.765000,1.10058,1.10056,1000000,1000000
2021-07-14 14:33:50.028000,1.10056,1.10053,2060000,1870000
2021-07-14 14:33:50.538000,1.10056,1.10053,5200000,1000000
2021-07-14 14:33:50.791000,1.10056,1.10053,6260000,1000000
2021-07-14 14:33:52.950000,1.10056,1.10054,1250000,1000000
2021-07-14 14:33:55.115000,1.10056,1.10053,4820000,1500000
2021-07-14 14:33:55.267000,1.10054,1.10051,1250000,1870000
2021-07-14 14:33:55.368000,1.10054,1.10051,2190000,1500000
2021-07-14 14:33:55.521000,1.10054,1.10052,1250000,1000000
2021-07-14 14:33:55.875000,1.10055,1.10052,2900000,1500000
2021-07-14 14:33:55.977000,1.10056,1.10054,1120000,1000000
2021-07-14 14:33:57.195000,1.10056,1.10053,2060000,1500000
2021-07-14 14:33:58.462000,1.10056,1.10052,4450000,1000000
2021-07-14 14:33:58.513000,1.10055,1.1005,2640000,1000000
2021-07-14 14:33:58.665000,1.10054,1.10052,2940000,1000000
2021-07-14 14:33:58.918000,1.10056,1.10051,4140000,1000000
2021-07-14 14:33:59.399000,1.10055,1.10052,1690000,1000000
2021-07-14 14:34:03.187000,1.10055,1.10052,3250000,1000000
2021-07-14 14:34:03.238000,1.10054,1.1005,7070000,1870000
2021-07-14 14:34:03.606000,1.10054,1.10051,2440000,1120000
2021-07-14 14:34:04.283000,1.10055,1.10052,1870000,1310000
2021-07-14 14:34:04.985000,1.10054,1.10051,6320000,1000000
2021-07-14 14:34:05.288000,1.10054,1.1005,5640000,2060000
2021-07-14 14:34:06.206000,1.10054,1.1005,2810000,3190000
2021-07-14 14:34:09.662000,1.10048,1.10046,1000000,12260000
2021-07-14 14:34:09.763000,1.10049,1.10044,1000000,3370000
2021-07-14 14:34:09.865000,1.10048,1.10046,2560000,1000000
2021-07-14 14:34:09.966000,1.10049,1.10045,1870000,1000000
2021-07-14 14:34:10.447000,1.10047,1.10044,1000000,2060000
2021-07-14 14:34:10.548000,1.10046,1.10043,1000000,3560000
2021-07-14 14:34:10.902000,1.10046,1.10041,1000000,2320000
2021-07-14 14:34:12.997000,1.10042,1.1004,1000000,1000000
2021-07-14 14:34:13.048000,1.10042,1.10039,1000000,2060000
2021-07-14 14:34:13.150000,1.10041,1.10038,1000000,5140000
2021-07-14 14:34:13.675000,1.10041,1.10038,1000000,1870000
2021-07-14 14:34:13.777000,1.10039,1.10037,1000000,2620000
2021-07-14 14:34:13.878000,1.1004,1.10037,1000000,2810000
2021-07-14 14:34:13.980000,1.10039,1.10037,1000000,1870000
2021-07-14 14:34:14.653000,1.10039,1.10036,2890000,1000000
2021-07-14 14:34:14.755000,1.10037,1.10035,1000000,1000000
2021-07-14 14:34:16.761000,1.10037,1.10034,1500000,1870000
2021-07-14 14:34:17.811000,1.10037,1.10035,1000000,1000000
2021-07-14 14:34:20.131000,1.10035,1.10032,1000000,5190000
2021-07-14 14:34:20.233000,1.10035,1.10032,1000000,3190000
2021-07-14 14:34:20.384000,1.10035,1.10033,1000000,1250000
2021-07-14 14:34:21.276000,1.10037,1.10035,1000000,1250000
2021-07-14 14:34:21.817000,1.10038,1.10035,2620000,1250000
2021-07-14 14:34:23.441000,1.10037,1.10034,1000000,1690000
2021-07-14 14:34:23.796000,1.10034,1.10031,1870000,3450000
2021-07-14 14:34:23.897000,1.10033,1.1003,2060000,1500000
2021-07-14 14:34:25.430000,1.10034,1.10032,2060000,2070000
2021-07-14 14:34:25.481000,1.10038,1.10035,3190000,1500000
2021-07-14 14:34:32.899000,1.10035,1.10032,1000000,7020000
2021-07-14 14:34:33.001000,1.10036,1.10034,1000000,1000000
2021-07-14 14:34:33.097000,1.10038,1.10035,1310000,1000000
2021-07-14 14:34:33.218000,1.10039,1.10036,4870000,1000000
2021-07-14 14:34:33.420000,1.1004,1.10036,1100000,1000000
2021-07-14 14:34:33.471000,1.10041,1.10039,1000000,1500000
2021-07-14 14:34:33.572000,1.10042,1.10039,1000000,3070000
2021-07-14 14:34:34.098000,1.10042,1.10038,1000000,1500000
2021-07-14 14:34:34.149000,1.1004,1.10037,1690000,2620000
2021-07-14 14:34:34.251000,1.10039,1.10036,2060000,1200000
2021-07-14 14:34:34.403000,1.10038,1.10035,1690000,1000000
2021-07-14 14:34:36.807000,1.10037,1.10034,1690000,1500000
2021-07-14 14:34:40.198000,1.10036,1.10034,1250000,1000000
2021-07-14 14:34:43.129000,1.10038,1.10035,4690000,1000000
2021-07-14 14:34:43.231000,1.10039,1.10036,1100000,3000000
2021-07-14 14:34:43.333000,1.1004,1.10037,1000000,4120000
2021-07-14 14:34:45.821000,1.10041,1.10039,1250000,1000000
2021-07-14 14:34:50.291000,1.10041,1.10038,1690000,1000000
2021-07-14 14:34:53.032000,1.1004,1.10037,1690000,2250000
2021-07-14 14:34:57.913000,1.10042,1.10039,1750000,1500000
2021-07-14 14:34:58.014000,1.10043,1.10041,1350000,1000000
2021-07-14 14:35:00.229000,1.10041,1.10039,1250000,1120000
2021-07-14 14:35:00.331000,1.10041,1.10038,2440000,1500000
2021-07-14 14:35:02.287000,1.10043,1.10039,5440000,2250000
2021-07-14 14:35:02.338000,1.10043,1.10041,4090000,1000000
2021-07-14 14:35:04.666000,1.10044,1.10042,3690000,1000000
2021-07-14 14:35:04.767000,1.10044,1.10042,2060000,1000000
2021-07-14 14:35:06.890000,1.10044,1.10043,1250000,1000000
2021-07-14 14:35:12.990000,1.10045,1.10043,3190000,1000000
2021-07-14 14:35:13.592000,1.10047,1.10045,1000000,1500000
2021-07-14 14:35:13.643000,1.10048,1.10046,1100000,1500000
2021-07-14 14:35:13.795000,1.10049,1.10047,1250000,1000000
2021-07-14 14:35:13.896000,1.10049,1.10046,1310000,1500000
2021-07-14 14:35:14.250000,1.10049,1.10047,1690000,1000000
2021-07-14 14:35:15.099000,1.10048,1.10047,1250000,1000000
2021-07-14 14:35:15.905000,1.10048,1.10046,1250000,1000000
2021-07-14 14:35:16.006000,1.10048,1.10047,1310000,1000000
2021-07-14 14:35:19.630000,1.10049,1.10047,1100000,1000000
2021-07-14 14:35:21.699000,1.1005,1.10047,3820000,1000000
2021-07-14 14:35:22.461000,1.1005,1.10048,2320000,1000000
2021-07-14 14:35:22.613000,1.10053,1.10048,1350000,2440000
2021-07-14 14:35:22.714000,1.10054,1.10052,2250000,1250000
2021-07-14 14:35:22.816000,1.10056,1.10053,2400000,1500000
2021-07-14 14:35:22.917000,1.10057,1.10055,1120000,1000000
2021-07-14 14:35:23.324000,1.10059,1.10056,3950000,1500000
2021-07-14 14:35:23.425000,1.1006,1.10056,3650000,1690000
2021-07-14 14:35:23.729000,1.10057,1.10054,2320000,1000000
2021-07-14 14:35:24.625000,1.10057,1.10056,1120000,1000000
2021-07-14 14:35:24.728000,1.10058,1.10056,1500000,1500000
2021-07-14 14:35:24.830000,1.10061,1.10058,2000000,1000000
2021-07-14 14:35:24.931000,1.10061,1.10058,1120000,1690000
2021-07-14 14:35:25.186000,1.10062,1.1006,1570000,1000000
2021-07-14 14:35:25.289000,1.10063,1.10061,1500000,1000000
2021-07-14 14:35:25.472000,1.10064,1.10061,1570000,1000000
2021-07-14 14:35:25.643000,1.10064,1.10061,2450000,1000000
2021-07-14 14:35:26.507000,1.10064,1.10062,1700000,1000000
2021-07-14 14:35:28.270000,1.10064,1.10062,1120000,1000000
2021-07-14 14:35:29.129000,1.10067,1.10065,1100000,1500000
2021-07-14 14:35:29.231000,1.10068,1.10066,1220000,1500000
2021-07-14 14:35:29.334000,1.10068,1.10067,1000000,1000000
2021-07-14 14:35:29.435000,1.10068,1.10066,1000000,1500000
2021-07-14 14:35:29.848000,1.10068,1.10067,1120000,1000000
2021-07-14 14:35:29.950000,1.1007,1.10067,3950000,1500000
2021-07-14 14:35:30.152000,1.1007,1.10067,5020000,1500000
2021-07-14 14:35:30.911000,1.10071,1.10066,4800000,1500000
2021-07-14 14:35:30.961000,1.10068,1.10065,1120000,1500000
2021-07-14 14:35:33.478000,1.10067,1.10065,1870000,1000000
2021-07-14 14:35:33.681000,1.10068,1.10065,1870000,1000000
2021-07-14 14:35:34.167000,1.10066,1.10063,3370000,1000000
2021-07-14 14:35:34.268000,1.10065,1.10063,1500000,1000000
2021-07-14 14:35:34.525000,1.10065,1.1006,2370000,1500000
2021-07-14 14:35:34.678000,1.10063,1.10061,2000000,1000000
2021-07-14 14:35:35.149000,1.10063,1.10061,1870000,1000000
2021-07-14 14:35:36.700000,1.10063,1.1006,5710000,1000000
2021-07-14 14:35:36.818000,1.10062,1.1006,1000000,1000000
2021-07-14 14:35:37.225000,1.1006,1.10056,2370000,3190000
2021-07-14 14:35:37.326000,1.1006,1.10056,10510000,1870000
2021-07-14 14:35:37.427000,1.10059,1.10056,1120000,1000000
2021-07-14 14:35:38.135000,1.10059,1.10056,1500000,1500000
2021-07-14 14:35:38.587000,1.1006,1.10056,1500000,1000000
2021-07-14 14:35:38.794000,1.10059,1.10057,1000000,1000000
2021-07-14 14:35:39.154000,1.1006,1.10058,2000000,1000000
2021-07-14 14:35:39.256000,1.10062,1.10057,1870000,1500000
2021-07-14 14:35:40.069000,1.10061,1.10057,6850000,1000000
2021-07-14 14:35:40.170000,1.1006,1.10057,3570000,1000000
2021-07-14 14:35:40.510000,1.10058,1.10056,1120000,1000000
2021-07-14 14:35:40.611000,1.10058,1.10055,1870000,1000000
2021-07-14 14:35:41.141000,1.10058,1.10055,2450000,1000000
2021-07-14 14:35:42.618000,1.10057,1.10054,1000000,1500000
2021-07-14 14:35:42.921000,1.10056,1.10054,1500000,1000000
2021-07-14 14:35:43.022000,1.10056,1.10053,1500000,1000000
2021-07-14 14:35:43.872000,1.10059,1.10055,2640000,1000000
2021-07-14 14:35:43.923000,1.1006,1.10055,1000000,2440000
2021-07-14 14:35:43.974000,1.1006,1.10058,2440000,1000000
2021-07-14 14:35:44.076000,1.10061,1.10057,5440000,2250000
2021-07-14 14:35:44.179000,1.10062,1.10056,4320000,2250000
2021-07-14 14:35:44.585000,1.10063,1.10058,5010000,1000000
2021-07-14 14:35:45.890000,1.10061,1.10056,2070000,1000000
2021-07-14 14:35:46.093000,1.10059,1.10056,1120000,2250000
2021-07-14 14:35:46.195000,1.1006,1.10055,2000000,1000000
2021-07-14 14:35:46.298000,1.10058,1.10055,1120000,1000000
2021-07-14 14:35:47.191000,1.10058,1.10055,1620000,1000000
2021-07-14 14:35:50.089000,1.10058,1.10054,1500000,4450000
2021-07-14 14:35:50.291000,1.10058,1.10055,1120000,1370000
2021-07-14 14:35:50.494000,1.10058,1.10057,1000000,1000000
2021-07-14 14:35:50.545000,1.10061,1.10059,2070000,1000000
2021-07-14 14:35:50.646000,1.10063,1.10061,1950000,1000000
2021-07-14 14:35:53.045000,1.10062,1.1006,1000000,1000000
2021-07-14 14:35:53.399000,1.10064,1.10059,2620000,1000000
2021-07-14 14:35:56.095000,1.10064,1.10061,3000000,1000000
2021-07-14 14:35:56.318000,1.10063,1.10061,1000000,1000000
2021-07-14 14:35:56.679000,1.10063,1.1006,2250000,1000000
2021-07-14 14:35:56.781000,1.10063,1.10061,2250000,1000000
2021-07-14 14:35:57.255000,1.10063,1.1006,3370000,1000000
2021-07-14 14:35:59.302000,1.10063,1.10061,1870000,1000000
2021-07-14 14:35:59.403000,1.10065,1.10062,2320000,1000000
2021-07-14 14:35:59.853000,1.10065,1.10063,1120000,1000000
2021-07-14 14:36:00.592000,1.10066,1.10064,2250000,2250000
2021-07-14 14:36:00.643000,1.10068,1.10065,1100000,2120000
2021-07-14 14:36:00.795000,1.10068,1.10067,1000000,1000000
2021-07-14 14:36:00.845000,1.10068,1.10065,1000000,2810000
2021-07-14 14:36:01.098000,1.10068,1.10066,1000000,1000000
2021-07-14 14:36:01.659000,1.1007,1.10067,1120000,1000000
2021-07-14 14:36:04.947000,1.1007,1.10067,4810000,1000000
2021-07-14 14:36:06.148000,1.1007,1.10065,2060000,1000000
2021-07-14 14:36:07.322000,1.10069,1.10065,1690000,1000000
2021-07-14 14:36:07.373000,1.10067,1.10064,1500000,2250000
2021-07-14 14:36:08.556000,1.10068,1.10066,1120000,1000000
2021-07-14 14:36:08.658000,1.10069,1.10066,2890000,1000000
2021-07-14 14:36:10.725000,1.10068,1.10066,1000000,1000000
2021-07-14 14:36:11.374000,1.10066,1.10064,1000000,1500000
2021-07-14 14:36:13.582000,1.10067,1.10065,1000000,1500000
2021-07-14 14:36:13.683000,1.10068,1.10065,1000000,3690000
2021-07-14 14:36:13.937000,1.10069,1.10067,1000000,1000000
2021-07-14 14:36:16.568000,1.10071,1.10066,1870000,1690000
2021-07-14 14:36:16.840000,1.10069,1.10067,1000000,1000000
2021-07-14 14:36:16.941000,1.10069,1.10066,1870000,1000000
2021-07-14 14:36:17.043000,1.10068,1.10066,1000000,1000000
2021-07-14 14:36:17.648000,1.10065,1.10062,1500000,2320000
2021-07-14 14:36:18.204000,1.10065,1.10063,1500000,1000000
2021-07-14 14:36:20.187000,1.10065,1.10062,1870000,1000000
2021-07-14 14:36:21.186000,1.10066,1.10063,1000000,1870000
2021-07-14 14:36:21.287000,1.10067,1.10065,1310000,1000000
2021-07-14 14:36:22.104000,1.10066,1.10063,1000000,1870000
2021-07-14 14:36:23.196000,1.10066,1.10061,2440000,1120000
2021-07-14 14:36:26.744000,1.10066,1.10063,1250000,2620000
2021-07-14 14:36:26.795000,1.10066,1.10064,1000000,3870000
2021-07-14 14:36:26.896000,1.10068,1.10065,1100000,1250000
2021-07-14 14:36:26.947000,1.10068,1.10067,1000000,1000000
2021-07-14 14:36:27.048000,1.10069,1.10067,1000000,1000000
2021-07-14 14:36:29.832000,1.10069,1.10064,1000000,1500000
2021-07-14 14:36:30.135000,1.10068,1.10066,1000000,1000000
2021-07-14 14:36:31.225000,1.10068,1.10067,1000000,1000000
2021-07-14 14:36:31.327000,1.10068,1.10066,1000000,1000000
2021-07-14 14:36:34.525000,1.10068,1.10065,2810000,1000000
2021-07-14 14:36:34.576000,1.10065,1.10064,1000000,1000000
2021-07-14 14:36:38.711000,1.10065,1.10062,1250000,1500000
2021-07-14 14:36:38.812000,1.10066,1.10064,3870000,1000000
2021-07-14 14:36:38.913000,1.10066,1.10063,1500000,1500000
2021-07-14 14:36:39.014000,1.10066,1.10063,1750000,1500000
2021-07-14 14:36:39.217000,1.10065,1.10062,1120000,2250000
2021-07-14 14:36:39.368000,1.10064,1.10062,1250000,1000000
2021-07-14 14:36:39.790000,1.10063,1.10061,1120000,1000000
2021-07-14 14:36:39.892000,1.10062,1.10059,1870000,1000000
2021-07-14 14:36:42.060000,1.10062,1.1006,1000000,1000000
2021-07-14 14:36:43.255000,1.10062,1.10059,1000000,1120000
2021-07-14 14:36:43.582000,1.10061,1.10058,1500000,2060000
2021-07-14 14:36:44.217000,1.10059,1.10057,1000000,1120000
2021-07-14 14:36:44.319000,1.10059,1.10056,1500000,1250000
2021-07-14 14:36:49.414000,1.10057,1.10054,1000000,3560000
2021-07-14 14:36:58.880000,1.10059,1.10057,1500000,1000000
2021-07-14 14:36:58.982000,1.10063,1.10061,1620000,1000000
2021-07-14 14:36:59.083000,1.10064,1.10061,4870000,1500000
2021-07-14 14:36:59.285000,1.10066,1.10063,1000000,1500000
2021-07-14 14:36:59.336000,1.10068,1.10065,2440000,1000000
2021-07-14 14:37:00.384000,1.10067,1.10065,1000000,1000000
2021-07-14 14:37:03.903000,1.10065,1.10062,1500000,4220000
2021-07-14 14:37:04.004000,1.10064,1.10061,1000000,1690000
2021-07-14 14:37:04.105000,1.10065,1.10063,1000000,1000000
2021-07-14 14:37:04.666000,1.10066,1.10064,1000000,1100000
2021-07-14 14:37:04.717000,1.10068,1.10065,1500000,1690000
2021-07-14 14:37:05.037000,1.10068,1.10066,1000000,2570000
2021-07-14 14:37:05.140000,1.10069,1.10067,1000000,1120000
2021-07-14 14:37:05.242000,1.10068,1.10067,1000000,1120000
2021-07-14 14:37:06.158000,1.10072,1.1007,1120000,1250000
2021-07-14 14:37:06.260000,1.10074,1.10072,1000000,1500000
2021-07-14 14:37:06.614000,1.10074,1.10071,1500000,1950000
2021-07-14 14:37:08.350000,1.10074,1.10073,1000000,1000000
2021-07-14 14:37:14.468000,1.10074,1.10072,1000000,1000000
2021-07-14 14:37:23.513000,1.10073,1.10072,1000000,1000000
2021-07-14 14:37:25.826000,1.10072,1.10069,1120000,1950000
2021-07-14 14:37:25.928000,1.10071,1.10068,1500000,1970000
2021-07-14 14:37:26.029000,1.10071,1.10068,1500000,1000000
2021-07-14 14:37:28.924000,1.10071,1.10069,1500000,1000000
2021-07-14 14:37:29.127000,1.10071,1.10068,1500000,1000000
2021-07-14 14:37:29.628000,1.10069,1.10067,1000000,1000000
2021-07-14 14:37:32.523000,1.1007,1.10068,1000000,2270000
2021-07-14 14:37:32.625000,1.10071,1.10069,1000000,1690000
2021-07-14 14:37:32.929000,1.10074,1.10071,3560000,1970000
2021-07-14 14:37:32.980000,1.10077,1.10076,3190000,1870000
2021-07-14 14:37:33.713000,1.10078,1.10077,1000000,1000000
2021-07-14 14:37:39.537000,1.1008,1.10076,1000000,1500000
2021-07-14 14:37:44.588000,1.10077,1.10075,1500000,1250000
2021-07-14 14:37:44.689000,1.10076,1.10073,1500000,2740000
2021-07-14 14:37:46.312000,1.10076,1.10073,1500000,3700000
2021-07-14 14:37:46.414000,1.10079,1.10076,2250000,2440000
2021-07-14 14:37:46.515000,1.1008,1.10078,1000000,1000000
2021-07-14 14:37:47.553000,1.10082,1.10079,1000000,1000000
2021-07-14 14:37:47.655000,1.10081,1.10079,1000000,1500000
2021-07-14 14:37:47.917000,1.10082,1.1008,1000000,1000000
2021-07-14 14:37:47.968000,1.10084,1.10081,3940000,1570000
2021-07-14 14:37:48.831000,1.10081,1.10079,1500000,5450000
2021-07-14 14:37:48.933000,1.10081,1.10079,1500000,2320000
2021-07-14 14:37:49.086000,1.10081,1.10078,1690000,1570000
2021-07-14 14:37:50.867000,1.10082,1.1008,1000000,1000000
2021-07-14 14:37:50.968000,1.10083,1.10079,1000000,1000000
2021-07-14 14:37:51.272000,1.10081,1.10078,1690000,1700000
2021-07-14 14:37:51.373000,1.10081,1.10078,1500000,1200000
2021-07-14 14:37:51.525000,1.10081,1.10079,1000000,1950000
2021-07-14 14:37:52.712000,1.10081,1.10079,1000000,1000000
2021-07-14 14:37:54.343000,1.10081,1.10079,1000000,1000000
2021-07-14 14:37:54.770000,1.10081,1.10078,2060000,1950000
2021-07-14 14:37:54.872000,1.1008,1.10078,1250000,1000000
2021-07-14 14:37:55.449000,1.1008,1.10078,1750000,1000000
2021-07-14 14:37:56.372000,1.1008,1.10077,2500000,1000000
2021-07-14 14:37:58.254000,1.1008,1.10077,1690000,1000000
2021-07-14 14:37:59.603000,1.1008,1.10078,1000000,1000000
2021-07-14 14:38:00.219000,1.10079,1.10078,1000000,1000000
2021-07-14 14:38:00.321000,1.10077,1.10076,1000000,1000000
2021-07-14 14:38:00.422000,1.10076,1.10074,1000000,2720000
2021-07-14 14:38:00.524000,1.10076,1.10074,1000000,1500000
2021-07-14 14:38:00.739000,1.10078,1.10076,1000000,1000000
2021-07-14 14:38:00.941000,1.10077,1.10075,1000000,1500000
2021-07-14 14:38:03.918000,1.10076,1.10074,1000000,1000000
2021-07-14 14:38:04.020000,1.10076,1.10073,1000000,1950000
2021-07-14 14:38:04.172000,1.10078,1.10076,1120000,1000000
2021-07-14 14:38:04.871000,1.1008,1.10075,1870000,1120000
2021-07-14 14:38:05.124000,1.10078,1.10076,1690000,1000000
2021-07-14 14:38:05.175000,1.10077,1.10074,1250000,5620000
2021-07-14 14:38:05.579000,1.1008,1.10079,4690000,1000000
2021-07-14 14:38:05.630000,1.10083,1.10081,1500000,1000000
2021-07-14 14:38:05.731000,1.10085,1.10082,1870000,1950000
2021-07-14 14:38:05.782000,1.10087,1.10084,6250000,1000000
2021-07-14 14:38:06.388000,1.10086,1.10083,1250000,1120000
2021-07-14 14:38:06.958000,1.10087,1.10084,2440000,1000000
2021-07-14 14:38:09.199000,1.10084,1.10083,1000000,1000000
2021-07-14 14:38:09.300000,1.10085,1.10082,1250000,2700000
2021-07-14 14:38:10.955000,1.10084,1.10081,2870000,1000000
2021-07-14 14:38:11.057000,1.10082,1.1008,1250000,1000000
2021-07-14 14:38:11.159000,1.10083,1.10081,1000000,1000000
2021-07-14 14:38:12.101000,1.10082,1.10079,1690000,2250000
2021-07-14 14:38:13.136000,1.10083,1.10081,1000000,1200000
2021-07-14 14:38:13.237000,1.10085,1.10083,1000000,1000000
2021-07-14 14:38:13.439000,1.10085,1.10082,2440000,1870000
2021-07-14 14:38:13.957000,1.10084,1.10081,2440000,1500000
2021-07-14 14:38:15.293000,1.1008,1.10078,1000000,5890000
2021-07-14 14:38:15.344000,1.10076,1.10072,1000000,1760000
2021-07-14 14:38:15.496000,1.10074,1.10071,1000000,2700000
2021-07-14 14:38:15.598000,1.10074,1.10071,1750000,2250000
2021-07-14 14:38:15.700000,1.10074,1.10071,1000000,2850000
2021-07-14 14:38:15.852000,1.10074,1.10071,1000000,2250000
2021-07-14 14:38:16.568000,1.10075,1.10072,1000000,1950000
2021-07-14 14:38:21.502000,1.10075,1.10071,1250000,1000000
2021-07-14 14:38:21.553000,1.10072,1.1007,1250000,1100000
2021-07-14 14:38:21.655000,1.10071,1.10068,1000000,2620000
2021-07-14 14:38:22.119000,1.10072,1.10069,1500000,1000000
2021-07-14 14:38:26.548000,1.10071,1.10068,1500000,1500000
2021-07-14 14:38:26.649000,1.1007,1.10068,1000000,1000000
2021-07-14 14:38:27.279000,1.10071,1.1007,1000000,1100000
2021-07-14 14:38:27.330000,1.10073,1.10071,1000000,1500000
2021-07-14 14:38:27.432000,1.10074,1.10071,1000000,3070000
2021-07-14 14:38:27.588000,1.10076,1.10071,1500000,1200000
2021-07-14 14:38:28.581000,1.10076,1.10073,2250000,1120000
2021-07-14 14:38:29.288000,1.10076,1.10073,3060000,1000000
2021-07-14 14:38:29.390000,1.10075,1.10072,1250000,1870000
2021-07-14 14:38:30.282000,1.10075,1.10072,1750000,1000000
2021-07-14 14:38:30.585000,1.10075,1.10072,2060000,1000000
2021-07-14 14:38:33.257000,1.10076,1.10073,1500000,1120000
2021-07-14 14:38:33.308000,1.10077,1.10075,1000000,1000000
2021-07-14 14:38:33.410000,1.10078,1.10075,1690000,1000000
2021-07-14 14:38:44.149000,1.10078,1.10076,1000000,1200000
2021-07-14 14:38:44.252000,1.10081,1.10078,2060000,2250000
2021-07-14 14:38:44.302000,1.10083,1.1008,2620000,2250000
2021-07-14 14:38:44.404000,1.10083,1.1008,1000000,2620000
2021-07-14 14:38:44.505000,1.10083,1.1008,1000000,3500000
2021-07-14 14:38:44.708000,1.10083,1.1008,1690000,1000000
2021-07-14 14:38:45.365000,1.10082,1.10078,1000000,1870000
2021-07-14 14:38:45.466000,1.10081,1.10078,1250000,1870000
2021-07-14 14:38:46.310000,1.10082,1.1008,1310000,1000000
2021-07-14 14:38:46.564000,1.10083,1.1008,2440000,1000000
2021-07-14 14:38:49.050000,1.10084,1.10082,1000000,1000000
2021-07-14 14:38:49.151000,1.10085,1.10083,1250000,1000000
2021-07-14 14:38:51.258000,1.10085,1.10082,2440000,1000000
2021-07-14 14:38:51.359000,1.10085,1.1008,1000000,1870000
2021-07-14 14:38:52.834000,1.10082,1.1008,1000000,1120000
2021-07-14 14:38:52.936000,1.10081,1.10079,1000000,1100000
2021-07-14 14:38:53.594000,1.1008,1.10077,1500000,1870000
2021-07-14 14:38:56.666000,1.1008,1.10077,1000000,6010000
2021-07-14 14:38:58.625000,1.10083,1.10082,2250000,1000000
2021-07-14 14:38:58.676000,1.10085,1.10082,3560000,1000000
2021-07-14 14:38:59.691000,1.10083,1.1008,1310000,2370000
2021-07-14 14:38:59.792000,1.10081,1.10078,1000000,4800000
2021-07-14 14:39:00.151000,1.10086,1.10081,3500000,1000000
2021-07-14 14:39:00.253000,1.10085,1.10082,3000000,1000000
2021-07-14 14:39:02.882000,1.10085,1.10083,1870000,1000000
2021-07-14 14:39:03.645000,1.10086,1.10083,1500000,1000000
2021-07-14 14:39:04.577000,1.10084,1.10082,1000000,1000000
2021-07-14 14:39:04.628000,1.10085,1.1008,1000000,1870000
2021-07-14 14:39:04.679000,1.10082,1.1008,1000000,4840000
2021-07-14 14:39:04.831000,1.10084,1.10079,1500000,1120000
2021-07-14 14:39:05.415000,1.10081,1.10079,1000000,4010000
2021-07-14 14:39:05.517000,1.1008,1.10078,1000000,2510000
2021-07-14 14:39:06.531000,1.1008,1.10077,1000000,3640000
2021-07-14 14:39:07.543000,1.1008,1.10077,1000000,3390000
2021-07-14 14:39:07.849000,1.10078,1.10076,1000000,4140000
2021-07-14 14:39:07.950000,1.10078,1.10075,1500000,2440000
2021-07-14 14:39:08.052000,1.10078,1.10076,1500000,1000000
2021-07-14 14:39:10.343000,1.10078,1.10075,1500000,3260000
2021-07-14 14:39:10.605000,1.10078,1.10076,1000000,1000000
2021-07-14 14:39:15.721000,1.10077,1.10075,1000000,3560000
2021-07-14 14:39:17.257000,1.10082,1.10077,1620000,1200000
2021-07-14 14:39:17.358000,1.10081,1.10078,1000000,2320000
2021-07-14 14:39:18.092000,1.10083,1.10081,1870000,3260000
2021-07-14 14:39:18.143000,1.10086,1.10084,1870000,2250000
2021-07-14 14:39:18.245000,1.10088,1.10083,1000000,4440000
2021-07-14 14:39:18.911000,1.10087,1.10084,1000000,2250000
2021-07-14 14:39:20.857000,1.10088,1.10085,1870000,1700000
2021-07-14 14:39:20.959000,1.1009,1.10086,1000000,1870000
2021-07-14 14:39:21.010000,1.10092,1.10087,1690000,1000000
2021-07-14 14:39:21.113000,1.10089,1.10086,1500000,1950000
2021-07-14 14:39:21.417000,1.10087,1.10084,1000000,1870000
2021-07-14 14:39:23.976000,1.10088,1.10085,2620000,1000000
2021-07-14 14:39:25.679000,1.10089,1.10086,1500000,2560000
2021-07-14 14:39:25.730000,1.10091,1.1009,1000000,1000000
2021-07-14 14:39:25.781000,1.10093,1.10091,1000000,1000000
2021-07-14 14:39:25.883000,1.10094,1.10091,1120000,1870000
2021-07-14 14:39:27.732000,1.10097,1.10094,1870000,1000000
2021-07-14 14:39:27.834000,1.10096,1.10093,1250000,2250000
2021-07-14 14:39:27.935000,1.10095,1.10092,1000000,3570000
2021-07-14 14:39:28.896000,1.10097,1.10095,1000000,1000000
2021-07-14 14:39:28.997000,1.10099,1.10094,1000000,1570000
2021-07-14 14:39:29.901000,1.10098,1.10095,1750000,1500000
2021-07-14 14:39:30.388000,1.10099,1.10094,1690000,1500000
2021-07-14 14:39:31.044000,1.10099,1.10096,1690000,1500000
2021-07-14 14:39:31.607000,1.10098,1.10095,1000000,1690000
2021-07-14 14:39:31.859000,1.10097,1.10092,1000000,1390000
2021-07-14 14:39:34.476000,1.10098,1.10095,3190000,1000000
2021-07-14 14:39:34.631000,1.10097,1.10094,1000000,1870000
2021-07-14 14:39:39.561000,1.10093,1.10091,2810000,1500000
2021-07-14 14:39:39.664000,1.10093,1.1009,1870000,1500000
2021-07-14 14:39:39.766000,1.10092,1.10089,1000000,1690000
2021-07-14 14:39:45.179000,1.10092,1.1009,1500000,1000000
2021-07-14 14:39:45.280000,1.10092,1.10089,1500000,1500000
2021-07-14 14:39:49.212000,1.1009,1.10087,1000000,4620000
2021-07-14 14:39:49.313000,1.10091,1.10086,1000000,2620000
2021-07-14 14:39:49.415000,1.10089,1.10087,1000000,1500000
2021-07-14 14:39:49.516000,1.1009,1.10087,1000000,2250000
2021-07-14 14:39:51.006000,1.10091,1.10088,1500000,1500000
2021-07-14 14:39:59.600000,1.1009,1.10087,1120000,2620000
2021-07-14 14:39:59.702000,1.10089,1.10086,1500000,1310000
2021-07-14 14:40:00.772000,1.10087,1.10085,1000000,1000000
2021-07-14 14:40:00.874000,1.10086,1.10083,4760000,1700000
2021-07-14 14:40:00.924000,1.10083,1.1008,1000000,3370000
2021-07-14 14:40:01.026000,1.10081,1.10079,1000000,2510000
2021-07-14 14:40:01.228000,1.10079,1.10078,1000000,1000000
2021-07-14 14:40:01.330000,1.10078,1.10076,1000000,1500000
2021-07-14 14:40:01.431000,1.10078,1.10075,1120000,2440000
2021-07-14 14:40:01.887000,1.10076,1.10074,1000000,1750000
2021-07-14 14:40:01.938000,1.10076,1.10073,1000000,2250000
2021-07-14 14:40:02.090000,1.10075,1.10073,1000000,1000000
2021-07-14 14:40:02.192000,1.10075,1.10072,1000000,1500000
2021-07-14 14:40:02.294000,1.10074,1.10072,1000000,1000000
2021-07-14 14:40:02.904000,1.10072,1.1007,1500000,1870000
2021-07-14 14:40:03.006000,1.10071,1.10069,1000000,1010000
2021-07-14 14:40:03.343000,1.10074,1.10071,1000000,1690000
2021-07-14 14:40:03.444000,1.10075,1.10072,1000000,2440000
2021-07-14 14:40:06.489000,1.10075,1.10071,1000000,1310000
2021-07-14 14:40:07.125000,1.10076,1.10075,2250000,1250000
2021-07-14 14:40:07.226000,1.10078,1.10076,1120000,1000000
2021-07-14 14:40:07.842000,1.10076,1.10074,1000000,2250000
2021-07-14 14:40:07.944000,1.10075,1.10072,1000000,7040000
2021-07-14 14:40:08.046000,1.10075,1.10072,1000000,2440000
2021-07-14 14:40:09.041000,1.10073,1.10072,1500000,1000000
2021-07-14 14:40:09.142000,1.10072,1.10069,1500000,1410000
2021-07-14 14:40:09.193000,1.10071,1.10068,1000000,3190000
2021-07-14 14:40:09.244000,1.10069,1.10067,1000000,2890000
2021-07-14 14:40:09.345000,1.10069,1.10065,1500000,1220000
2021-07-14 14:40:09.396000,1.10068,1.10065,1500000,1690000
2021-07-14 14:40:09.497000,1.10068,1.10066,1000000,1000000
2021-07-14 14:40:09.700000,1.10069,1.10067,1000000,1250000
2021-07-14 14:40:09.852000,1.1007,1.10067,1000000,1690000
2021-07-14 14:40:09.970000,1.1007,1.10067,1000000,3620000
2021-07-14 14:40:10.476000,1.1007,1.10067,1000000,2060000
2021-07-14 14:40:10.781000,1.10072,1.10069,2620000,1000000
2021-07-14 14:40:10.882000,1.10073,1.10071,1000000,1000000
2021-07-14 14:40:10.984000,1.10075,1.1007,1500000,1000000
2021-07-14 14:40:11.389000,1.10073,1.1007,1950000,1000000
2021-07-14 14:40:11.490000,1.10072,1.10069,1570000,1000000
2021-07-14 14:40:11.592000,1.10071,1.10068,1000000,1500000
2021-07-14 14:40:12.834000,1.10073,1.1007,1870000,1000000
2021-07-14 14:40:13.137000,1.10074,1.10071,1000000,1000000
2021-07-14 14:40:13.542000,1.10074,1.10072,1000000,1100000
2021-07-14 14:40:14.936000,1.10076,1.10071,1000000,1570000
2021-07-14 14:40:16.403000,1.10074,1.10072,1000000,1000000
2021-07-14 14:40:16.504000,1.10074,1.10071,2060000,1000000
2021-07-14 14:40:18.050000,1.10073,1.1007,1510000,1000000
2021-07-14 14:40:18.151000,1.1007,1.10067,1000000,3710000
2021-07-14 14:40:18.599000,1.10071,1.10068,1500000,1000000
2021-07-14 14:40:18.968000,1.10071,1.10067,1000000,1000000
2021-07-14 14:40:19.635000,1.10069,1.10067,1000000,1250000
2021-07-14 14:40:21.594000,1.10069,1.10066,1500000,2440000
2021-07-14 14:40:22.111000,1.10069,1.10067,1500000,2140000
2021-07-14 14:40:22.213000,1.10072,1.1007,1000000,1000000
2021-07-14 14:40:22.775000,1.10072,1.10069,1500000,1120000
2021-07-14 14:40:23.932000,1.10071,1.10069,1000000,1000000
2021-07-14 14:40:29.244000,1.1007,1.10067,1000000,3690000
2021-07-14 14:40:29.345000,1.1007,1.10067,1500000,3190000
2021-07-14 14:40:30.308000,1.1007,1.10067,1500000,3690000
2021-07-14 14:40:31.231000,1.1007,1.10067,1500000,2060000
2021-07-14 14:40:31.714000,1.10069,1.10067,1000000,1120000
2021-07-14 14:40:31.935000,1.1007,1.10067,1500000,2440000
2021-07-14 14:40:34.913000,1.10069,1.10067,1000000,2060000
2021-07-14 14:40:48.280000,1.10071,1.10068,2620000,1310000
2021-07-14 14:40:48.381000,1.10072,1.10069,1870000,1000000
2021-07-14 14:40:48.710000,1.1007,1.10068,1000000,1120000
2021-07-14 14:40:48.988000,1.10069,1.10067,1000000,1120000
2021-07-14 14:40:49.089000,1.10069,1.10066,1000000,2060000
2021-07-14 14:40:50.241000,1.10069,1.10066,1500000,3250000
2021-07-14 14:40:51.102000,1.10066,1.10065,1250000,1500000
2021-07-14 14:40:51.153000,1.10064,1.10062,1500000,1250000
2021-07-14 14:40:51.204000,1.10064,1.10061,1500000,2440000
2021-07-14 14:40:51.305000,1.10062,1.10059,1500000,4410000
2021-07-14 14:40:51.407000,1.10061,1.10059,1000000,1000000
2021-07-14 14:40:52.368000,1.10061,1.10058,1000000,1690000
2021-07-14 14:40:52.520000,1.10059,1.10057,1500000,1250000
2021-07-14 14:40:52.623000,1.10058,1.10056,1000000,1010000
2021-07-14 14:40:52.724000,1.10057,1.10055,1000000,1690000
2021-07-14 14:40:52.776000,1.10056,1.10053,1500000,1200000
2021-07-14 14:40:54.203000,1.10055,1.10052,1000000,3310000
2021-07-14 14:40:54.304000,1.10051,1.10049,1000000,1570000
2021-07-14 14:40:54.506000,1.10051,1.10048,1500000,1250000
2021-07-14 14:40:54.608000,1.1005,1.10047,1500000,1120000
2021-07-14 14:40:56.005000,1.1005,1.10048,1500000,1560000
2021-07-14 14:40:56.752000,1.10051,1.10048,1500000,2310000
2021-07-14 14:40:57.766000,1.10051,1.10048,1500000,1000000
2021-07-14 14:40:57.867000,1.1005,1.10047,1500000,2060000
2021-07-14 14:40:58.019000,1.10049,1.10046,1500000,1000000
2021-07-14 14:40:58.120000,1.10048,1.10045,1500000,1570000
2021-07-14 14:40:59.786000,1.10046,1.10043,1500000,2370000
2021-07-14 14:40:59.888000,1.10046,1.10043,1950000,1000000
2021-07-14 14:41:02.555000,1.10044,1.10041,1500000,2060000
2021-07-14 14:41:02.657000,1.10045,1.10041,1000000,1000000
2021-07-14 14:41:05.977000,1.10045,1.10042,1500000,1000000
2021-07-14 14:41:10.543000,1.10045,1.10043,1000000,1000000
2021-07-14 14:41:10.899000,1.10047,1.10044,1500000,3060000
2021-07-14 14:41:11,1.10047,1.10044,1870000,1500000
2021-07-14 14:41:12.368000,1.10046,1.10043,1120000,1870000
2021-07-14 14:41:13.236000,1.10045,1.10042,1870000,1500000
2021-07-14 14:41:14.454000,1.10045,1.10042,1500000,1250000
2021-07-14 14:41:14.718000,1.10047,1.10044,1500000,2440000
2021-07-14 14:41:14.820000,1.10047,1.10044,1000000,2940000
2021-07-14 14:41:15.074000,1.10048,1.10045,2250000,1120000
2021-07-14 14:41:15.176000,1.10047,1.10044,1870000,1120000
2021-07-14 14:41:17.299000,1.10047,1.10044,4220000,1000000
2021-07-14 14:41:17.729000,1.10048,1.10043,4570000,1000000
2021-07-14 14:41:18.478000,1.10047,1.10045,1000000,1000000
2021-07-14 14:41:18.580000,1.10047,1.10044,1000000,2620000
2021-07-14 14:41:19.664000,1.10048,1.10045,1120000,1500000
2021-07-14 14:41:21.757000,1.10049,1.10046,1570000,1000000
2021-07-14 14:41:21.959000,1.10047,1.10045,1000000,1120000
2021-07-14 14:41:23.294000,1.10047,1.10044,1000000,3190000
2021-07-14 14:41:23.549000,1.10046,1.10043,1000000,4000000
2021-07-14 14:41:23.650000,1.10046,1.10043,1000000,2810000
2021-07-14 14:41:24.205000,1.10047,1.10044,1950000,1000000
2021-07-14 14:41:29.258000,1.10047,1.10045,1000000,1000000
2021-07-14 14:41:29.309000,1.10049,1.10048,2020000,1000000
2021-07-14 14:41:29.360000,1.1005,1.10048,1500000,1500000
2021-07-14 14:41:29.563000,1.10052,1.10049,1500000,1690000
2021-07-14 14:41:32.341000,1.10053,1.1005,1200000,1000000
2021-07-14 14:41:33.093000,1.10053,1.1005,2540000,1000000
2021-07-14 14:41:33.673000,1.10052,1.10049,1200000,1500000
2021-07-14 14:41:34.781000,1.10053,1.1005,3410000,1000000
2021-07-14 14:41:34.882000,1.10053,1.10051,1000000,1000000
2021-07-14 14:41:35.388000,1.10054,1.10052,1500000,1000000
2021-07-14 14:41:37.368000,1.10057,1.10054,3950000,1000000
2021-07-14 14:41:37.469000,1.10057,1.10054,2890000,1000000
2021-07-14 14:41:37.572000,1.10057,1.10055,1000000,1000000
2021-07-14 14:41:38.585000,1.10057,1.10054,2450000,2250000
2021-07-14 14:41:39.859000,1.10057,1.10054,1870000,1690000
2021-07-14 14:41:43.293000,1.10057,1.10055,1120000,1000000
2021-07-14 14:41:44.524000,1.10057,1.10054,7320000,1000000
2021-07-14 14:41:46.205000,1.10057,1.10055,1000000,1690000
2021-07-14 14:41:46.256000,1.10061,1.10059,1500000,1000000
2021-07-14 14:41:46.357000,1.10062,1.10059,4500000,1000000
2021-07-14 14:41:46.458000,1.10061,1.10058,1120000,2060000
2021-07-14 14:41:46.870000,1.10062,1.10059,1620000,1250000
2021-07-14 14:41:46.972000,1.10063,1.1006,1870000,1250000
2021-07-14 14:41:49.479000,1.10065,1.10062,3500000,1000000
2021-07-14 14:41:51.306000,1.10064,1.10061,3120000,1500000
2021-07-14 14:41:51.930000,1.10066,1.10061,4250000,1000000
2021-07-14 14:41:52.271000,1.10066,1.10063,3750000,3700000
2021-07-14 14:41:52.322000,1.10068,1.10067,1000000,1250000
2021-07-14 14:41:52.373000,1.1007,1.10067,2620000,1500000
2021-07-14 14:41:53.030000,1.10066,1.10065,1000000,1870000
2021-07-14 14:41:53.081000,1.10065,1.10063,1000000,1570000
2021-07-14 14:41:53.508000,1.10065,1.10062,2250000,1000000
2021-07-14 14:41:58.276000,1.10066,1.10064,1000000,1000000
2021-07-14 14:41:58.377000,1.10068,1.10063,1500000,1000000
2021-07-14 14:41:59.027000,1.10066,1.10063,1870000,1690000
2021-07-14 14:41:59.128000,1.10065,1.10063,1000000,1000000
2021-07-14 14:42:00.190000,1.10063,1.10061,1000000,1000000
2021-07-14 14:42:04.519000,1.10063,1.1006,1500000,1250000
2021-07-14 14:42:05.511000,1.1006,1.10058,1120000,1000000
2021-07-14 14:42:10.198000,1.1006,1.10057,1870000,1250000
2021-07-14 14:42:10.300000,1.10058,1.10056,1000000,1250000
2021-07-14 14:42:13.343000,1.10058,1.10056,1000000,1750000
2021-07-14 14:42:13.659000,1.10061,1.10058,1870000,1250000
2021-07-14 14:42:13.761000,1.10062,1.10057,1500000,1750000
2021-07-14 14:42:13.863000,1.10059,1.10056,1120000,2890000
2021-07-14 14:42:16.023000,1.10058,1.10055,1000000,3620000
2021-07-14 14:42:17.189000,1.10058,1.10055,1000000,2440000
2021-07-14 14:42:17.494000,1.10058,1.10055,1000000,3250000
2021-07-14 14:42:21.726000,1.10058,1.10055,1120000,2440000
2021-07-14 14:42:22.181000,1.10058,1.10055,1120000,3250000
2021-07-14 14:42:24.809000,1.10061,1.10058,4250000,1690000
2021-07-14 14:42:24.910000,1.10061,1.10058,2620000,1690000
2021-07-14 14:42:25.931000,1.1006,1.10057,1000000,3560000
2021-07-14 14:42:31.254000,1.10059,1.10056,2450000,1000000
2021-07-14 14:42:33.513000,1.10059,1.10058,1000000,1250000
2021-07-14 14:42:33.615000,1.1006,1.10057,1500000,1690000
2021-07-14 14:42:33.977000,1.10061,1.10058,1870000,1690000
2021-07-14 14:42:40.617000,1.10062,1.10059,1000000,1000000
2021-07-14 14:42:40.669000,1.10063,1.10061,1120000,1000000
2021-07-14 14:42:40.770000,1.10064,1.10059,2250000,1690000
2021-07-14 14:42:41.631000,1.10063,1.10061,1000000,1000000
2021-07-14 14:42:43.103000,1.10063,1.1006,1870000,1690000
2021-07-14 14:42:43.306000,1.10063,1.10061,1120000,1000000
2021-07-14 14:42:44.189000,1.10064,1.10061,3370000,1000000
2021-07-14 14:42:44.649000,1.10064,1.10061,4250000,1000000
2021-07-14 14:42:46.226000,1.10064,1.10061,3000000,1000000
2021-07-14 14:42:46.989000,1.10063,1.10061,1500000,1000000
2021-07-14 14:42:47.191000,1.10063,1.1006,4060000,1000000
2021-07-14 14:42:48.066000,1.10063,1.1006,3000000,1000000
2021-07-14 14:42:51.222000,1.10064,1.10061,3370000,1000000
2021-07-14 14:42:55.283000,1.10065,1.10062,2560000,2440000
2021-07-14 14:42:58.545000,1.10062,1.1006,2370000,1000000
2021-07-14 14:42:58.596000,1.10061,1.10058,5150000,1100000
2021-07-14 14:42:58.697000,1.10059,1.10056,2250000,1690000
2021-07-14 14:43:00.198000,1.1006,1.10057,1870000,1690000
2021-07-14 14:43:01.415000,1.10059,1.10057,1000000,1000000
2021-07-14 14:43:01.566000,1.1006,1.10057,1000000,2870000
2021-07-14 14:43:01.719000,1.10061,1.10058,3000000,1250000
2021-07-14 14:43:03.545000,1.10061,1.10059,1000000,1690000
2021-07-14 14:43:03.596000,1.10063,1.1006,2620000,1000000
2021-07-14 14:43:09.439000,1.10061,1.10058,1120000,1250000
2021-07-14 14:43:09.592000,1.10062,1.10059,3950000,1000000
2021-07-14 14:43:10.969000,1.10062,1.1006,3000000,1000000
2021-07-14 14:43:11.222000,1.10061,1.10058,1000000,2870000
2021-07-14 14:43:12.804000,1.1006,1.10057,1120000,2500000
2021-07-14 14:43:12.906000,1.10059,1.10057,1000000,1250000
2021-07-14 14:43:13.907000,1.10059,1.10058,1000000,1250000
2021-07-14 14:43:13.959000,1.10063,1.1006,4200000,1690000
2021-07-14 14:43:15.558000,1.10063,1.10061,1120000,1690000
2021-07-14 14:43:15.730000,1.10064,1.10061,2700000,2060000
2021-07-14 14:43:16.640000,1.10065,1.10063,1000000,1690000
2021-07-14 14:43:16.758000,1.10066,1.10063,2370000,1690000
2021-07-14 14:43:17.321000,1.10066,1.10064,1620000,1000000
2021-07-14 14:43:17.423000,1.10068,1.10066,2250000,1690000
2021-07-14 14:43:17.525000,1.1007,1.10067,1500000,1690000
2021-07-14 14:43:17.779000,1.1007,1.10068,1000000,1250000
2021-07-14 14:43:17.830000,1.10072,1.10069,1870000,1000000
2021-07-14 14:43:22.155000,1.10071,1.10068,1500000,1690000
2021-07-14 14:43:23.689000,1.10071,1.10067,1000000,1250000
2021-07-14 14:43:23.741000,1.10069,1.10066,1000000,3190000
2021-07-14 14:43:23.843000,1.1007,1.10067,3000000,1000000
2021-07-14 14:43:29.904000,1.1007,1.10065,1000000,1690000
2021-07-14 14:43:30.006000,1.10068,1.10065,3370000,1000000
2021-07-14 14:43:30.108000,1.10065,1.10062,1310000,4570000
2021-07-14 14:43:30.209000,1.10064,1.10061,1310000,3470000
2021-07-14 14:43:30.310000,1.10064,1.10061,1310000,2250000
2021-07-14 14:43:34.494000,1.10063,1.10061,1000000,1000000
2021-07-14 14:43:35.136000,1.10063,1.1006,1000000,2510000
2021-07-14 14:43:38.785000,1.10061,1.10058,1000000,3370000
2021-07-14 14:43:38.887000,1.1006,1.10058,1000000,1000000
2021-07-14 14:43:38.938000,1.10059,1.10056,1000000,3340000
2021-07-14 14:43:43.527000,1.10059,1.10057,1000000,1000000
2021-07-14 14:43:46.527000,1.1006,1.10057,1500000,1000000
2021-07-14 14:43:49.913000,1.10059,1.10056,1500000,1500000
2021-07-14 14:43:50.015000,1.10058,1.10055,1500000,2060000
2021-07-14 14:43:50.116000,1.10058,1.10056,1000000,1000000
2021-07-14 14:43:53.514000,1.10058,1.10055,1500000,1870000
2021-07-14 14:43:58.105000,1.10056,1.10054,1000000,1870000
2021-07-14 14:44:04.758000,1.10055,1.10054,1000000,1000000
2021-07-14 14:44:04.809000,1.10054,1.10051,3370000,1970000
2021-07-14 14:44:04.860000,1.10051,1.1005,4120000,1120000
2021-07-14 14:44:04.910000,1.1005,1.10048,1000000,2700000
2021-07-14 14:44:06.039000,1.10049,1.10046,1870000,1870000
2021-07-14 14:44:06.141000,1.1005,1.10047,2810000,1000000
2021-07-14 14:44:07.476000,1.10049,1.10046,1500000,1870000
2021-07-14 14:44:09.270000,1.1005,1.10049,1120000,1000000
2021-07-14 14:44:09.321000,1.10054,1.10049,1000000,3260000
2021-07-14 14:44:09.372000,1.10055,1.10052,3370000,1000000
2021-07-14 14:44:09.473000,1.10055,1.10052,2440000,2450000
2021-07-14 14:44:10.184000,1.10055,1.10052,1500000,2320000
2021-07-14 14:44:13.494000,1.10056,1.10053,1500000,1000000
2021-07-14 14:44:17.017000,1.10057,1.10054,2440000,1000000
2021-07-14 14:44:22.414000,1.10059,1.10054,1870000,1000000
2021-07-14 14:44:23.734000,1.1006,1.10058,4120000,1870000
2021-07-14 14:44:23.835000,1.10061,1.10058,1000000,3070000
2021-07-14 14:44:25.079000,1.10063,1.10058,1000000,1100000
2021-07-14 14:44:25.180000,1.10062,1.1006,1000000,1000000
2021-07-14 14:44:25.332000,1.10063,1.1006,1120000,2250000
2021-07-14 14:44:25.434000,1.10064,1.10061,1000000,2620000
2021-07-14 14:44:27.541000,1.10065,1.10062,2250000,1000000
2021-07-14 14:44:28.174000,1.10066,1.10064,1120000,1760000
2021-07-14 14:44:28.275000,1.10069,1.10066,1120000,1000000
2021-07-14 14:44:29.184000,1.10068,1.10065,1870000,1000000
2021-07-14 14:44:29.337000,1.10069,1.10064,4320000,1000000
2021-07-14 14:44:29.438000,1.10067,1.10064,1120000,1500000
2021-07-14 14:44:32.294000,1.10068,1.10066,1000000,1000000
2021-07-14 14:44:32.648000,1.10069,1.10066,5060000,1000000
2021-07-14 14:44:33.257000,1.10069,1.10066,4440000,1000000
2021-07-14 14:44:33.933000,1.10067,1.10063,4500000,1500000
2021-07-14 14:44:34.034000,1.10065,1.10063,1250000,1000000
2021-07-14 14:44:37.197000,1.10065,1.10062,1690000,1500000
2021-07-14 14:44:37.298000,1.10064,1.10062,4250000,1000000
2021-07-14 14:44:37.349000,1.10063,1.1006,1120000,1500000
2021-07-14 14:44:38.779000,1.10064,1.10061,3690000,1000000
2021-07-14 14:44:38.881000,1.10064,1.10061,1120000,1500000
2021-07-14 14:44:42.386000,1.10066,1.10065,3000000,1000000
2021-07-14 14:44:42.437000,1.10068,1.10065,1120000,2250000
2021-07-14 14:44:42.589000,1.10067,1.10064,1870000,1200000
2021-07-14 14:44:47.336000,1.10066,1.10063,1000000,4370000
2021-07-14 14:44:48.259000,1.10066,1.10063,1000000,2810000
2021-07-14 14:44:54.584000,1.10066,1.10064,1000000,1000000
2021-07-14 14:44:54.685000,1.10065,1.10063,1000000,1000000
2021-07-14 14:44:54.736000,1.10064,1.10061,1000000,3940000
2021-07-14 14:44:55.040000,1.10063,1.1006,1500000,2440000
2021-07-14 14:44:58.165000,1.10064,1.10059,5000000,1000000
2021-07-14 14:44:58.477000,1.10063,1.1006,4120000,1000000
2021-07-14 14:44:59.170000,1.10063,1.10058,1000000,1690000
2021-07-14 14:44:59.272000,1.10062,1.1006,1000000,1250000
2021-07-14 14:44:59.323000,1.10064,1.10061,2250000,1000000
2021-07-14 14:45:02.157000,1.10061,1.10059,1000000,1870000
