time,ask,bid,ask_volume,bid_volume
2017-02-16 15:25:00.174000,1.13448,1.13444,2440000,1370000
2017-02-16 15:25:00.580000,1.13448,1.13447,2620000,2250000
2017-02-16 15:25:00.783000,1.13451,1.13448,1000000,3000000
2017-02-16 15:25:01.318000,1.13452,1.13448,3190000,1500000
2017-02-16 15:25:01.420000,1.13451,1.13446,3560000,1300000
2017-02-16 15:25:01.480000,1.13449,1.13446,1000000,1300000
2017-02-16 15:25:02.004000,1.13447,1.13445,2060000,1000000
2017-02-16 15:25:02.161000,1.13446,1.13442,2060000,2250000
2017-02-16 15:25:02.670000,1.13446,1.13441,1310000,5340000
2017-02-16 15:25:03.187000,1.13447,1.13443,4120000,1000000
2017-02-16 15:25:03.391000,1.13449,1.13444,2250000,2100000
2017-02-16 15:25:03.544000,1.13448,1.13444,1190000,1370000
2017-02-16 15:25:03.849000,1.13449,1.13445,1000000,4870000
2017-02-16 15:25:05.543000,1.13448,1.13444,5060000,4870000
2017-02-16 15:25:06.628000,1.13448,1.13444,5060000,1370000
2017-02-16 15:25:07.146000,1.13447,1.13444,5660000,1000000
2017-02-16 15:25:07.434000,1.13445,1.1344,3370000,3370000
2017-02-16 15:25:07.797000,1.13447,1.13444,2360000,1000000
2017-02-16 15:25:07.848000,1.13448,1.13444,4870000,1370000
2017-02-16 15:25:08.508000,1.13448,1.13444,2810000,1370000
2017-02-16 15:25:09.052000,1.13448,1.13444,2810000,1370000
2017-02-16 15:25:09.302000,1.13442,1.13441,2850000,10120000
2017-02-16 15:25:09.353000,1.13441,1.1344,1000000,9000000
2017-02-16 15:25:09.455000,1.13442,1.13438,5850000,4120000
2017-02-16 15:25:09.507000,1.13441,1.13437,6370000,7500000
2017-02-16 15:25:09.558000,1.1344,1.13436,2620000,1120000
2017-02-16 15:25:10.156000,1.13439,1.13435,2250000,2060000
2017-02-16 15:25:10.207000,1.13439,1.13437,2250000,1120000
2017-02-16 15:25:10.867000,1.13438,1.13436,1000000,1370000
2017-02-16 15:25:11.170000,1.13437,1.13434,2250000,2060000
2017-02-16 15:25:11.322000,1.13438,1.13436,3370000,1190000
2017-02-16 15:25:11.373000,1.13438,1.13434,3370000,1370000
2017-02-16 15:25:11.921000,1.13437,1.13434,1000000,1500000
2017-02-16 15:25:12.332000,1.13435,1.13432,2250000,4310000
2017-02-16 15:25:12.485000,1.13437,1.13434,3370000,1370000
2017-02-16 15:25:12.841000,1.13437,1.13434,2620000,4310000
2017-02-16 15:25:12.893000,1.13437,1.13435,1000000,1120000
2017-02-16 15:25:12.944000,1.13438,1.13437,3000000,1000000
2017-02-16 15:25:13.096000,1.13439,1.13436,2250000,1120000
2017-02-16 15:25:13.327000,1.1344,1.13437,2620000,1690000
2017-02-16 15:25:13.866000,1.13441,1.13437,1000000,3190000
2017-02-16 15:25:14.396000,1.13442,1.13438,3110000,1250000
2017-02-16 15:25:14.725000,1.13443,1.13439,1870000,2290000
2017-02-16 15:25:15.228000,1.13443,1.13439,1000000,3000000
2017-02-16 15:25:15.738000,1.13444,1.13439,5250000,3190000
2017-02-16 15:25:16.068000,1.13443,1.13439,12970000,1120000
2017-02-16 15:25:16.470000,1.1344,1.13438,2620000,1250000
2017-02-16 15:25:16.804000,1.13441,1.1344,3750000,1000000
2017-02-16 15:25:16.956000,1.13442,1.1344,2250000,1000000
2017-02-16 15:25:17.665000,1.13441,1.13439,1370000,1500000
2017-02-16 15:25:17.770000,1.13439,1.13438,2250000,1250000
2017-02-16 15:25:17.956000,1.13438,1.13436,2250000,1250000
2017-02-16 15:25:18.007000,1.13439,1.13438,2250000,1250000
2017-02-16 15:25:18.514000,1.1344,1.13436,2620000,1000000
2017-02-16 15:25:18.616000,1.13439,1.13437,2250000,1190000
2017-02-16 15:25:18.667000,1.13439,1.13435,2250000,4540000
2017-02-16 15:25:19.471000,1.13438,1.13435,2250000,3940000
2017-02-16 15:25:19.832000,1.13436,1.13435,2250000,1000000
2017-02-16 15:25:19.985000,1.13436,1.13432,2250000,2620000
2017-02-16 15:25:20.188000,1.13436,1.13433,2620000,1190000
2017-02-16 15:25:20.239000,1.13436,1.13432,2250000,3370000
2017-02-16 15:25:20.796000,1.13435,1.13432,2250000,1870000
2017-02-16 15:25:20.949000,1.13436,1.13435,2250000,1120000
2017-02-16 15:25:21.210000,1.13437,1.13434,2250000,2440000
2017-02-16 15:25:21.311000,1.13438,1.13435,3370000,1310000
2017-02-16 15:25:21.362000,1.13437,1.13434,2250000,1870000
2017-02-16 15:25:21.891000,1.13436,1.13432,2620000,1500000
2017-02-16 15:25:22.399000,1.13435,1.13432,2250000,1500000
2017-02-16 15:25:24.635000,1.13435,1.13434,2250000,1350000
2017-02-16 15:25:24.737000,1.13438,1.13435,3110000,3560000
2017-02-16 15:25:25.753000,1.13437,1.13434,2250000,1690000
2017-02-16 15:25:27.680000,1.13438,1.13434,2250000,3940000
2017-02-16 15:25:28.671000,1.13437,1.13434,2250000,1620000
2017-02-16 15:25:32.036000,1.13437,1.13434,3000000,1370000
2017-02-16 15:25:33.797000,1.13437,1.13435,2250000,1870000
2017-02-16 15:25:33.878000,1.1344,1.13438,2250000,1000000
2017-02-16 15:25:34.547000,1.1344,1.13437,2250000,1000000
2017-02-16 15:25:34.699000,1.13441,1.13438,3370000,1760000
2017-02-16 15:25:35.250000,1.13442,1.13438,1870000,1310000
2017-02-16 15:25:35.761000,1.13441,1.13437,2250000,2440000
2017-02-16 15:25:37.865000,1.13441,1.13439,1500000,1000000
2017-02-16 15:25:38.962000,1.13441,1.13437,1500000,6940000
2017-02-16 15:25:39.801000,1.13443,1.13439,11280000,1120000
2017-02-16 15:25:40.307000,1.13443,1.13438,11650000,3370000
2017-02-16 15:25:42.284000,1.13443,1.13439,11650000,1000000
2017-02-16 15:25:43.097000,1.13443,1.1344,1500000,1000000
2017-02-16 15:25:44.187000,1.13444,1.13439,3110000,2810000
2017-02-16 15:25:47.497000,1.13442,1.13439,6600000,1250000
2017-02-16 15:25:48.006000,1.13442,1.13438,2620000,1870000
2017-02-16 15:25:48.515000,1.13443,1.13439,3490000,1500000
2017-02-16 15:25:49.627000,1.13443,1.1344,1000000,2290000
2017-02-16 15:25:49.880000,1.13446,1.13442,2250000,1500000
2017-02-16 15:25:50.521000,1.13445,1.13442,2250000,2620000
2017-02-16 15:25:50.572000,1.13447,1.13442,4120000,2620000
2017-02-16 15:25:51.157000,1.13447,1.13443,2620000,1000000
2017-02-16 15:25:51.560000,1.13449,1.13448,1500000,10540000
2017-02-16 15:25:51.611000,1.13455,1.13453,14420000,1000000
2017-02-16 15:25:51.712000,1.13456,1.13455,2250000,1870000
2017-02-16 15:25:51.763000,1.13458,1.13455,2620000,1000000
2017-02-16 15:25:51.815000,1.13459,1.13457,2810000,1000000
2017-02-16 15:25:52.009000,1.13459,1.13453,1120000,6750000
2017-02-16 15:25:52.212000,1.13458,1.13453,6940000,1870000
2017-02-16 15:25:52.718000,1.13456,1.1345,4720000,3370000
2017-02-16 15:25:53.245000,1.13455,1.1345,1000000,3370000
2017-02-16 15:25:54.998000,1.13455,1.1345,2250000,1870000
2017-02-16 15:25:55.802000,1.13456,1.13452,1870000,1000000
2017-02-16 15:25:56.308000,1.13454,1.1345,1000000,1870000
2017-02-16 15:25:56.825000,1.13455,1.13451,3750000,1000000
2017-02-16 15:25:57.353000,1.13454,1.1345,1000000,1500000
2017-02-16 15:25:57.874000,1.13453,1.13449,1120000,1000000
2017-02-16 15:25:58.935000,1.13452,1.13449,1000000,1000000
2017-02-16 15:25:59.289000,1.13454,1.13449,5290000,1000000
2017-02-16 15:25:59.446000,1.13453,1.13449,7620000,1000000
2017-02-16 15:25:59.750000,1.13453,1.13451,1870000,1000000
2017-02-16 15:26:00.213000,1.13452,1.13449,1000000,2440000
2017-02-16 15:26:00.724000,1.13453,1.13449,5370000,3190000
2017-02-16 15:26:00.979000,1.13454,1.13453,1000000,3370000
2017-02-16 15:26:01.132000,1.1346,1.13454,3790000,4870000
2017-02-16 15:26:01.409000,1.1346,1.13457,1350000,1500000
2017-02-16 15:26:01.764000,1.13462,1.13458,1000000,3370000
2017-02-16 15:26:01.867000,1.13464,1.13461,4500000,1500000
2017-02-16 15:26:02.375000,1.13463,1.1346,1500000,1120000
2017-02-16 15:26:03.681000,1.13463,1.13461,1000000,1000000
2017-02-16 15:26:05.391000,1.13463,1.13459,2620000,1950000
2017-02-16 15:26:07.193000,1.13461,1.13457,1120000,5440000
2017-02-16 15:26:07.500000,1.13464,1.13461,1540000,1880000
2017-02-16 15:26:07.754000,1.13462,1.13457,1870000,9000000
2017-02-16 15:26:07.805000,1.13459,1.13457,1120000,7870000
2017-02-16 15:26:07.958000,1.13459,1.13456,3000000,1000000
2017-02-16 15:26:08.059000,1.13458,1.13455,1500000,1000000
2017-02-16 15:26:08.803000,1.13456,1.13454,1000000,1370000
2017-02-16 15:26:09.310000,1.13455,1.13454,1000000,1120000
2017-02-16 15:26:09.900000,1.13456,1.13454,1120000,1370000
2017-02-16 15:26:10.402000,1.13455,1.13454,1500000,1120000
2017-02-16 15:26:12.335000,1.13456,1.13454,3370000,1370000
2017-02-16 15:26:13.164000,1.13455,1.13454,1000000,1120000
2017-02-16 15:26:13.367000,1.13453,1.13451,7160000,1000000
2017-02-16 15:26:13.522000,1.13448,1.13447,2620000,21750000
2017-02-16 15:26:13.573000,1.13448,1.13446,3000000,1120000
2017-02-16 15:26:13.624000,1.13447,1.13444,1120000,1370000
2017-02-16 15:26:14.339000,1.13447,1.13442,1120000,5440000
2017-02-16 15:26:14.872000,1.13447,1.13441,3460000,7120000
2017-02-16 15:26:15.388000,1.13447,1.13443,1500000,3000000
2017-02-16 15:26:15.540000,1.13448,1.13444,6000000,5850000
2017-02-16 15:26:15.934000,1.1345,1.13447,2620000,1190000
2017-02-16 15:26:15.985000,1.1345,1.13446,2620000,1000000
2017-02-16 15:26:16.036000,1.1345,1.13448,2620000,1190000
2017-02-16 15:26:16.087000,1.1345,1.13445,1870000,2440000
2017-02-16 15:26:16.492000,1.1345,1.13447,2620000,1190000
2017-02-16 15:26:16.644000,1.1345,1.13446,3000000,1250000
2017-02-16 15:26:19.941000,1.1345,1.13445,4120000,2060000
2017-02-16 15:26:20.602000,1.1345,1.13445,3370000,1500000
2017-02-16 15:26:20.805000,1.13451,1.13447,9000000,2850000
2017-02-16 15:26:21.059000,1.13452,1.13449,1000000,1000000
2017-02-16 15:26:21.760000,1.13452,1.13448,1000000,2250000
2017-02-16 15:26:22.418000,1.13453,1.13447,2620000,3000000
2017-02-16 15:26:22.520000,1.13451,1.13447,1500000,1500000
2017-02-16 15:26:22.672000,1.1345,1.13445,2250000,1500000
2017-02-16 15:26:23.458000,1.1345,1.13446,2250000,1000000
2017-02-16 15:26:23.914000,1.13446,1.13444,4910000,4870000
2017-02-16 15:26:24.132000,1.13446,1.13442,11750000,1000000
2017-02-16 15:26:24.491000,1.13442,1.13441,3370000,1000000
2017-02-16 15:26:24.694000,1.13441,1.13436,3840000,1870000
2017-02-16 15:26:24.948000,1.13441,1.13437,1210000,1500000
2017-02-16 15:26:26.071000,1.13443,1.1344,2250000,1000000
2017-02-16 15:26:26.380000,1.1345,1.13448,1500000,1500000
2017-02-16 15:26:26.610000,1.13452,1.13448,3840000,1500000
2017-02-16 15:26:27.123000,1.13452,1.13448,2340000,1500000
2017-02-16 15:26:27.651000,1.13453,1.13448,9460000,1120000
2017-02-16 15:26:28.697000,1.13452,1.13448,6310000,1120000
2017-02-16 15:26:28.849000,1.1345,1.13445,1200000,1370000
2017-02-16 15:26:29.397000,1.1345,1.13445,2330000,1000000
2017-02-16 15:26:29.851000,1.1345,1.13447,2330000,2250000
2017-02-16 15:26:30.357000,1.13451,1.13449,1400000,2250000
2017-02-16 15:26:31.033000,1.13453,1.13451,5340000,2250000
2017-02-16 15:26:31.085000,1.13453,1.13452,1500000,2620000
2017-02-16 15:26:31.617000,1.13456,1.13453,3000000,2250000
2017-02-16 15:26:32.168000,1.13455,1.13453,2250000,2250000
2017-02-16 15:26:32.370000,1.13451,1.1345,1000000,5620000
2017-02-16 15:26:32.422000,1.13451,1.13449,1000000,3370000
2017-02-16 15:26:32.727000,1.13451,1.13448,1210000,3750000
2017-02-16 15:26:34.022000,1.13451,1.13447,12880000,2250000
2017-02-16 15:26:34.328000,1.13446,1.13444,1120000,2250000
2017-02-16 15:26:35.989000,1.13448,1.13445,2620000,2250000
2017-02-16 15:26:36.623000,1.13448,1.13446,2620000,2250000
2017-02-16 15:26:36.849000,1.13451,1.13448,6370000,3750000
2017-02-16 15:26:36.952000,1.13451,1.1345,2250000,2250000
2017-02-16 15:26:37.357000,1.13454,1.1345,1960000,2250000
2017-02-16 15:26:37.814000,1.13452,1.13449,6410000,2250000
2017-02-16 15:26:37.965000,1.13449,1.13448,1000000,2250000
2017-02-16 15:26:38.824000,1.13449,1.13447,1000000,2250000
2017-02-16 15:26:39.502000,1.13451,1.13447,4590000,2250000
2017-02-16 15:26:40.036000,1.1345,1.13447,4590000,2250000
2017-02-16 15:26:40.251000,1.13447,1.13446,1000000,2250000
2017-02-16 15:26:40.455000,1.13447,1.13444,4060000,3750000
2017-02-16 15:26:40.900000,1.13448,1.13444,1120000,2620000
2017-02-16 15:26:41.489000,1.13449,1.13445,4210000,2250000
2017-02-16 15:26:42.149000,1.13449,1.13445,2710000,2440000
2017-02-16 15:26:42.655000,1.13447,1.13445,1000000,2250000
2017-02-16 15:26:43.994000,1.13449,1.13445,4400000,1000000
2017-02-16 15:26:45.817000,1.1345,1.13445,3650000,2250000
2017-02-16 15:26:46.517000,1.1345,1.13447,3610000,1500000
2017-02-16 15:26:46.919000,1.13453,1.1345,8340000,2620000
2017-02-16 15:26:47.123000,1.13453,1.1345,2250000,3560000
2017-02-16 15:26:47.508000,1.13453,1.13452,2250000,1250000
2017-02-16 15:26:47.559000,1.13455,1.13451,2340000,2250000
2017-02-16 15:26:48.081000,1.13453,1.13451,1120000,2620000
2017-02-16 15:26:55.013000,1.13453,1.1345,6600000,2250000
2017-02-16 15:26:55.115000,1.1345,1.13449,1350000,3000000
2017-02-16 15:26:55.217000,1.1345,1.13446,1170000,3370000
2017-02-16 15:26:55.768000,1.1345,1.13445,2520000,4120000
2017-02-16 15:26:56.054000,1.13447,1.13445,1020000,1120000
2017-02-16 15:26:56.155000,1.13446,1.13443,1120000,3000000
2017-02-16 15:26:56.661000,1.13447,1.13442,2480000,5250000
2017-02-16 15:26:57.325000,1.13443,1.13442,1170000,1120000
2017-02-16 15:26:57.435000,1.13441,1.13438,1000000,1000000
2017-02-16 15:26:57.943000,1.1344,1.13437,1000000,1000000
2017-02-16 15:26:58.449000,1.13441,1.13437,1500000,1000000
2017-02-16 15:26:59.198000,1.1344,1.13437,1250000,1000000
2017-02-16 15:26:59.351000,1.13435,1.13434,3040000,5250000
2017-02-16 15:26:59.402000,1.13435,1.13434,1350000,8620000
2017-02-16 15:26:59.555000,1.13431,1.13429,1500000,5250000
2017-02-16 15:26:59.606000,1.13429,1.13428,1000000,5620000
2017-02-16 15:26:59.940000,1.13428,1.13425,1870000,1000000
2017-02-16 15:27:00.451000,1.13428,1.13424,1870000,3990000
2017-02-16 15:27:00.977000,1.13427,1.13425,1000000,2490000
2017-02-16 15:27:01.456000,1.13422,1.13421,1000000,14870000
2017-02-16 15:27:01.772000,1.13417,1.13415,1870000,4870000
2017-02-16 15:27:02.026000,1.13415,1.13412,1000000,1750000
2017-02-16 15:27:02.077000,1.13415,1.13411,1000000,4310000
2017-02-16 15:27:02.370000,1.13412,1.1341,1000000,2620000
2017-02-16 15:27:02.877000,1.13413,1.1341,2500000,3560000
2017-02-16 15:27:03.189000,1.13415,1.13411,1610000,1310000
2017-02-16 15:27:03.417000,1.13417,1.13414,2410000,1000000
2017-02-16 15:27:03.468000,1.13417,1.13414,1000000,1120000
2017-02-16 15:27:03.570000,1.13418,1.13417,1000000,1120000
2017-02-16 15:27:03.722000,1.13422,1.13418,2620000,1000000
2017-02-16 15:27:04.237000,1.13422,1.13417,3750000,2440000
2017-02-16 15:27:04.793000,1.13422,1.13418,3860000,1000000
2017-02-16 15:27:04.844000,1.13422,1.1342,3110000,1000000
2017-02-16 15:27:05.350000,1.13425,1.1342,1510000,1120000
2017-02-16 15:27:05.654000,1.13426,1.13422,4130000,1000000
2017-02-16 15:27:05.970000,1.13429,1.13424,2620000,3190000
2017-02-16 15:27:06.477000,1.13428,1.13425,1120000,1250000
2017-02-16 15:27:06.985000,1.13429,1.13425,1000000,2060000
2017-02-16 15:27:07.512000,1.1343,1.13426,1120000,1870000
2017-02-16 15:27:08.018000,1.1343,1.13427,1000000,2620000
2017-02-16 15:27:08.341000,1.13432,1.13427,1240000,3000000
2017-02-16 15:27:08.652000,1.13433,1.1343,1610000,1000000
2017-02-16 15:27:09.055000,1.13441,1.13437,2250000,2440000
2017-02-16 15:27:09.561000,1.13443,1.13437,3410000,3560000
2017-02-16 15:27:10.379000,1.13442,1.13441,1000000,1500000
2017-02-16 15:27:10.835000,1.13441,1.13439,1000000,1310000
2017-02-16 15:27:10.886000,1.13442,1.13441,1000000,1690000
2017-02-16 15:27:10.937000,1.13443,1.13441,1000000,1690000
2017-02-16 15:27:11.985000,1.13445,1.13442,1120000,2250000
2017-02-16 15:27:13.878000,1.13445,1.13442,1120000,2250000
2017-02-16 15:27:15.832000,1.13446,1.13443,3370000,2250000
2017-02-16 15:27:15.934000,1.13447,1.13443,1000000,3000000
2017-02-16 15:27:16.189000,1.13447,1.13445,1000000,1000000
2017-02-16 15:27:16.582000,1.13451,1.13447,5620000,2810000
2017-02-16 15:27:16.685000,1.13448,1.13445,2250000,2620000
2017-02-16 15:27:17.214000,1.13447,1.13444,1300000,2250000
2017-02-16 15:27:18.238000,1.13448,1.13445,4500000,2250000
2017-02-16 15:27:18.817000,1.13449,1.13445,2700000,2250000
2017-02-16 15:27:19.347000,1.13447,1.13444,1300000,2250000
2017-02-16 15:27:20.340000,1.13447,1.13443,1120000,3190000
2017-02-16 15:27:20.797000,1.13448,1.13445,1500000,1500000
2017-02-16 15:27:22.285000,1.13448,1.13444,3220000,1120000
2017-02-16 15:27:22.589000,1.1345,1.13448,1120000,1190000
2017-02-16 15:27:22.690000,1.13451,1.13446,3750000,1250000
2017-02-16 15:27:23.039000,1.13449,1.13444,6220000,5620000
2017-02-16 15:27:23.090000,1.13448,1.13444,3750000,1120000
2017-02-16 15:27:23.787000,1.13447,1.13445,2470000,1190000
2017-02-16 15:27:23.919000,1.13447,1.13444,2470000,1250000
2017-02-16 15:27:24.610000,1.13447,1.13443,3220000,3190000
2017-02-16 15:27:25.281000,1.13447,1.13443,1370000,2250000
2017-02-16 15:27:25.739000,1.13447,1.13445,1000000,1000000
2017-02-16 15:27:26.288000,1.13448,1.13444,2850000,2250000
2017-02-16 15:27:26.693000,1.13447,1.13442,1670000,2620000
2017-02-16 15:27:27.395000,1.13447,1.13444,2250000,2620000
2017-02-16 15:27:27.497000,1.13449,1.13445,1120000,1000000
2017-02-16 15:27:27.959000,1.13446,1.13443,2250000,1000000
2017-02-16 15:27:28.444000,1.13448,1.13443,3970000,3560000
2017-02-16 15:27:28.950000,1.13449,1.13444,2850000,3750000
2017-02-16 15:27:30.104000,1.1345,1.13447,1500000,1870000
2017-02-16 15:27:30.562000,1.13451,1.13446,3220000,3000000
2017-02-16 15:27:31.052000,1.13448,1.13446,1120000,1000000
2017-02-16 15:27:31.250000,1.13447,1.13442,5100000,3370000
2017-02-16 15:27:31.831000,1.13446,1.13442,1000000,2250000
2017-02-16 15:27:32.369000,1.13446,1.13443,1000000,1000000
2017-02-16 15:27:32.873000,1.13442,1.1344,1250000,2620000
2017-02-16 15:27:33.077000,1.1344,1.13436,1300000,1120000
2017-02-16 15:27:37.677000,1.13441,1.13437,2620000,2250000
2017-02-16 15:27:38.413000,1.13441,1.13436,4870000,1250000
2017-02-16 15:27:42.103000,1.1344,1.13435,1370000,5060000
2017-02-16 15:27:44.959000,1.1344,1.13436,1370000,3940000
2017-02-16 15:27:45.654000,1.1344,1.13436,1370000,3190000
2017-02-16 15:27:46.969000,1.1344,1.13437,1620000,2250000
2017-02-16 15:27:48.074000,1.13441,1.13436,7720000,2810000
2017-02-16 15:27:53.802000,1.13441,1.13437,2250000,6190000
2017-02-16 15:27:53.904000,1.13443,1.13439,7310000,2250000
2017-02-16 15:27:54.092000,1.13441,1.13438,3970000,3000000
2017-02-16 15:27:54.598000,1.13441,1.13437,3970000,2250000
2017-02-16 15:27:55.114000,1.13441,1.13436,3220000,3560000
2017-02-16 15:27:56.647000,1.13441,1.13437,3220000,1000000
2017-02-16 15:27:59.138000,1.13438,1.13437,1650000,1000000
2017-02-16 15:27:59.342000,1.13436,1.13434,4570000,1000000
2017-02-16 15:27:59.393000,1.13435,1.13432,2050000,4500000
2017-02-16 15:27:59.533000,1.13435,1.13432,1720000,1000000
2017-02-16 15:28:00.042000,1.13436,1.13434,2470000,1000000
2017-02-16 15:28:00.245000,1.13438,1.13434,1370000,1120000
2017-02-16 15:28:00.751000,1.13438,1.13435,1370000,1000000
2017-02-16 15:28:01.262000,1.13438,1.13434,9220000,1000000
2017-02-16 15:28:02.488000,1.13438,1.13434,4120000,1120000
2017-02-16 15:28:03.002000,1.13438,1.13435,3370000,1000000
2017-02-16 15:28:03.360000,1.13439,1.13436,1870000,1250000
2017-02-16 15:28:03.894000,1.13439,1.13435,1870000,1000000
2017-02-16 15:28:04.447000,1.13439,1.13436,2620000,1000000
2017-02-16 15:28:05.147000,1.13439,1.13435,3000000,1000000
2017-02-16 15:28:05.715000,1.13437,1.13435,3600000,1000000
2017-02-16 15:28:05.968000,1.13435,1.13432,1000000,1000000
2017-02-16 15:28:06.474000,1.13435,1.13431,1370000,3070000
2017-02-16 15:28:06.575000,1.13435,1.13433,1370000,1000000
2017-02-16 15:28:06.727000,1.13435,1.13431,2620000,3000000
2017-02-16 15:28:07.081000,1.13433,1.1343,2250000,1000000
2017-02-16 15:28:07.455000,1.13434,1.13432,1000000,1000000
2017-02-16 15:28:07.962000,1.13436,1.13432,2920000,1000000
2017-02-16 15:28:08.501000,1.13436,1.13433,1800000,1000000
2017-02-16 15:28:09.510000,1.13436,1.13434,1950000,1000000
2017-02-16 15:28:10.112000,1.13438,1.13436,1300000,1000000
2017-02-16 15:28:10.163000,1.13438,1.13434,1300000,1500000
2017-02-16 15:28:10.685000,1.13438,1.13434,1870000,2440000
2017-02-16 15:28:10.989000,1.1344,1.13437,1500000,1000000
2017-02-16 15:28:11.535000,1.13442,1.13438,9750000,1500000
2017-02-16 15:28:12.443000,1.1344,1.13437,2100000,1250000
2017-02-16 15:28:12.948000,1.13442,1.13438,10500000,1000000
2017-02-16 15:28:13.454000,1.1344,1.13437,1350000,1690000
2017-02-16 15:28:14.342000,1.1344,1.13437,3790000,1000000
2017-02-16 15:28:14.940000,1.1344,1.13436,4160000,1500000
2017-02-16 15:28:15.459000,1.13439,1.13437,2250000,1000000
2017-02-16 15:28:15.864000,1.1344,1.13437,1870000,1500000
2017-02-16 15:28:16.003000,1.13442,1.13441,8250000,1000000
2017-02-16 15:28:16.105000,1.13444,1.13443,1500000,1690000
2017-02-16 15:28:16.156000,1.13447,1.13445,3370000,1000000
2017-02-16 15:28:16.698000,1.13448,1.13446,1000000,1000000
2017-02-16 15:28:17.358000,1.13448,1.13445,1500000,1100000
2017-02-16 15:28:18.222000,1.13448,1.13446,1000000,1000000
2017-02-16 15:28:18.778000,1.13448,1.13445,1500000,1500000
2017-02-16 15:28:19.469000,1.13448,1.13446,1000000,1000000
2017-02-16 15:28:19.592000,1.13448,1.13447,1000000,1120000
2017-02-16 15:28:19.644000,1.13451,1.13449,1000000,1870000
2017-02-16 15:28:19.695000,1.13453,1.13451,1870000,1500000
2017-02-16 15:28:20.201000,1.13452,1.1345,1870000,1000000
2017-02-16 15:28:20.505000,1.13451,1.13447,2620000,1120000
2017-02-16 15:28:21.012000,1.13451,1.13448,1370000,1500000
2017-02-16 15:28:21.835000,1.1345,1.13447,1000000,1120000
2017-02-16 15:28:23.837000,1.13451,1.13448,3370000,1000000
2017-02-16 15:28:25.812000,1.13451,1.13447,1370000,1870000
2017-02-16 15:28:26.997000,1.13451,1.13449,1000000,1250000
2017-02-16 15:28:27.560000,1.13452,1.1345,2620000,1000000
2017-02-16 15:28:27.946000,1.13451,1.13448,2620000,1500000
2017-02-16 15:28:27.997000,1.13451,1.1345,1120000,1000000
2017-02-16 15:28:28.502000,1.13452,1.1345,2620000,1000000
2017-02-16 15:28:28.808000,1.13447,1.13445,3000000,7120000
2017-02-16 15:28:28.859000,1.13447,1.13444,3370000,2250000
2017-02-16 15:28:29.044000,1.13448,1.13444,7120000,1120000
2017-02-16 15:28:29.584000,1.13448,1.13444,6000000,1000000
2017-02-16 15:28:31.050000,1.13446,1.13444,1870000,1500000
2017-02-16 15:28:31.561000,1.13445,1.13443,1000000,1500000
2017-02-16 15:28:33.551000,1.13447,1.13443,2620000,1690000
2017-02-16 15:28:34.167000,1.13447,1.13443,1120000,1690000
2017-02-16 15:28:36.218000,1.13447,1.13444,1120000,1500000
2017-02-16 15:28:37.529000,1.13446,1.13444,1370000,1600000
2017-02-16 15:28:38.170000,1.13448,1.13444,4500000,1130000
2017-02-16 15:28:38.791000,1.13448,1.13444,5250000,1600000
2017-02-16 15:28:39.477000,1.13448,1.13447,3750000,1870000
2017-02-16 15:28:39.579000,1.13451,1.13448,1870000,1130000
2017-02-16 15:28:40.364000,1.13449,1.13448,1500000,1600000
2017-02-16 15:28:40.910000,1.13451,1.13447,2620000,1690000
2017-02-16 15:28:43.032000,1.1345,1.13447,1370000,1690000
2017-02-16 15:28:45.341000,1.13449,1.13446,1000000,1500000
2017-02-16 15:28:45.664000,1.13446,1.13443,2620000,1000000
2017-02-16 15:28:46.170000,1.13445,1.13442,1370000,1000000
2017-02-16 15:28:47.362000,1.13446,1.13442,3750000,1000000
2017-02-16 15:28:50.388000,1.13446,1.13443,1370000,1000000
2017-02-16 15:28:50.439000,1.13447,1.13443,6000000,1000000
2017-02-16 15:28:50.591000,1.13448,1.13445,3000000,1000000
2017-02-16 15:28:51.057000,1.13448,1.13447,1120000,1500000
2017-02-16 15:28:51.209000,1.13453,1.1345,1500000,1000000
2017-02-16 15:28:51.724000,1.13454,1.13451,3370000,1690000
2017-02-16 15:28:52.259000,1.13454,1.13451,1870000,2440000
2017-02-16 15:28:53.862000,1.13454,1.13451,5620000,1250000
2017-02-16 15:28:53.914000,1.13451,1.1345,1300000,1120000
2017-02-16 15:28:54.068000,1.13451,1.13447,1870000,2060000
2017-02-16 15:28:56.310000,1.13451,1.13449,1500000,1000000
2017-02-16 15:28:56.847000,1.13451,1.13448,3370000,1000000
2017-02-16 15:28:59.092000,1.13451,1.13447,5850000,1250000
2017-02-16 15:28:59.446000,1.13448,1.13446,1000000,1000000
2017-02-16 15:28:59.598000,1.13448,1.13445,2620000,1000000
2017-02-16 15:28:59.649000,1.13447,1.13444,2850000,2060000
2017-02-16 15:28:59.751000,1.13447,1.13443,2890000,1500000
2017-02-16 15:29:00.262000,1.13447,1.13443,1300000,1000000
2017-02-16 15:29:00.798000,1.13448,1.13444,5290000,1000000
2017-02-16 15:29:01.304000,1.13449,1.13445,2250000,1870000
2017-02-16 15:29:01.557000,1.13449,1.13447,1000000,1310000
2017-02-16 15:29:01.860000,1.13453,1.13449,11670000,2060000
2017-02-16 15:29:03.517000,1.13453,1.1345,9040000,1000000
2017-02-16 15:29:04.825000,1.13451,1.13449,1390000,1000000
2017-02-16 15:29:04.977000,1.1345,1.13447,1000000,1000000
2017-02-16 15:29:05.574000,1.13451,1.13447,2250000,1000000
2017-02-16 15:29:06.951000,1.13451,1.13449,1870000,1000000
2017-02-16 15:29:07.457000,1.13451,1.1345,1500000,1000000
2017-02-16 15:29:08.089000,1.13451,1.13449,1500000,1120000
2017-02-16 15:29:09.342000,1.13448,1.13447,1120000,1870000
2017-02-16 15:29:09.445000,1.13448,1.13445,3600000,3190000
2017-02-16 15:29:09.976000,1.13448,1.13444,4350000,1690000
2017-02-16 15:29:10.433000,1.13446,1.13444,1120000,1000000
2017-02-16 15:29:10.939000,1.13447,1.13443,6970000,1000000
2017-02-16 15:29:11.665000,1.13445,1.13442,2620000,2250000
2017-02-16 15:29:12.171000,1.13445,1.13443,1370000,1000000
2017-02-16 15:29:13.659000,1.13447,1.13443,1370000,1250000
2017-02-16 15:29:14.875000,1.13448,1.13443,6750000,2440000
2017-02-16 15:29:16.380000,1.13448,1.13443,5250000,3190000
2017-02-16 15:29:16.707000,1.13448,1.13444,1000000,1250000
2017-02-16 15:29:17.417000,1.13447,1.13444,1500000,1000000
2017-02-16 15:29:17.830000,1.13446,1.13442,1300000,4120000
2017-02-16 15:29:17.932000,1.13445,1.13442,1370000,1000000
2017-02-16 15:29:18.338000,1.13445,1.1344,2620000,1120000
2017-02-16 15:29:18.541000,1.13445,1.13442,1500000,1690000
2017-02-16 15:29:18.898000,1.13447,1.13444,1500000,1190000
2017-02-16 15:29:19.252000,1.13447,1.13442,1120000,2060000
2017-02-16 15:29:21.207000,1.13447,1.13441,4350000,3280000
2017-02-16 15:29:21.309000,1.13445,1.13441,3000000,1870000
2017-02-16 15:29:21.463000,1.13444,1.13439,1000000,1780000
2017-02-16 15:29:21.989000,1.13444,1.13439,1870000,1120000
2017-02-16 15:29:22.535000,1.13444,1.13438,1870000,7250000
2017-02-16 15:29:22.586000,1.13442,1.13438,1000000,5150000
2017-02-16 15:29:22.840000,1.1344,1.13435,3370000,3190000
2017-02-16 15:29:23.346000,1.1344,1.13435,2250000,2250000
2017-02-16 15:29:24.284000,1.1344,1.13436,1870000,2620000
2017-02-16 15:29:24.336000,1.1344,1.13437,1870000,2440000
2017-02-16 15:29:24.640000,1.13442,1.1344,4500000,1190000
2017-02-16 15:29:25.251000,1.13441,1.13437,1120000,6190000
2017-02-16 15:29:26.071000,1.13441,1.1344,1120000,1500000
2017-02-16 15:29:26.172000,1.13445,1.13441,1120000,1690000
2017-02-16 15:29:26.223000,1.13445,1.13442,1120000,1190000
2017-02-16 15:29:26.729000,1.13446,1.13442,1120000,1190000
2017-02-16 15:29:27.216000,1.13446,1.13441,2250000,3190000
2017-02-16 15:29:27.578000,1.13441,1.13439,3970000,7870000
2017-02-16 15:29:27.882000,1.13438,1.13435,1000000,6370000
2017-02-16 15:29:28.186000,1.13438,1.13433,2620000,1690000
2017-02-16 15:29:28.524000,1.13439,1.13436,1370000,1250000
2017-02-16 15:29:28.626000,1.13441,1.13436,5620000,1690000
2017-02-16 15:29:28.890000,1.13439,1.13436,1500000,1000000
2017-02-16 15:29:29.700000,1.13438,1.13433,1500000,3940000
2017-02-16 15:29:30.645000,1.13438,1.13435,1000000,1000000
2017-02-16 15:29:30.797000,1.1344,1.13436,2250000,1690000
2017-02-16 15:29:31.153000,1.13439,1.13435,3370000,2620000
2017-02-16 15:29:31.589000,1.1344,1.13436,1120000,1690000
2017-02-16 15:29:31.842000,1.13439,1.13435,1500000,4540000
2017-02-16 15:29:32.378000,1.13439,1.13435,1500000,4540000
2017-02-16 15:29:32.914000,1.13435,1.13434,1000000,1300000
2017-02-16 15:29:33.016000,1.13435,1.13431,1000000,2250000
2017-02-16 15:29:33.067000,1.13433,1.1343,1000000,1000000
2017-02-16 15:29:33.372000,1.13431,1.13428,1000000,2250000
2017-02-16 15:29:34.453000,1.13429,1.13427,1500000,3750000
2017-02-16 15:29:34.657000,1.13428,1.13424,3220000,3560000
2017-02-16 15:29:35.162000,1.13428,1.13423,4350000,1690000
2017-02-16 15:29:42.885000,1.13428,1.13423,1500000,3190000
2017-02-16 15:29:43.607000,1.13428,1.13424,1500000,1000000
2017-02-16 15:29:46.134000,1.13428,1.13426,1500000,4540000
2017-02-16 15:29:46.236000,1.1343,1.13428,1000000,2440000
2017-02-16 15:29:46.287000,1.13431,1.13429,2620000,1000000
2017-02-16 15:29:46.490000,1.13431,1.13428,1500000,1500000
2017-02-16 15:29:46.541000,1.13431,1.13427,6750000,3000000
2017-02-16 15:29:46.693000,1.1343,1.13426,1350000,7650000
2017-02-16 15:29:46.794000,1.13431,1.13429,4720000,1000000
2017-02-16 15:29:47.306000,1.13431,1.13428,2470000,1120000
2017-02-16 15:29:47.643000,1.13429,1.13427,1120000,1870000
2017-02-16 15:29:47.846000,1.13428,1.13424,1870000,2620000
2017-02-16 15:29:48.251000,1.1343,1.13425,1870000,2060000
2017-02-16 15:29:49.145000,1.13428,1.13425,1000000,1310000
2017-02-16 15:29:49.654000,1.1343,1.13425,2320000,3560000
2017-02-16 15:29:50.110000,1.13432,1.13427,8250000,1190000
2017-02-16 15:29:52.173000,1.13429,1.13426,4120000,3940000
2017-02-16 15:29:52.376000,1.13428,1.13425,1500000,1500000
2017-02-16 15:29:52.908000,1.13428,1.13423,3750000,8060000
2017-02-16 15:29:53.214000,1.13418,1.13416,3250000,8250000
2017-02-16 15:29:53.265000,1.13417,1.13416,1000000,2620000
2017-02-16 15:29:53.418000,1.13416,1.13413,1120000,1310000
2017-02-16 15:29:53.775000,1.13417,1.13415,1570000,1000000
2017-02-16 15:29:53.958000,1.13421,1.13416,6190000,1870000
2017-02-16 15:29:54.464000,1.13422,1.13416,7120000,6940000
2017-02-16 15:29:54.566000,1.13423,1.13418,2320000,1250000
2017-02-16 15:29:54.719000,1.13425,1.13423,7870000,1690000
2017-02-16 15:29:54.821000,1.13428,1.13423,5100000,1120000
2017-02-16 15:29:55.330000,1.13427,1.13422,1500000,1690000
2017-02-16 15:29:55.587000,1.13428,1.13423,7350000,1870000
2017-02-16 15:29:56.097000,1.1343,1.13425,5100000,2620000
2017-02-16 15:29:56.637000,1.13428,1.13425,2100000,1000000
2017-02-16 15:29:57.123000,1.13429,1.13427,3640000,1000000
2017-02-16 15:29:57.662000,1.13429,1.13426,3260000,1310000
2017-02-16 15:29:58.143000,1.13431,1.13429,1310000,2060000
2017-02-16 15:29:58.194000,1.13434,1.13429,2250000,2060000
2017-02-16 15:29:58.245000,1.13435,1.13431,1500000,1870000
2017-02-16 15:29:58.297000,1.13435,1.13432,1120000,3410000
2017-02-16 15:29:58.348000,1.13437,1.13435,1000000,2250000
2017-02-16 15:29:58.745000,1.13439,1.13436,5100000,1000000
2017-02-16 15:29:58.847000,1.13438,1.13436,1870000,1500000
2017-02-16 15:30:00.291000,1.13439,1.13436,2470000,1250000
2017-02-16 15:30:00.848000,1.13438,1.13436,1200000,1000000
2017-02-16 15:30:00.899000,1.13436,1.13434,2170000,1000000
2017-02-16 15:30:00.950000,1.13436,1.13434,3820000,1000000
2017-02-16 15:30:01.052000,1.13434,1.1343,1120000,4120000
2017-02-16 15:30:01.154000,1.13436,1.13433,4200000,1000000
2017-02-16 15:30:01.520000,1.13436,1.13434,1200000,3940000
2017-02-16 15:30:01.571000,1.13437,1.13436,1950000,1000000
2017-02-16 15:30:01.622000,1.13439,1.13438,1000000,1000000
2017-02-16 15:30:01.724000,1.13438,1.13436,1120000,1120000
2017-02-16 15:30:02.848000,1.13439,1.13437,5620000,1190000
2017-02-16 15:30:02.899000,1.13438,1.13436,1870000,1000000
2017-02-16 15:30:03.418000,1.13438,1.13435,1870000,1000000
2017-02-16 15:30:03.946000,1.1344,1.13436,1000000,3000000
2017-02-16 15:30:04.096000,1.13441,1.13438,5620000,1000000
2017-02-16 15:30:04.602000,1.13441,1.13437,3750000,1000000
2017-02-16 15:30:04.857000,1.13439,1.13435,4350000,1120000
2017-02-16 15:30:05.344000,1.1344,1.13437,1370000,1690000
2017-02-16 15:30:05.874000,1.13441,1.13438,1500000,1000000
2017-02-16 15:30:06.783000,1.13441,1.13438,1500000,3560000
2017-02-16 15:30:06.927000,1.13444,1.1344,1870000,2440000
2017-02-16 15:30:07.079000,1.13445,1.13442,3970000,1000000
2017-02-16 15:30:07.413000,1.13445,1.13441,1350000,1000000
2017-02-16 15:30:07.577000,1.13445,1.13441,1420000,1000000
2017-02-16 15:30:08.654000,1.13448,1.13442,8550000,1370000
2017-02-16 15:30:08.705000,1.13448,1.13444,5100000,1000000
2017-02-16 15:30:09.306000,1.13447,1.13445,2100000,1000000
2017-02-16 15:30:09.560000,1.13446,1.13444,1720000,1000000
2017-02-16 15:30:10.067000,1.13448,1.13443,3450000,4310000
2017-02-16 15:30:10.600000,1.13446,1.13443,1000000,1000000
2017-02-16 15:30:11.157000,1.13447,1.13444,3300000,1000000
2017-02-16 15:30:11.394000,1.13449,1.13444,4350000,1000000
2017-02-16 15:30:11.446000,1.13447,1.13445,2470000,1000000
2017-02-16 15:30:11.648000,1.13447,1.13444,2470000,1000000
2017-02-16 15:30:12.002000,1.13447,1.13446,1120000,1120000
2017-02-16 15:30:12.204000,1.13447,1.13444,1420000,1000000
2017-02-16 15:30:13.053000,1.13447,1.13443,2170000,1000000
2017-02-16 15:30:14.250000,1.13447,1.13444,1500000,1000000
2017-02-16 15:30:14.757000,1.13447,1.13443,5100000,3000000
2017-02-16 15:30:14.910000,1.13443,1.13442,2100000,1870000
2017-02-16 15:30:15.231000,1.13441,1.1344,1000000,1120000
2017-02-16 15:30:15.337000,1.13441,1.13439,1500000,1500000
2017-02-16 15:30:15.885000,1.13441,1.13438,1500000,1250000
2017-02-16 15:30:16.402000,1.13441,1.13439,1120000,1000000
2017-02-16 15:30:16.936000,1.13441,1.13438,1570000,1000000
2017-02-16 15:30:17.682000,1.13441,1.13438,4200000,1000000
2017-02-16 15:30:18.217000,1.1344,1.13437,1100000,1250000
2017-02-16 15:30:18.761000,1.1344,1.13438,1000000,3000000
2017-02-16 15:30:18.862000,1.13442,1.1344,4120000,1000000
2017-02-16 15:30:18.913000,1.13442,1.1344,1000000,1000000
2017-02-16 15:30:19.567000,1.13445,1.13441,1120000,1000000
2017-02-16 15:30:20.112000,1.13445,1.1344,1200000,1870000
2017-02-16 15:30:21.743000,1.13441,1.13439,4160000,1870000
2017-02-16 15:30:21.997000,1.13437,1.13433,1000000,1690000
2017-02-16 15:30:22.576000,1.13437,1.13432,1370000,5810000
2017-02-16 15:30:23.110000,1.13435,1.13432,1000000,2250000
2017-02-16 15:30:25.496000,1.13431,1.1343,1000000,3750000
2017-02-16 15:30:25.699000,1.13431,1.13428,1000000,1310000
2017-02-16 15:30:26.219000,1.13433,1.13428,1870000,2740000
2017-02-16 15:30:26.270000,1.13433,1.1343,1370000,2360000
2017-02-16 15:30:26.422000,1.13434,1.1343,1420000,2740000
2017-02-16 15:30:27.265000,1.13435,1.13431,1570000,2440000
2017-02-16 15:30:27.438000,1.13436,1.13433,1870000,1250000
2017-02-16 15:30:27.976000,1.13437,1.13435,1370000,1000000
2017-02-16 15:30:28.229000,1.1344,1.13436,3370000,1500000
2017-02-16 15:30:30.813000,1.13439,1.13435,1000000,3940000
2017-02-16 15:30:31.843000,1.13439,1.13435,3370000,2060000
2017-02-16 15:30:32.522000,1.13436,1.13435,4120000,1000000
2017-02-16 15:30:32.573000,1.13436,1.13433,4870000,3190000
2017-02-16 15:30:32.776000,1.13435,1.13431,1870000,1120000
2017-02-16 15:30:33.572000,1.13435,1.13431,1310000,1120000
2017-02-16 15:30:34.109000,1.13436,1.13431,4200000,1870000
2017-02-16 15:30:34.627000,1.13436,1.13433,3750000,1000000
2017-02-16 15:30:34.966000,1.13439,1.13435,2620000,3370000
2017-02-16 15:30:35.502000,1.13439,1.13436,3370000,1000000
2017-02-16 15:30:36.205000,1.13439,1.13435,3370000,3750000
2017-02-16 15:30:36.751000,1.13439,1.13436,3370000,1870000
2017-02-16 15:30:38.445000,1.13439,1.13437,3370000,1000000
2017-02-16 15:30:43.580000,1.13439,1.13436,1500000,1000000
2017-02-16 15:30:46.026000,1.13436,1.13435,1000000,1500000
2017-02-16 15:30:46.128000,1.13436,1.13433,1950000,1690000
2017-02-16 15:30:46.533000,1.13437,1.13436,1300000,1000000
2017-02-16 15:30:46.787000,1.13439,1.13436,1870000,1000000
2017-02-16 15:30:46.888000,1.13436,1.13435,2620000,1870000
2017-02-16 15:30:47.143000,1.13431,1.13429,1120000,1000000
2017-02-16 15:30:47.396000,1.13431,1.13427,2100000,1120000
2017-02-16 15:30:47.958000,1.13431,1.13427,3600000,1120000
2017-02-16 15:30:50.351000,1.13429,1.13427,1500000,1000000
2017-02-16 15:30:50.655000,1.13431,1.13427,5620000,1000000
2017-02-16 15:30:51.218000,1.13431,1.13429,1120000,1000000
2017-02-16 15:30:51.521000,1.13434,1.13431,1500000,1000000
2017-02-16 15:30:51.825000,1.13433,1.13429,2250000,1120000
2017-02-16 15:30:51.977000,1.13433,1.13429,3560000,1000000
2017-02-16 15:30:52.798000,1.13433,1.13428,4310000,3370000
2017-02-16 15:30:53.431000,1.13433,1.13428,4310000,1500000
2017-02-16 15:30:54.753000,1.1343,1.13428,1000000,1000000
2017-02-16 15:30:54.956000,1.13429,1.13425,4120000,1870000
2017-02-16 15:30:55.210000,1.13431,1.13427,5620000,3750000
2017-02-16 15:30:55.312000,1.13431,1.13428,2250000,1000000
2017-02-16 15:30:55.858000,1.13431,1.13429,2060000,2250000
2017-02-16 15:31:01.673000,1.13431,1.13428,1870000,3000000
2017-02-16 15:31:03.029000,1.13431,1.13429,1870000,2250000
2017-02-16 15:31:05.292000,1.13429,1.13428,1000000,3000000
2017-02-16 15:31:05.697000,1.13431,1.13429,1500000,2250000
2017-02-16 15:31:06.467000,1.13431,1.13429,1500000,2250000
2017-02-16 15:31:07.453000,1.13431,1.13429,1120000,3000000
2017-02-16 15:31:07.971000,1.13431,1.13428,2320000,2250000
2017-02-16 15:31:08.501000,1.13431,1.1343,1120000,2250000
2017-02-16 15:31:10.132000,1.13431,1.1343,1120000,3000000
2017-02-16 15:31:10.186000,1.13434,1.13433,1420000,2250000
2017-02-16 15:31:10.702000,1.13435,1.13433,1500000,2250000
2017-02-16 15:31:12.265000,1.13434,1.13432,1000000,2250000
2017-02-16 15:31:12.789000,1.13434,1.13432,1500000,2250000
2017-02-16 15:31:13.483000,1.13435,1.13433,3750000,2500000
2017-02-16 15:31:13.754000,1.1344,1.13438,2250000,2250000
2017-02-16 15:31:14.300000,1.13443,1.13442,1870000,1000000
2017-02-16 15:31:14.604000,1.13447,1.13444,2250000,2250000
2017-02-16 15:31:14.857000,1.13447,1.13446,1120000,2250000
2017-02-16 15:31:14.958000,1.13449,1.13447,2320000,2250000
2017-02-16 15:31:15.810000,1.1345,1.13449,1500000,2250000
2017-02-16 15:31:15.962000,1.13452,1.13449,4960000,2250000
2017-02-16 15:31:17.002000,1.13451,1.13449,1090000,2250000
2017-02-16 15:31:18.190000,1.13451,1.13448,1880000,3000000
2017-02-16 15:31:20.804000,1.13451,1.13447,4130000,3560000
2017-02-16 15:31:21.007000,1.13451,1.13448,1920000,2440000
2017-02-16 15:31:21.550000,1.13451,1.13448,1130000,4690000
2017-02-16 15:31:23.613000,1.1345,1.13449,1000000,1000000
2017-02-16 15:31:24.866000,1.1345,1.13448,1000000,3190000
2017-02-16 15:31:25.202000,1.13447,1.13445,4720000,3370000
2017-02-16 15:31:25.304000,1.13444,1.13443,1000000,3370000
2017-02-16 15:31:25.811000,1.13445,1.13442,2250000,3000000
2017-02-16 15:31:27.030000,1.13442,1.13441,1000000,3750000
2017-02-16 15:31:27.133000,1.13442,1.13439,1310000,3000000
2017-02-16 15:31:27.592000,1.13444,1.13441,1370000,2250000
2017-02-16 15:31:29.571000,1.13445,1.1344,8470000,3940000
2017-02-16 15:31:30.054000,1.13445,1.13442,2620000,3000000
2017-02-16 15:31:32.199000,1.13444,1.13442,3000000,3190000
2017-02-16 15:31:32.547000,1.13444,1.13441,3370000,3190000
2017-02-16 15:31:32.699000,1.13444,1.13441,4120000,2250000
2017-02-16 15:31:33.205000,1.13444,1.13441,4120000,2250000
2017-02-16 15:31:35.228000,1.13444,1.13441,1870000,4690000
2017-02-16 15:31:35.279000,1.13444,1.13443,1500000,1000000
2017-02-16 15:31:35.382000,1.13447,1.13443,2250000,3750000
2017-02-16 15:31:35.686000,1.13447,1.13445,1120000,2250000
2017-02-16 15:31:36.199000,1.13447,1.13444,1120000,3000000
2017-02-16 15:31:36.607000,1.13449,1.13446,1500000,2250000
2017-02-16 15:31:37.191000,1.13451,1.13447,10480000,3000000
2017-02-16 15:31:38.124000,1.13451,1.13448,4260000,1690000
2017-02-16 15:31:38.226000,1.13453,1.1345,1500000,3940000
2017-02-16 15:31:39.209000,1.13453,1.1345,1000000,3940000
2017-02-16 15:31:39.634000,1.13455,1.13452,1500000,2250000
2017-02-16 15:31:40.364000,1.13453,1.13451,3750000,1000000
2017-02-16 15:31:40.903000,1.13453,1.13451,1370000,2250000
2017-02-16 15:31:41.423000,1.13454,1.13451,4870000,2250000
2017-02-16 15:31:41.777000,1.13451,1.1345,1120000,3000000
2017-02-16 15:31:42.160000,1.13454,1.13451,1870000,2250000
2017-02-16 15:31:42.663000,1.13455,1.13452,1870000,3000000
2017-02-16 15:31:42.917000,1.13457,1.13455,1490000,1000000
2017-02-16 15:31:43.071000,1.1346,1.13455,8190000,3940000
2017-02-16 15:31:43.378000,1.13455,1.13454,1720000,5620000
2017-02-16 15:31:43.698000,1.13446,1.13445,1120000,5620000
2017-02-16 15:31:43.800000,1.13447,1.13446,2940000,3750000
2017-02-16 15:31:43.901000,1.13447,1.13444,3090000,3000000
2017-02-16 15:31:44.408000,1.13446,1.13443,2620000,2250000
2017-02-16 15:31:44.951000,1.13445,1.13443,1000000,2250000
2017-02-16 15:31:45.391000,1.13447,1.13444,1120000,1250000
2017-02-16 15:31:45.897000,1.13446,1.13443,2620000,2250000
2017-02-16 15:31:46.429000,1.13445,1.13443,1000000,2250000
2017-02-16 15:31:46.727000,1.13447,1.13444,1590000,1250000
2017-02-16 15:31:46.980000,1.1345,1.13446,6390000,2250000
2017-02-16 15:31:48.151000,1.1345,1.13449,2250000,1250000
2017-02-16 15:31:48.202000,1.13452,1.1345,1500000,2250000
2017-02-16 15:31:48.253000,1.13453,1.1345,3000000,2250000
2017-02-16 15:31:48.455000,1.13457,1.13452,3090000,2250000
2017-02-16 15:31:48.861000,1.13454,1.13452,1060000,2250000
2017-02-16 15:31:49.244000,1.13454,1.1345,2710000,3940000
2017-02-16 15:31:49.399000,1.13454,1.13452,1500000,2250000
2017-02-16 15:31:49.450000,1.13456,1.13452,6000000,2250000
2017-02-16 15:31:49.602000,1.13455,1.13454,1000000,1250000
2017-02-16 15:31:49.653000,1.13454,1.13452,1870000,2250000
2017-02-16 15:31:49.704000,1.13452,1.13451,2470000,2250000
2017-02-16 15:31:49.856000,1.13451,1.13448,2940000,2250000
2017-02-16 15:31:50.414000,1.1345,1.13448,1000000,2250000
2017-02-16 15:31:50.801000,1.13448,1.13446,5100000,4500000
2017-02-16 15:31:50.954000,1.13446,1.13444,2250000,2250000
2017-02-16 15:31:51.867000,1.13446,1.13445,1120000,2250000
2017-02-16 15:31:52.219000,1.13445,1.13442,1120000,2620000
2017-02-16 15:31:52.636000,1.13443,1.13442,1000000,2250000
2017-02-16 15:31:52.892000,1.13443,1.1344,1870000,2250000
2017-02-16 15:31:53.649000,1.13445,1.13443,1120000,4690000
2017-02-16 15:31:53.708000,1.13445,1.13443,1370000,2250000
2017-02-16 15:31:54.215000,1.13445,1.13442,1870000,2250000
2017-02-16 15:31:54.759000,1.13444,1.13442,1000000,2250000
2017-02-16 15:31:55.297000,1.13443,1.13441,1150000,2250000
2017-02-16 15:32:00.509000,1.13445,1.13442,6000000,2250000
2017-02-16 15:32:00.610000,1.13445,1.13442,1120000,4690000
2017-02-16 15:32:01.488000,1.13445,1.13443,1000000,2250000
2017-02-16 15:32:03.321000,1.13444,1.13443,1000000,2250000
2017-02-16 15:32:03.834000,1.13445,1.13442,5360000,2250000
2017-02-16 15:32:04.719000,1.13444,1.13441,1610000,2440000
2017-02-16 15:32:05.311000,1.13444,1.13441,4610000,2440000
2017-02-16 15:32:06.290000,1.13442,1.1344,2100000,2620000
2017-02-16 15:32:06.341000,1.1344,1.13439,4160000,1120000
2017-02-16 15:32:06.493000,1.13438,1.13436,1120000,3750000
2017-02-16 15:32:06.595000,1.13435,1.13434,1120000,4120000
2017-02-16 15:32:06.697000,1.13433,1.13432,1000000,3000000
2017-02-16 15:32:07.238000,1.13434,1.13432,1150000,2250000
2017-02-16 15:32:08.088000,1.13433,1.13431,1000000,1310000
2017-02-16 15:32:08.190000,1.13433,1.13429,1120000,3560000
2017-02-16 15:32:09.026000,1.13434,1.1343,4540000,1000000
2017-02-16 15:32:09.128000,1.13434,1.13432,2250000,1250000
2017-02-16 15:32:09.179000,1.13435,1.13432,1170000,1250000
2017-02-16 15:32:09.736000,1.13436,1.13433,1190000,1000000
2017-02-16 15:32:09.786000,1.13436,1.13433,1210000,1190000
2017-02-16 15:32:09.939000,1.13439,1.13435,4920000,3750000
2017-02-16 15:32:10.141000,1.1344,1.13437,3640000,1250000
2017-02-16 15:32:10.318000,1.13439,1.13435,1190000,4310000
2017-02-16 15:32:10.993000,1.13439,1.13437,1190000,1000000
2017-02-16 15:32:11.044000,1.13441,1.13437,4170000,1000000
2017-02-16 15:32:11.552000,1.13441,1.13436,2780000,1500000
2017-02-16 15:32:12.081000,1.13441,1.13437,2670000,1250000
2017-02-16 15:32:12.608000,1.13441,1.13437,3910000,1250000
2017-02-16 15:32:13.526000,1.13441,1.13437,3420000,1690000
2017-02-16 15:32:14.183000,1.1344,1.13437,1610000,1250000
2017-02-16 15:32:14.699000,1.1344,1.13437,5520000,1250000
2017-02-16 15:32:15.484000,1.13441,1.13439,9160000,1000000
2017-02-16 15:32:15.636000,1.13442,1.13441,1000000,1000000
2017-02-16 15:32:15.688000,1.13446,1.13443,1540000,1000000
2017-02-16 15:32:15.925000,1.13449,1.13444,2890000,1000000
2017-02-16 15:32:16.229000,1.13447,1.13444,3370000,2440000
2017-02-16 15:32:16.381000,1.13446,1.13442,1040000,3370000
2017-02-16 15:32:16.432000,1.13446,1.13441,1170000,6790000
2017-02-16 15:32:16.961000,1.13446,1.13441,2030000,2060000
2017-02-16 15:32:17.825000,1.13445,1.13442,1610000,2250000
2017-02-16 15:32:18.028000,1.13444,1.1344,1870000,1120000
2017-02-16 15:32:18.230000,1.13441,1.13439,1120000,6370000
2017-02-16 15:32:18.434000,1.1344,1.13436,1000000,1500000
2017-02-16 15:32:18.799000,1.13439,1.13435,1500000,1500000
2017-02-16 15:32:19.357000,1.13441,1.13437,2410000,1000000
2017-02-16 15:32:19.459000,1.13441,1.13437,2670000,1000000
2017-02-16 15:32:19.611000,1.1344,1.13435,4270000,5250000
2017-02-16 15:32:20.117000,1.13439,1.13436,1270000,1250000
2017-02-16 15:32:20.554000,1.13441,1.13436,3420000,1250000
2017-02-16 15:32:20.756000,1.1344,1.13437,7650000,1190000
2017-02-16 15:32:20.858000,1.13438,1.13435,1000000,1250000
2017-02-16 15:32:20.909000,1.13438,1.13437,1870000,1250000
2017-02-16 15:32:20.960000,1.13437,1.13434,2620000,1690000
2017-02-16 15:32:21.213000,1.13439,1.13437,1500000,2290000
2017-02-16 15:32:21.264000,1.13441,1.13437,1500000,2660000
2017-02-16 15:32:21.315000,1.13439,1.13437,2250000,3790000
2017-02-16 15:32:21.572000,1.13443,1.13438,3570000,1250000
2017-02-16 15:32:21.724000,1.13443,1.13437,4170000,6190000
2017-02-16 15:32:22.221000,1.13441,1.13437,2620000,2810000
2017-02-16 15:32:22.322000,1.1344,1.13435,1000000,4690000
2017-02-16 15:32:22.827000,1.1344,1.13435,1650000,2250000
2017-02-16 15:32:23.163000,1.13441,1.13436,4170000,1120000
2017-02-16 15:32:23.410000,1.13443,1.13439,3940000,1000000
2017-02-16 15:32:23.461000,1.13443,1.13439,3040000,1000000
2017-02-16 15:32:23.621000,1.13443,1.13441,1170000,1500000
2017-02-16 15:32:23.891000,1.13449,1.13444,2290000,1000000
2017-02-16 15:32:24.250000,1.13448,1.13444,5670000,3560000
2017-02-16 15:32:24.542000,1.13447,1.13442,4690000,1870000
2017-02-16 15:32:25.358000,1.13447,1.13444,3520000,1250000
2017-02-16 15:32:25.864000,1.13448,1.13443,2290000,2060000
2017-02-16 15:32:26.256000,1.13446,1.13442,2520000,2620000
2017-02-16 15:32:26.764000,1.13446,1.13441,3040000,2810000
2017-02-16 15:32:27.232000,1.13446,1.13441,1540000,3750000
2017-02-16 15:32:27.723000,1.13449,1.13445,1920000,1000000
2017-02-16 15:32:28.130000,1.13447,1.13443,2850000,3370000
2017-02-16 15:32:28.181000,1.13446,1.13443,1540000,1120000
2017-02-16 15:32:28.688000,1.13447,1.13443,4960000,1000000
2017-02-16 15:32:29.573000,1.13448,1.13444,1870000,1000000
2017-02-16 15:32:30.184000,1.13447,1.13443,4810000,1120000
2017-02-16 15:32:31.331000,1.13446,1.13443,1270000,1120000
2017-02-16 15:32:32.041000,1.13446,1.13443,6000000,1000000
2017-02-16 15:32:32.093000,1.13445,1.13441,4120000,2060000
2017-02-16 15:32:32.604000,1.13442,1.1344,1500000,3940000
2017-02-16 15:32:32.766000,1.13438,1.13435,2250000,3750000
2017-02-16 15:32:32.868000,1.13435,1.13434,1000000,1310000
2017-02-16 15:32:33.122000,1.13431,1.13428,4120000,2440000
2017-02-16 15:32:33.821000,1.13431,1.13427,3150000,1420000
2017-02-16 15:32:35.075000,1.13431,1.13428,2740000,1790000
2017-02-16 15:32:35.177000,1.13433,1.13431,2250000,1540000
2017-02-16 15:32:35.330000,1.13433,1.13429,2620000,1690000
2017-02-16 15:32:35.874000,1.13431,1.13428,1120000,2520000
2017-02-16 15:32:36.449000,1.13432,1.1343,3110000,1290000
2017-02-16 15:32:36.753000,1.13433,1.1343,1870000,1580000
2017-02-16 15:32:37.107000,1.13433,1.13432,1000000,1310000
2017-02-16 15:32:37.208000,1.13435,1.13433,1120000,1110000
2017-02-16 15:32:37.667000,1.13434,1.13432,1000000,1080000
2017-02-16 15:32:37.718000,1.13435,1.1343,7500000,1500000
2017-02-16 15:32:38.234000,1.13433,1.13429,1870000,1690000
2017-02-16 15:32:38.594000,1.13435,1.13434,1000000,1000000
2017-02-16 15:32:38.646000,1.13435,1.13431,1370000,5060000
2017-02-16 15:32:39.145000,1.13433,1.1343,3600000,3000000
2017-02-16 15:32:39.449000,1.13426,1.13423,1120000,1370000
2017-02-16 15:32:39.703000,1.13427,1.13422,5250000,2510000
2017-02-16 15:32:39.755000,1.13426,1.13423,1120000,1000000
2017-02-16 15:32:40.059000,1.13426,1.13423,1120000,1690000
2017-02-16 15:32:40.110000,1.13426,1.13423,1120000,1000000
2017-02-16 15:32:41.781000,1.13427,1.13423,1990000,1500000
2017-02-16 15:32:42.797000,1.13428,1.13426,1990000,3440000
2017-02-16 15:32:42.900000,1.1343,1.13428,2620000,1000000
2017-02-16 15:32:43.003000,1.13433,1.13428,5850000,1500000
2017-02-16 15:32:43.513000,1.13434,1.13429,3750000,1250000
2017-02-16 15:32:43.897000,1.13434,1.1343,2620000,1690000
2017-02-16 15:32:43.948000,1.13435,1.1343,2250000,3560000
2017-02-16 15:32:44.455000,1.13436,1.13431,4950000,2440000
2017-02-16 15:32:45.206000,1.13435,1.1343,3000000,1690000
2017-02-16 15:32:47.057000,1.13434,1.1343,2100000,1310000
2017-02-16 15:32:47.263000,1.13436,1.13432,1870000,1000000
2017-02-16 15:32:47.809000,1.13437,1.13432,4350000,1250000
2017-02-16 15:32:48.565000,1.13437,1.13434,1000000,4910000
2017-02-16 15:32:48.818000,1.13441,1.13437,2250000,1690000
2017-02-16 15:32:49.320000,1.13441,1.13436,1130000,3940000
2017-02-16 15:32:50.092000,1.13439,1.13436,1000000,1870000
2017-02-16 15:32:50.297000,1.13438,1.13433,4500000,1870000
2017-02-16 15:32:52.933000,1.13435,1.13432,1870000,3190000
2017-02-16 15:32:53.249000,1.13428,1.13426,1000000,1000000
2017-02-16 15:32:53.504000,1.13428,1.13423,3750000,1310000
2017-02-16 15:32:53.661000,1.13428,1.13427,3750000,1500000
2017-02-16 15:32:53.780000,1.13431,1.13429,1120000,1000000
2017-02-16 15:32:54.066000,1.13434,1.1343,5250000,1000000
2017-02-16 15:32:54.632000,1.13435,1.1343,2250000,1870000
2017-02-16 15:32:54.784000,1.13436,1.13432,3370000,1120000
2017-02-16 15:32:55.644000,1.13437,1.13435,2250000,1190000
2017-02-16 15:32:55.746000,1.13438,1.13436,1990000,1250000
2017-02-16 15:32:56.353000,1.13438,1.13435,1240000,1690000
2017-02-16 15:32:57.229000,1.13438,1.13436,1240000,1000000
2017-02-16 15:32:57.381000,1.13437,1.13434,1240000,1690000
2017-02-16 15:32:57.888000,1.13437,1.13434,1610000,1500000
2017-02-16 15:32:58.930000,1.13437,1.13433,1610000,2250000
2017-02-16 15:32:59.688000,1.13436,1.13433,1240000,1690000
2017-02-16 15:32:59.891000,1.13436,1.13432,1240000,1300000
2017-02-16 15:33:02.250000,1.13434,1.13431,2250000,2810000
2017-02-16 15:33:02.587000,1.13422,1.13421,3750000,1000000
2017-02-16 15:33:02.738000,1.13423,1.1342,2250000,3750000
2017-02-16 15:33:02.840000,1.1342,1.13419,1500000,3000000
2017-02-16 15:33:02.941000,1.13418,1.13415,1750000,12750000
2017-02-16 15:33:03.043000,1.13416,1.13414,1000000,3600000
2017-02-16 15:33:03.195000,1.13416,1.13412,1750000,1000000
2017-02-16 15:33:03.297000,1.13411,1.13409,2500000,7870000
2017-02-16 15:33:03.506000,1.13411,1.13405,2620000,2500000
2017-02-16 15:33:03.662000,1.134,1.13397,4120000,2250000
2017-02-16 15:33:03.933000,1.13401,1.13397,1500000,1120000
2017-02-16 15:33:04.516000,1.13401,1.13396,1500000,4690000
2017-02-16 15:33:04.617000,1.13399,1.13395,1870000,1990000
2017-02-16 15:33:04.719000,1.13397,1.13395,1000000,1000000
2017-02-16 15:33:04.972000,1.13399,1.13398,3370000,1250000
2017-02-16 15:33:05.074000,1.13405,1.13403,1000000,1000000
2017-02-16 15:33:05.176000,1.13406,1.13401,1570000,1500000
2017-02-16 15:33:05.277000,1.13404,1.13403,1120000,1500000
2017-02-16 15:33:05.639000,1.13406,1.13403,1000000,1500000
2017-02-16 15:33:05.947000,1.13408,1.13405,6220000,1000000
2017-02-16 15:33:06.308000,1.13409,1.13407,5850000,2500000
2017-02-16 15:33:06.644000,1.1341,1.13407,1000000,1870000
2017-02-16 15:33:06.851000,1.13406,1.13405,1120000,3000000
2017-02-16 15:33:06.902000,1.13406,1.13405,1120000,5250000
2017-02-16 15:33:06.953000,1.13406,1.13403,1870000,1000000
2017-02-16 15:33:07.514000,1.13406,1.13404,1120000,1000000
2017-02-16 15:33:07.970000,1.13405,1.13403,2290000,6000000
2017-02-16 15:33:08.152000,1.13401,1.13398,1000000,1870000
2017-02-16 15:33:08.664000,1.134,1.13398,1000000,1000000
2017-02-16 15:33:09.204000,1.13399,1.13397,1000000,2740000
2017-02-16 15:33:09.408000,1.13403,1.13401,5620000,2500000
2017-02-16 15:33:09.459000,1.13403,1.13402,1120000,1500000
2017-02-16 15:33:09.639000,1.13406,1.13402,1120000,2250000
2017-02-16 15:33:09.740000,1.13403,1.13402,1120000,1000000
2017-02-16 15:33:10.044000,1.134,1.13398,1000000,2250000
2017-02-16 15:33:10.097000,1.13399,1.13397,1000000,3370000
2017-02-16 15:33:10.502000,1.13401,1.13397,1500000,6590000
2017-02-16 15:33:10.940000,1.13393,1.13391,1120000,3000000
2017-02-16 15:33:10.992000,1.13393,1.1339,1870000,1120000
2017-02-16 15:33:11.552000,1.13392,1.1339,2850000,1120000
2017-02-16 15:33:11.805000,1.13386,1.13384,1120000,1500000
2017-02-16 15:33:12.602000,1.13387,1.13383,1500000,2250000
2017-02-16 15:33:13.010000,1.13384,1.13383,1000000,1000000
2017-02-16 15:33:13.575000,1.13383,1.13382,1500000,1000000
2017-02-16 15:33:13.628000,1.13381,1.13378,1870000,1120000
2017-02-16 15:33:13.730000,1.13378,1.13376,1570000,5620000
2017-02-16 15:33:13.883000,1.13376,1.13373,2060000,2250000
2017-02-16 15:33:13.984000,1.13377,1.13375,9370000,2500000
2017-02-16 15:33:14.036000,1.13377,1.13376,4500000,1500000
2017-02-16 15:33:14.521000,1.13379,1.13374,7310000,1000000
2017-02-16 15:33:14.724000,1.13377,1.13373,5060000,1500000
2017-02-16 15:33:15.028000,1.13377,1.13376,1500000,1500000
2017-02-16 15:33:15.180000,1.13376,1.13372,3000000,4870000
2017-02-16 15:33:15.413000,1.13377,1.13375,2250000,3250000
2017-02-16 15:33:15.464000,1.13378,1.13377,1870000,1000000
2017-02-16 15:33:15.920000,1.13377,1.13375,2810000,1500000
2017-02-16 15:33:16.393000,1.13379,1.13377,2620000,1000000
2017-02-16 15:33:16.710000,1.13374,1.13373,1000000,3370000
2017-02-16 15:33:17.015000,1.13367,1.13364,3190000,2250000
2017-02-16 15:33:17.270000,1.13364,1.13362,1620000,1500000
2017-02-16 15:33:17.384000,1.13364,1.13359,2060000,3070000
2017-02-16 15:33:17.767000,1.13364,1.13363,1500000,1000000
2017-02-16 15:33:18.122000,1.13362,1.13359,1250000,1110000
2017-02-16 15:33:18.478000,1.13364,1.13361,5440000,2500000
2017-02-16 15:33:18.580000,1.13364,1.13363,1870000,1000000
2017-02-16 15:33:18.967000,1.13364,1.13361,1370000,1200000
2017-02-16 15:33:19.018000,1.13364,1.13363,1120000,1000000
2017-02-16 15:33:19.122000,1.13365,1.13364,1000000,1000000
2017-02-16 15:33:19.224000,1.13364,1.13361,4500000,2620000
2017-02-16 15:33:19.376000,1.13364,1.13363,1000000,1000000
2017-02-16 15:33:19.529000,1.13366,1.13364,1000000,1000000
2017-02-16 15:33:19.833000,1.13365,1.13364,1250000,1000000
2017-02-16 15:33:20.009000,1.1336,1.13358,1870000,2250000
2017-02-16 15:33:20.178000,1.13364,1.13362,10500000,3000000
2017-02-16 15:33:20.280000,1.13365,1.13363,1370000,2250000
2017-02-16 15:33:20.381000,1.13371,1.13369,7500000,2500000
2017-02-16 15:33:20.432000,1.13367,1.13366,1000000,3600000
2017-02-16 15:33:20.484000,1.13369,1.13366,1690000,1120000
2017-02-16 15:33:20.838000,1.13368,1.13364,2250000,2250000
2017-02-16 15:33:21.271000,1.13368,1.13364,2440000,2250000
2017-02-16 15:33:21.525000,1.13369,1.13365,3370000,2250000
2017-02-16 15:33:22.032000,1.13368,1.13364,1250000,3750000
2017-02-16 15:33:22.341000,1.13368,1.13366,1250000,2850000
2017-02-16 15:33:22.680000,1.13375,1.1337,2440000,2620000
2017-02-16 15:33:23.209000,1.13375,1.1337,3190000,3000000
2017-02-16 15:33:23.863000,1.13372,1.13366,3940000,9750000
2017-02-16 15:33:23.914000,1.13372,1.13366,5810000,5620000
2017-02-16 15:33:24.420000,1.1337,1.13366,1000000,2620000
2017-02-16 15:33:24.521000,1.13368,1.13366,1250000,3370000
2017-02-16 15:33:24.645000,1.1337,1.13366,1690000,3370000
2017-02-16 15:33:25.253000,1.1337,1.13367,1250000,1120000
2017-02-16 15:33:25.307000,1.13372,1.13369,2060000,1000000
2017-02-16 15:33:25.819000,1.13372,1.13367,1690000,5250000
2017-02-16 15:33:26.492000,1.13371,1.13367,1910000,3820000
2017-02-16 15:33:26.825000,1.13371,1.13369,12730000,2500000
2017-02-16 15:33:26.876000,1.13374,1.13371,2250000,1870000
2017-02-16 15:33:26.927000,1.13374,1.13371,1870000,1870000
2017-02-16 15:33:27.231000,1.13376,1.13371,7690000,2620000
2017-02-16 15:33:27.434000,1.13373,1.1337,1250000,6750000
2017-02-16 15:33:27.485000,1.13375,1.1337,3410000,6750000
2017-02-16 15:33:27.536000,1.13375,1.13371,4310000,1500000
2017-02-16 15:33:27.878000,1.13375,1.13372,1500000,1870000
2017-02-16 15:33:27.929000,1.13376,1.13374,1250000,1250000
2017-02-16 15:33:28.479000,1.13376,1.13373,1250000,2250000
2017-02-16 15:33:28.917000,1.13378,1.13375,4990000,1000000
2017-02-16 15:33:29.431000,1.13376,1.13372,2290000,1010000
2017-02-16 15:33:29.533000,1.13376,1.13371,4160000,1870000
2017-02-16 15:33:30.054000,1.13376,1.13372,2660000,1120000
2017-02-16 15:33:30.156000,1.13373,1.13371,1250000,2620000
2017-02-16 15:33:30.359000,1.13372,1.13369,1250000,1870000
2017-02-16 15:33:30.813000,1.13374,1.1337,2060000,2620000
2017-02-16 15:33:31.182000,1.13372,1.1337,1190000,1120000
2017-02-16 15:33:31.334000,1.13372,1.13368,1190000,2590000
2017-02-16 15:33:31.487000,1.13374,1.13369,5440000,1500000
2017-02-16 15:33:31.640000,1.13374,1.13372,1500000,1000000
2017-02-16 15:33:31.893000,1.13375,1.1337,2060000,2210000
2017-02-16 15:33:32.361000,1.13371,1.1337,1250000,1870000
2017-02-16 15:33:32.665000,1.13367,1.13364,1310000,3940000
2017-02-16 15:33:33.171000,1.13367,1.13366,1310000,1120000
2017-02-16 15:33:33.544000,1.13367,1.13363,1310000,6000000
2017-02-16 15:33:35.010000,1.13367,1.13363,1310000,4120000
2017-02-16 15:33:35.516000,1.13367,1.13363,1310000,4500000
2017-02-16 15:33:36.052000,1.13369,1.13366,1750000,1000000
2017-02-16 15:33:36.103000,1.13369,1.13366,1000000,1120000
2017-02-16 15:33:36.459000,1.1337,1.13364,2440000,1870000
2017-02-16 15:33:36.983000,1.1337,1.13365,4690000,1500000
2017-02-16 15:33:37.507000,1.13369,1.13364,1500000,1500000
2017-02-16 15:33:37.914000,1.13368,1.13364,1190000,1870000
2017-02-16 15:33:38.168000,1.1337,1.13364,3370000,2620000
2017-02-16 15:33:38.904000,1.13368,1.13364,1250000,1870000
2017-02-16 15:33:39.132000,1.13369,1.13366,1000000,2060000
2017-02-16 15:33:39.436000,1.1337,1.13364,2290000,2620000
2017-02-16 15:33:41.523000,1.13371,1.13365,4160000,1500000
2017-02-16 15:33:42.029000,1.13371,1.13366,3940000,4500000
2017-02-16 15:33:42.169000,1.13371,1.13367,2060000,1870000
2017-02-16 15:33:43.399000,1.13372,1.13369,1370000,1500000
2017-02-16 15:33:43.950000,1.13372,1.13368,2060000,2620000
2017-02-16 15:33:44.666000,1.13372,1.13369,1370000,1000000
2017-02-16 15:33:45.233000,1.13373,1.13369,1690000,3000000
2017-02-16 15:33:46.654000,1.13373,1.13371,1310000,1000000
2017-02-16 15:33:47.953000,1.13375,1.13372,1870000,1000000
2017-02-16 15:33:48.107000,1.13377,1.13374,4870000,1500000
2017-02-16 15:33:49.064000,1.13378,1.13375,3560000,1000000
2017-02-16 15:33:49.579000,1.13378,1.13374,1310000,1870000
2017-02-16 15:33:50.884000,1.13377,1.13373,3410000,1500000
2017-02-16 15:33:51.250000,1.13378,1.13374,1520000,1250000
2017-02-16 15:33:51.300000,1.13378,1.13374,1000000,2060000
2017-02-16 15:33:51.402000,1.1338,1.13376,1950000,1250000
2017-02-16 15:33:51.554000,1.13381,1.13378,6000000,1190000
2017-02-16 15:33:51.605000,1.1338,1.13376,1000000,2440000
2017-02-16 15:33:51.656000,1.13378,1.13376,2100000,1000000
2017-02-16 15:33:52.161000,1.13378,1.13374,1000000,1370000
2017-02-16 15:33:52.679000,1.13378,1.13373,2620000,1690000
2017-02-16 15:33:52.831000,1.13379,1.13375,2620000,1870000
2017-02-16 15:33:53.239000,1.13378,1.13375,1500000,2250000
2017-02-16 15:33:53.829000,1.13378,1.13374,1500000,2060000
2017-02-16 15:33:55.433000,1.13378,1.13374,1500000,1500000
2017-02-16 15:33:56.889000,1.13378,1.13374,1370000,1000000
2017-02-16 15:33:57.266000,1.13378,1.13375,1000000,1690000
2017-02-16 15:33:57.631000,1.13378,1.13374,1000000,2320000
2017-02-16 15:33:58.317000,1.13379,1.13375,1870000,1000000
2017-02-16 15:33:58.368000,1.13379,1.13376,1870000,1190000
2017-02-16 15:33:58.470000,1.1338,1.13377,1800000,1310000
2017-02-16 15:33:58.521000,1.13382,1.13378,2440000,1370000
2017-02-16 15:33:58.673000,1.13383,1.1338,2620000,1250000
2017-02-16 15:33:59.256000,1.13381,1.1338,1000000,1000000
2017-02-16 15:33:59.358000,1.13381,1.13378,1120000,1250000
2017-02-16 15:33:59.944000,1.13382,1.13378,1000000,1000000
2017-02-16 15:34:00.147000,1.13384,1.1338,4120000,1000000
2017-02-16 15:34:00.349000,1.13383,1.13378,2870000,2440000
2017-02-16 15:34:00.451000,1.13383,1.1338,3250000,1000000
2017-02-16 15:34:00.784000,1.13384,1.13379,2620000,2620000
2017-02-16 15:34:01.048000,1.13381,1.1338,2250000,1000000
2017-02-16 15:34:01.201000,1.13381,1.13378,2250000,3750000
2017-02-16 15:34:01.253000,1.13381,1.1338,2250000,1000000
2017-02-16 15:34:01.560000,1.13384,1.13382,1120000,1000000
2017-02-16 15:34:01.661000,1.13385,1.13383,1120000,2440000
2017-02-16 15:34:01.815000,1.13388,1.13384,1120000,2060000
2017-02-16 15:34:02.353000,1.1339,1.13386,1370000,3600000
2017-02-16 15:34:02.405000,1.1339,1.13387,1120000,1750000
2017-02-16 15:34:02.711000,1.13388,1.13385,3970000,3750000
2017-02-16 15:34:02.763000,1.13387,1.13383,1000000,2250000
2017-02-16 15:34:02.919000,1.13387,1.13385,1000000,1000000
2017-02-16 15:34:03.084000,1.1339,1.13386,3750000,1560000
2017-02-16 15:34:03.204000,1.13391,1.13388,2620000,1190000
2017-02-16 15:34:03.519000,1.13396,1.13392,1500000,3000000
2017-02-16 15:34:03.710000,1.13396,1.13393,1120000,1120000
2017-02-16 15:34:03.811000,1.13398,1.13394,3750000,1500000
2017-02-16 15:34:03.978000,1.13398,1.13396,1000000,2250000
2017-02-16 15:34:04.231000,1.13397,1.13394,1500000,1120000
2017-02-16 15:34:04.524000,1.13398,1.13397,1120000,1120000
2017-02-16 15:34:04.829000,1.13403,1.13399,1190000,3750000
2017-02-16 15:34:05.136000,1.13402,1.13401,2250000,1000000
2017-02-16 15:34:05.491000,1.13405,1.13402,2850000,1000000
2017-02-16 15:34:05.678000,1.13405,1.13404,1500000,1000000
2017-02-16 15:34:05.985000,1.13412,1.13411,1000000,1500000
2017-02-16 15:34:06.238000,1.13417,1.13413,1000000,3750000
2017-02-16 15:34:06.863000,1.13413,1.13412,1000000,3820000
2017-02-16 15:34:06.965000,1.13411,1.1341,1000000,3370000
2017-02-16 15:34:07.066000,1.13409,1.13408,1500000,2310000
2017-02-16 15:34:07.168000,1.13408,1.13406,1000000,3000000
2017-02-16 15:34:07.426000,1.1341,1.13406,3750000,7120000
2017-02-16 15:34:07.527000,1.13409,1.13405,1000000,6000000
2017-02-16 15:34:08.054000,1.13409,1.13406,1500000,2250000
2017-02-16 15:34:08.460000,1.13408,1.13403,3370000,3370000
2017-02-16 15:34:08.511000,1.13408,1.13405,4500000,2250000
2017-02-16 15:34:09.429000,1.13406,1.13404,1870000,2250000
2017-02-16 15:34:09.532000,1.13404,1.13401,1500000,3000000
2017-02-16 15:34:09.736000,1.13404,1.13402,1870000,1190000
2017-02-16 15:34:09.838000,1.13404,1.13401,1500000,2250000
2017-02-16 15:34:10.043000,1.13405,1.13401,1000000,3190000
2017-02-16 15:34:10.094000,1.13405,1.13401,1120000,2250000
2017-02-16 15:34:10.622000,1.13404,1.13401,1000000,2440000
2017-02-16 15:34:11.098000,1.13406,1.13403,1500000,2440000
2017-02-16 15:34:11.250000,1.13408,1.13403,1610000,2440000
2017-02-16 15:34:11.301000,1.13406,1.13403,1000000,2810000
2017-02-16 15:34:11.656000,1.13408,1.13403,3370000,6410000
2017-02-16 15:34:11.707000,1.13409,1.13404,3460000,3560000
2017-02-16 15:34:12.203000,1.13409,1.13408,2620000,1000000
2017-02-16 15:34:12.305000,1.13411,1.13407,1590000,2250000
2017-02-16 15:34:12.357000,1.13412,1.13408,1960000,3190000
2017-02-16 15:34:12.762000,1.13409,1.13408,1000000,4870000
2017-02-16 15:34:13.015000,1.13408,1.13404,5710000,2250000
2017-02-16 15:34:13.548000,1.13406,1.13403,1120000,2250000
2017-02-16 15:34:13.649000,1.13407,1.13405,1000000,3940000
2017-02-16 15:34:13.700000,1.1341,1.13406,2340000,2810000
2017-02-16 15:34:14.411000,1.13411,1.13408,10930000,1190000
2017-02-16 15:34:14.512000,1.13411,1.13406,10180000,3750000
2017-02-16 15:34:14.764000,1.13411,1.13409,3710000,2620000
2017-02-16 15:34:14.817000,1.13413,1.13411,1000000,2620000
2017-02-16 15:34:15.324000,1.13415,1.13412,1200000,2250000
2017-02-16 15:34:15.844000,1.13415,1.13411,1200000,2810000
2017-02-16 15:34:16.532000,1.13413,1.1341,3090000,5250000
2017-02-16 15:34:16.584000,1.13413,1.13409,5710000,3750000
2017-02-16 15:34:17.141000,1.13411,1.13408,6690000,5620000
2017-02-16 15:34:17.243000,1.1341,1.13406,1120000,4120000
2017-02-16 15:34:17.772000,1.13409,1.13407,1120000,2250000
2017-02-16 15:34:18.076000,1.13411,1.13407,1120000,2250000
2017-02-16 15:34:18.583000,1.13412,1.13408,3200000,2620000
2017-02-16 15:34:19.241000,1.13412,1.13408,2080000,2620000
2017-02-16 15:34:19.747000,1.13411,1.13408,1270000,3750000
2017-02-16 15:34:20.298000,1.13412,1.13409,1330000,2620000
2017-02-16 15:34:21.070000,1.13414,1.13413,3490000,1000000
2017-02-16 15:34:21.273000,1.13418,1.13413,2620000,3000000
2017-02-16 15:34:21.951000,1.13418,1.13413,2740000,2440000
2017-02-16 15:34:22.386000,1.13418,1.13414,1500000,1870000
2017-02-16 15:34:22.894000,1.13421,1.13415,3710000,3000000
2017-02-16 15:34:23.563000,1.13423,1.13422,13120000,1250000
2017-02-16 15:34:23.818000,1.13432,1.13429,1000000,1540000
2017-02-16 15:34:23.870000,1.13434,1.13429,3370000,3390000
2017-02-16 15:34:24.128000,1.13434,1.13431,1120000,2500000
2017-02-16 15:34:24.512000,1.13434,1.13433,1000000,1000000
2017-02-16 15:34:24.562000,1.13434,1.13432,1120000,1000000
2017-02-16 15:34:25.069000,1.13433,1.13431,1000000,1000000
2017-02-16 15:34:25.120000,1.1343,1.13428,3970000,2620000
2017-02-16 15:34:25.367000,1.13428,1.13427,1500000,5620000
2017-02-16 15:34:25.419000,1.13427,1.13425,1000000,6580000
2017-02-16 15:34:25.522000,1.13429,1.13427,3750000,2250000
2017-02-16 15:34:25.680000,1.13432,1.1343,7500000,1120000
2017-02-16 15:34:25.784000,1.13434,1.13432,1000000,2040000
2017-02-16 15:34:25.836000,1.13434,1.13432,1000000,2610000
2017-02-16 15:34:26.039000,1.13436,1.13433,1500000,3190000
2017-02-16 15:34:26.638000,1.13437,1.13433,2620000,3790000
2017-02-16 15:34:26.689000,1.13439,1.13437,9370000,1190000
2017-02-16 15:34:26.741000,1.13437,1.13434,1120000,2810000
2017-02-16 15:34:26.843000,1.13439,1.13435,1300000,4120000
2017-02-16 15:34:26.945000,1.13439,1.13437,6000000,1190000
2017-02-16 15:34:27.198000,1.1344,1.13437,1270000,1690000
2017-02-16 15:34:27.249000,1.13442,1.13439,5400000,1190000
2017-02-16 15:34:27.718000,1.13442,1.1344,2620000,4160000
2017-02-16 15:34:27.820000,1.13444,1.13442,1870000,2060000
2017-02-16 15:34:27.923000,1.13448,1.13442,11070000,4120000
2017-02-16 15:34:28.429000,1.13447,1.13442,3000000,5060000
2017-02-16 15:34:28.960000,1.13447,1.13442,1500000,6770000
2017-02-16 15:34:29.112000,1.13448,1.13444,3670000,2250000
2017-02-16 15:34:29.416000,1.13446,1.13443,1000000,3190000
2017-02-16 15:34:29.619000,1.13448,1.13443,3750000,5810000
2017-02-16 15:34:30.163000,1.13447,1.13445,1500000,4120000
2017-02-16 15:34:30.214000,1.1345,1.13445,1950000,6940000
2017-02-16 15:34:30.721000,1.1345,1.13446,1720000,1690000
2017-02-16 15:34:31.711000,1.1345,1.13447,1020000,3560000
2017-02-16 15:34:32.220000,1.13451,1.13447,8440000,1000000
2017-02-16 15:34:32.894000,1.13451,1.13449,2770000,1250000
2017-02-16 15:34:33.400000,1.13451,1.13449,2470000,1250000
2017-02-16 15:34:33.552000,1.13449,1.13447,2100000,2250000
2017-02-16 15:34:34.159000,1.13448,1.13445,2100000,1690000
2017-02-16 15:34:34.676000,1.13448,1.13445,2100000,2060000
2017-02-16 15:34:35.241000,1.13447,1.13444,2470000,1000000
2017-02-16 15:34:35.292000,1.13447,1.13442,3370000,2620000
2017-02-16 15:34:35.525000,1.13446,1.13444,2620000,1190000
2017-02-16 15:34:35.829000,1.13446,1.13443,1420000,1870000
2017-02-16 15:34:36.184000,1.13448,1.13445,4350000,1190000
2017-02-16 15:34:36.235000,1.13448,1.13444,3750000,2250000
2017-02-16 15:34:36.337000,1.13448,1.13445,1670000,2060000
2017-02-16 15:34:37.170000,1.13449,1.13447,1050000,1190000
2017-02-16 15:34:37.993000,1.13449,1.13447,1050000,1250000
2017-02-16 15:34:38.145000,1.1345,1.13448,1300000,1000000
2017-02-16 15:34:38.364000,1.13452,1.1345,2440000,1000000
2017-02-16 15:34:38.668000,1.13447,1.13446,1500000,1000000
2017-02-16 15:34:38.736000,1.13447,1.13444,1500000,2470000
2017-02-16 15:34:38.890000,1.13448,1.13447,3750000,1690000
2017-02-16 15:34:38.952000,1.1345,1.13449,11850000,1000000
2017-02-16 15:34:39.003000,1.13451,1.13448,3220000,3190000
2017-02-16 15:34:39.120000,1.13452,1.13451,1120000,1000000
2017-02-16 15:34:39.443000,1.13454,1.13449,7120000,3940000
2017-02-16 15:34:39.494000,1.13454,1.13451,6000000,6040000
2017-02-16 15:34:39.646000,1.13456,1.13452,1000000,3940000
2017-02-16 15:34:40.166000,1.13456,1.13453,1500000,1690000
2017-02-16 15:34:40.218000,1.13454,1.13452,2620000,4500000
2017-02-16 15:34:40.321000,1.13453,1.1345,1120000,3790000
2017-02-16 15:34:40.423000,1.13456,1.13452,3820000,2250000
2017-02-16 15:34:40.745000,1.13459,1.13455,1120000,3190000
2017-02-16 15:34:41.359000,1.13458,1.13455,1000000,2060000
2017-02-16 15:34:41.664000,1.13455,1.13453,1870000,3720000
2017-02-16 15:34:41.715000,1.13455,1.13453,1000000,4910000
2017-02-16 15:34:41.766000,1.13459,1.13454,8250000,1500000
2017-02-16 15:34:42.022000,1.13459,1.13456,3370000,1190000
2017-02-16 15:34:42.073000,1.13458,1.13455,1500000,1120000
2017-02-16 15:34:42.428000,1.13459,1.13457,1870000,1190000
2017-02-16 15:34:42.783000,1.13457,1.13454,1000000,1120000
2017-02-16 15:34:43.372000,1.13457,1.13454,1000000,2060000
2017-02-16 15:34:43.524000,1.13459,1.13456,2620000,1310000
2017-02-16 15:34:43.828000,1.13465,1.13463,1500000,1000000
2017-02-16 15:34:43.930000,1.13466,1.13463,1120000,1500000
2017-02-16 15:34:44.261000,1.13465,1.13461,1120000,3370000
2017-02-16 15:34:44.769000,1.13466,1.13461,3370000,1190000
2017-02-16 15:34:45.187000,1.13466,1.13464,1500000,1500000
2017-02-16 15:34:45.238000,1.13469,1.13467,1000000,1000000
2017-02-16 15:34:45.349000,1.13472,1.13468,4500000,1500000
2017-02-16 15:34:45.593000,1.13471,1.13468,4120000,1500000
2017-02-16 15:34:45.645000,1.13466,1.13464,1000000,1500000
2017-02-16 15:34:45.949000,1.13469,1.13465,1670000,3370000
2017-02-16 15:34:46.051000,1.13471,1.13466,1370000,4310000
2017-02-16 15:34:46.464000,1.13472,1.13468,3370000,1190000
2017-02-16 15:34:46.668000,1.13473,1.13468,2620000,5250000
2017-02-16 15:34:46.847000,1.13473,1.13469,3370000,4310000
2017-02-16 15:34:47.152000,1.13467,1.13466,2250000,3750000
2017-02-16 15:34:47.204000,1.13467,1.13464,2250000,7120000
2017-02-16 15:34:47.305000,1.13467,1.13464,2250000,3000000
2017-02-16 15:34:47.357000,1.13467,1.13465,2250000,1190000
2017-02-16 15:34:47.667000,1.13469,1.13467,2620000,1310000
2017-02-16 15:34:47.819000,1.13473,1.13469,4120000,1120000
2017-02-16 15:34:47.871000,1.13473,1.1347,2630000,1690000
2017-02-16 15:34:48.073000,1.13473,1.13469,3000000,2810000
2017-02-16 15:34:48.499000,1.13473,1.13469,5250000,1310000
2017-02-16 15:34:48.702000,1.13473,1.13469,2620000,1310000
2017-02-16 15:34:48.855000,1.13475,1.13472,6750000,1190000
2017-02-16 15:34:49.008000,1.13477,1.13474,5250000,1250000
2017-02-16 15:34:49.122000,1.13478,1.13474,4120000,1250000
2017-02-16 15:34:49.274000,1.13479,1.13475,3370000,2060000
2017-02-16 15:34:49.428000,1.13477,1.13474,1120000,2250000
2017-02-16 15:34:49.642000,1.13478,1.13475,1370000,1190000
2017-02-16 15:34:49.896000,1.13479,1.13476,1870000,1250000
2017-02-16 15:34:50.154000,1.13479,1.13477,1100000,1310000
2017-02-16 15:34:50.306000,1.13478,1.13476,1870000,1000000
2017-02-16 15:34:50.458000,1.13479,1.13477,2620000,1000000
2017-02-16 15:34:50.763000,1.13484,1.13481,1870000,1690000
2017-02-16 15:34:50.942000,1.13485,1.13482,5620000,2620000
2017-02-16 15:34:50.993000,1.13485,1.13482,1200000,2620000
2017-02-16 15:34:51.044000,1.13483,1.13482,1120000,1120000
2017-02-16 15:34:51.348000,1.13479,1.13475,7120000,1350000
2017-02-16 15:34:51.855000,1.13478,1.13473,2620000,2810000
2017-02-16 15:34:52.122000,1.13477,1.13473,3750000,1690000
2017-02-16 15:34:52.426000,1.13464,1.13461,3370000,2250000
2017-02-16 15:34:52.629000,1.13462,1.13461,1000000,2250000
2017-02-16 15:34:52.680000,1.13466,1.13463,1870000,1500000
2017-02-16 15:34:53.032000,1.13463,1.1346,1870000,7350000
2017-02-16 15:34:53.137000,1.13463,1.13462,1120000,1000000
2017-02-16 15:34:53.189000,1.13463,1.13462,1120000,2100000
2017-02-16 15:34:53.240000,1.13467,1.13464,1000000,1000000
2017-02-16 15:34:53.343000,1.13468,1.13466,4120000,1000000
2017-02-16 15:34:53.647000,1.13465,1.13463,1000000,1120000
2017-02-16 15:34:54.122000,1.13467,1.13465,1000000,1190000
2017-02-16 15:34:54.174000,1.13469,1.13465,2470000,1000000
2017-02-16 15:34:54.631000,1.13466,1.13465,1000000,1000000
2017-02-16 15:34:54.885000,1.13468,1.13464,1000000,2250000
2017-02-16 15:34:55.069000,1.13471,1.13466,2620000,3000000
2017-02-16 15:34:55.373000,1.13475,1.13472,1000000,1000000
2017-02-16 15:34:55.679000,1.13477,1.13474,3370000,1000000
2017-02-16 15:34:55.988000,1.13474,1.13471,4120000,1870000
2017-02-16 15:34:56.672000,1.13473,1.13471,1000000,1500000
2017-02-16 15:34:57.026000,1.13475,1.13473,5250000,3040000
2017-02-16 15:34:57.179000,1.13476,1.13475,1120000,1000000
2017-02-16 15:34:57.527000,1.13477,1.13473,1750000,1500000
2017-02-16 15:34:58.754000,1.13474,1.13472,1120000,1870000
2017-02-16 15:34:59.008000,1.13475,1.13473,5250000,1690000
2017-02-16 15:34:59.357000,1.13482,1.1348,3070000,1250000
2017-02-16 15:34:59.509000,1.13481,1.13478,2320000,4160000
2017-02-16 15:34:59.712000,1.1348,1.13476,3000000,1000000
2017-02-16 15:34:59.763000,1.13481,1.13477,7120000,1540000
2017-02-16 15:35:00.068000,1.13483,1.1348,1000000,1190000
2017-02-16 15:35:00.358000,1.13481,1.13479,1000000,4500000
2017-02-16 15:35:00.567000,1.13481,1.13477,5620000,1000000
2017-02-16 15:35:01.073000,1.13479,1.13475,1000000,2250000
2017-02-16 15:35:01.280000,1.13478,1.13473,1870000,4350000
2017-02-16 15:35:01.766000,1.13474,1.13472,1000000,3370000
2017-02-16 15:35:01.869000,1.13473,1.1347,1870000,1000000
2017-02-16 15:35:02.022000,1.13472,1.1347,1000000,1000000
2017-02-16 15:35:02.073000,1.13474,1.1347,1500000,1870000
2017-02-16 15:35:02.386000,1.13472,1.13467,2250000,5550000
2017-02-16 15:35:02.488000,1.13469,1.13467,1000000,2700000
2017-02-16 15:35:03.012000,1.13471,1.13469,3000000,2290000
2017-02-16 15:35:03.165000,1.13474,1.13469,9940000,1120000
2017-02-16 15:35:03.216000,1.13472,1.13468,1500000,1870000
2017-02-16 15:35:03.626000,1.13468,1.13467,1120000,1000000
2017-02-16 15:35:03.677000,1.13467,1.13463,3000000,5320000
2017-02-16 15:35:03.779000,1.13467,1.13463,1000000,2850000
2017-02-16 15:35:04.291000,1.13464,1.13463,2250000,1000000
2017-02-16 15:35:04.393000,1.13464,1.13461,2250000,2250000
2017-02-16 15:35:04.949000,1.13464,1.1346,2250000,2250000
2017-02-16 15:35:05.202000,1.13462,1.13459,2250000,3600000
2017-02-16 15:35:07.317000,1.13463,1.13459,2250000,5850000
2017-02-16 15:35:08.076000,1.13466,1.1346,5700000,3040000
2017-02-16 15:35:08.463000,1.13464,1.13461,2250000,2060000
2017-02-16 15:35:08.742000,1.13466,1.13462,2620000,2470000
2017-02-16 15:35:09.254000,1.13465,1.13462,3000000,1120000
2017-02-16 15:35:09.407000,1.13464,1.1346,2250000,2440000
2017-02-16 15:35:09.815000,1.13462,1.1346,1500000,1000000
2017-02-16 15:35:10.038000,1.13459,1.13456,3000000,1500000
2017-02-16 15:35:10.697000,1.13459,1.13454,2700000,7160000
2017-02-16 15:35:11.248000,1.13457,1.13455,1000000,1310000
2017-02-16 15:35:12.100000,1.13458,1.13456,1100000,1250000
2017-02-16 15:35:12.405000,1.13461,1.1346,9160000,2290000
2017-02-16 15:35:12.456000,1.13462,1.1346,3000000,2660000
2017-02-16 15:35:12.558000,1.13464,1.13462,2250000,1500000
2017-02-16 15:35:12.609000,1.13466,1.13462,3000000,1000000
2017-02-16 15:35:12.844000,1.13464,1.13462,1000000,1120000
2017-02-16 15:35:13.229000,1.13466,1.13462,1500000,5660000
2017-02-16 15:35:13.734000,1.13467,1.13463,2250000,1870000
2017-02-16 15:35:14.272000,1.13466,1.13462,2250000,3560000
2017-02-16 15:35:14.601000,1.13462,1.1346,3750000,3040000
2017-02-16 15:35:14.653000,1.13462,1.1346,3000000,2660000
2017-02-16 15:35:14.805000,1.13464,1.1346,2250000,7160000
2017-02-16 15:35:14.857000,1.13462,1.1346,2100000,5060000
2017-02-16 15:35:15.113000,1.13461,1.13456,4870000,1120000
2017-02-16 15:35:15.619000,1.13459,1.13456,1000000,1500000
2017-02-16 15:35:15.801000,1.1346,1.13459,1000000,2100000
2017-02-16 15:35:16.107000,1.13467,1.13465,1000000,3040000
2017-02-16 15:35:16.159000,1.13468,1.13465,2700000,1500000
2017-02-16 15:35:16.210000,1.13466,1.13465,1000000,1870000
2017-02-16 15:35:16.311000,1.13466,1.13463,3370000,1310000
2017-02-16 15:35:16.878000,1.13467,1.13464,4120000,1190000
2017-02-16 15:35:16.930000,1.13468,1.13463,8700000,3410000
2017-02-16 15:35:17.083000,1.13467,1.13464,2250000,1190000
2017-02-16 15:35:17.491000,1.13466,1.13463,1000000,1310000
2017-02-16 15:35:17.999000,1.13466,1.13463,2250000,1000000
2017-02-16 15:35:18.258000,1.13464,1.13461,1000000,1310000
2017-02-16 15:35:18.461000,1.13465,1.13463,1870000,1050000
2017-02-16 15:35:18.845000,1.13467,1.13463,4200000,3040000
2017-02-16 15:35:19.370000,1.13466,1.13463,1000000,1250000
2017-02-16 15:35:19.903000,1.13467,1.13463,5620000,3040000
2017-02-16 15:35:20.409000,1.13466,1.13463,1000000,1540000
2017-02-16 15:35:20.997000,1.13467,1.13463,6370000,1540000
2017-02-16 15:35:21.436000,1.13467,1.13464,4950000,1190000
2017-02-16 15:35:21.588000,1.13467,1.13463,3820000,3970000
2017-02-16 15:35:21.639000,1.13467,1.13465,1100000,2290000
2017-02-16 15:35:21.792000,1.13469,1.13465,4120000,3040000
2017-02-16 15:35:22.331000,1.1347,1.13465,3370000,3790000
2017-02-16 15:35:22.433000,1.13467,1.13464,1000000,3560000
2017-02-16 15:35:22.485000,1.13467,1.13464,1500000,1870000
2017-02-16 15:35:22.935000,1.13469,1.13468,1000000,3040000
2017-02-16 15:35:23.088000,1.1347,1.13469,1000000,3040000
2017-02-16 15:35:23.139000,1.13474,1.13472,4120000,1310000
2017-02-16 15:35:23.191000,1.13474,1.13472,4870000,1190000
2017-02-16 15:35:23.396000,1.13477,1.13473,1870000,1620000
2017-02-16 15:35:23.931000,1.13478,1.13472,6000000,6410000
2017-02-16 15:35:24.235000,1.13474,1.13472,1000000,2620000
2017-02-16 15:35:24.337000,1.13474,1.13471,1500000,2620000
2017-02-16 15:35:24.954000,1.13474,1.13473,1500000,2290000
2017-02-16 15:35:25.005000,1.13477,1.13473,1000000,4910000
2017-02-16 15:35:25.512000,1.13479,1.13475,4500000,1190000
2017-02-16 15:35:25.665000,1.1348,1.13475,3750000,2250000
2017-02-16 15:35:26.596000,1.13479,1.13475,1000000,5660000
2017-02-16 15:35:27.105000,1.13477,1.13475,1870000,1500000
2017-02-16 15:35:27.409000,1.13475,1.13473,2440000,1000000
2017-02-16 15:35:27.575000,1.13475,1.13471,4120000,1120000
2017-02-16 15:35:28.160000,1.13474,1.1347,1000000,4910000
2017-02-16 15:35:28.621000,1.13475,1.13473,2250000,1250000
2017-02-16 15:35:28.774000,1.13477,1.13473,3750000,6790000
2017-02-16 15:35:29.837000,1.13477,1.13475,2250000,1190000
2017-02-16 15:35:29.888000,1.13478,1.13475,6970000,1190000
2017-02-16 15:35:30.040000,1.13477,1.13475,2500000,1250000
2017-02-16 15:35:30.091000,1.13476,1.13474,1000000,1000000
2017-02-16 15:35:30.194000,1.13477,1.13476,2250000,1250000
2017-02-16 15:35:30.498000,1.13482,1.13481,4870000,3790000
2017-02-16 15:35:30.549000,1.13484,1.13481,6370000,2850000
2017-02-16 15:35:30.903000,1.13483,1.13481,1000000,1690000
2017-02-16 15:35:31.442000,1.13483,1.13481,1000000,1690000
2017-02-16 15:35:31.949000,1.13482,1.13481,1000000,1250000
2017-02-16 15:35:32.385000,1.13486,1.13482,5250000,3790000
2017-02-16 15:35:32.487000,1.13485,1.13483,1000000,2250000
2017-02-16 15:35:32.589000,1.13483,1.13481,1000000,3940000
2017-02-16 15:35:32.774000,1.13485,1.13483,5620000,1540000
2017-02-16 15:35:33.129000,1.13485,1.13483,1870000,1500000
2017-02-16 15:35:33.180000,1.13485,1.13481,4120000,3750000
2017-02-16 15:35:33.282000,1.13485,1.13483,4870000,1690000
2017-02-16 15:35:34.367000,1.13486,1.13483,3370000,1690000
2017-02-16 15:35:34.900000,1.13487,1.13482,5620000,3410000
2017-02-16 15:35:35.154000,1.13487,1.13481,6750000,2060000
2017-02-16 15:35:35.408000,1.13485,1.13481,1870000,1870000
2017-02-16 15:35:35.743000,1.13481,1.13478,3750000,1000000
2017-02-16 15:35:36.077000,1.13482,1.1348,6000000,4720000
2017-02-16 15:35:36.128000,1.13485,1.13481,3000000,1120000
2017-02-16 15:35:36.381000,1.13486,1.13482,3370000,1310000
2017-02-16 15:35:36.925000,1.13486,1.13481,1870000,1870000
2017-02-16 15:35:37.607000,1.13486,1.13483,1120000,2850000
2017-02-16 15:35:37.911000,1.1349,1.13487,1120000,1250000
2017-02-16 15:35:38.215000,1.13487,1.13486,1870000,2620000
2017-02-16 15:35:38.317000,1.13487,1.13483,3000000,3560000
2017-02-16 15:35:38.851000,1.13487,1.13483,4500000,1310000
2017-02-16 15:35:39.280000,1.13487,1.13486,1120000,2290000
2017-02-16 15:35:39.382000,1.13491,1.13486,4960000,3040000
2017-02-16 15:35:39.433000,1.13491,1.13488,2340000,2290000
2017-02-16 15:35:39.585000,1.13493,1.13488,3370000,6410000
2017-02-16 15:35:44.944000,1.13494,1.13493,1590000,3790000
2017-02-16 15:35:45.046000,1.13495,1.13493,1500000,2660000
2017-02-16 15:35:45.147000,1.13497,1.13493,2620000,2660000
2017-02-16 15:35:45.682000,1.13496,1.13493,1000000,1690000
2017-02-16 15:35:46.165000,1.13494,1.13493,1870000,1000000
2017-02-16 15:35:46.369000,1.13496,1.13494,3000000,1500000
2017-02-16 15:35:46.877000,1.13497,1.13494,1120000,3940000
2017-02-16 15:35:47.676000,1.135,1.13498,4120000,9600000
2017-02-16 15:35:47.778000,1.13501,1.135,3370000,6600000
2017-02-16 15:35:47.830000,1.13504,1.13502,18000000,1190000
2017-02-16 15:35:47.932000,1.13504,1.13502,6750000,3790000
2017-02-16 15:35:48.135000,1.13502,1.13501,2250000,4500000
2017-02-16 15:35:48.186000,1.13501,1.13499,2120000,4870000
2017-02-16 15:35:48.591000,1.13503,1.13501,1000000,1000000
2017-02-16 15:35:49.114000,1.13504,1.13499,1120000,8060000
2017-02-16 15:35:49.570000,1.13503,1.13499,2620000,3370000
2017-02-16 15:35:49.722000,1.13503,1.135,1870000,1000000
2017-02-16 15:35:50.764000,1.13501,1.13499,3000000,6940000
2017-02-16 15:35:50.917000,1.135,1.13497,3000000,4500000
2017-02-16 15:35:52.593000,1.13495,1.13494,1120000,6000000
2017-02-16 15:35:52.797000,1.13494,1.13491,4870000,4870000
2017-02-16 15:35:52.949000,1.13493,1.13489,3000000,5250000
2017-02-16 15:35:53.101000,1.13491,1.13489,1000000,6000000
2017-02-16 15:35:53.254000,1.13491,1.13487,2620000,5250000
2017-02-16 15:35:53.304000,1.13489,1.13487,3250000,5250000
2017-02-16 15:35:53.507000,1.13487,1.13484,4120000,2100000
2017-02-16 15:35:53.558000,1.13487,1.13482,4120000,3940000
2017-02-16 15:35:54.389000,1.13487,1.13484,1500000,2250000
2017-02-16 15:35:54.894000,1.13487,1.13484,1120000,5440000
2017-02-16 15:35:55.650000,1.13487,1.13484,1120000,6190000
2017-02-16 15:35:55.701000,1.13489,1.13484,2250000,11060000
2017-02-16 15:35:55.752000,1.1349,1.13487,1870000,2250000
2017-02-16 15:35:56.141000,1.13491,1.13489,1120000,4500000
2017-02-16 15:35:56.597000,1.13492,1.13487,1120000,7350000
2017-02-16 15:35:56.750000,1.13492,1.13489,1120000,4500000
2017-02-16 15:35:56.953000,1.13497,1.13492,12000000,1120000
2017-02-16 15:35:57.004000,1.13497,1.13493,9750000,1190000
2017-02-16 15:35:57.055000,1.13497,1.13492,3750000,3000000
2017-02-16 15:35:57.107000,1.13497,1.13493,3750000,1310000
2017-02-16 15:35:57.372000,1.13498,1.13493,1120000,1500000
2017-02-16 15:35:57.799000,1.13499,1.13495,3000000,2440000
2017-02-16 15:35:57.900000,1.135,1.13496,2250000,1250000
2017-02-16 15:35:58.407000,1.135,1.13496,7130000,1190000
2017-02-16 15:35:58.938000,1.13502,1.13497,1120000,1120000
2017-02-16 15:35:59.444000,1.13502,1.13499,4500000,1500000
2017-02-16 15:35:59.495000,1.13501,1.13497,2250000,5250000
2017-02-16 15:36:00.849000,1.13498,1.13497,1500000,3000000
2017-02-16 15:36:01.001000,1.13498,1.13495,1500000,2100000
2017-02-16 15:36:01.052000,1.13498,1.13496,1500000,1500000
2017-02-16 15:36:01.103000,1.13499,1.13497,2620000,3000000
2017-02-16 15:36:03.309000,1.135,1.13495,4120000,1120000
2017-02-16 15:36:04.360000,1.135,1.13497,4120000,1000000
2017-02-16 15:36:05.003000,1.13498,1.13495,1500000,1120000
2017-02-16 15:36:05.055000,1.13497,1.13495,5020000,1000000
2017-02-16 15:36:05.157000,1.13495,1.13492,1500000,1500000
2017-02-16 15:36:05.693000,1.13494,1.13491,3370000,3000000
2017-02-16 15:36:06.237000,1.13492,1.13489,5620000,1690000
2017-02-16 15:36:06.775000,1.13493,1.13491,1500000,3000000
2017-02-16 15:36:06.826000,1.13494,1.13491,2320000,3370000
2017-02-16 15:36:06.877000,1.13492,1.13491,3750000,1870000
2017-02-16 15:36:07.181000,1.1349,1.13488,1000000,1310000
2017-02-16 15:36:07.390000,1.13487,1.13485,1000000,1690000
2017-02-16 15:36:07.672000,1.1349,1.13485,3300000,1690000
2017-02-16 15:36:07.726000,1.13487,1.13484,1690000,7870000
2017-02-16 15:36:08.056000,1.13485,1.13482,1000000,2440000
2017-02-16 15:36:08.107000,1.13487,1.13483,1000000,4500000
2017-02-16 15:36:08.158000,1.13489,1.13483,1120000,5440000
2017-02-16 15:36:08.209000,1.13486,1.13484,1000000,2250000
2017-02-16 15:36:08.565000,1.13488,1.13486,4500000,1000000
2017-02-16 15:36:08.669000,1.13488,1.13486,2250000,1870000
2017-02-16 15:36:08.738000,1.13492,1.13487,4870000,1000000
2017-02-16 15:36:09.292000,1.13492,1.13486,4500000,2810000
2017-02-16 15:36:10.495000,1.13492,1.13487,3000000,1000000
2017-02-16 15:36:10.799000,1.1349,1.13488,1000000,2810000
2017-02-16 15:36:11.038000,1.13493,1.13488,2060000,2250000
2017-02-16 15:36:11.241000,1.13491,1.13489,1000000,4500000
2017-02-16 15:36:11.343000,1.13492,1.13489,2250000,4500000
2017-02-16 15:36:11.850000,1.13492,1.13487,4310000,4870000
2017-02-16 15:36:12.092000,1.13489,1.13487,2500000,5810000
2017-02-16 15:36:12.245000,1.13488,1.13483,3820000,1870000
2017-02-16 15:36:12.434000,1.13487,1.13482,2250000,1870000
2017-02-16 15:36:12.991000,1.13487,1.13482,1000000,3670000
2017-02-16 15:36:13.330000,1.1349,1.13487,4870000,1250000
2017-02-16 15:36:15.278000,1.13489,1.13486,1450000,2060000
2017-02-16 15:36:15.531000,1.1349,1.13487,1000000,1000000
2017-02-16 15:36:18.621000,1.13491,1.13488,1870000,1000000
2017-02-16 15:36:18.723000,1.13492,1.13488,1310000,1870000
2017-02-16 15:36:19.798000,1.13491,1.13487,1000000,10120000
2017-02-16 15:36:20.253000,1.13491,1.13486,4590000,4870000
2017-02-16 15:36:21.547000,1.1349,1.13486,1120000,1690000
2017-02-16 15:36:23.737000,1.13494,1.13491,21650000,1000000
2017-02-16 15:36:23.839000,1.13494,1.13493,4120000,1000000
2017-02-16 15:36:24.084000,1.13495,1.13494,1000000,1000000
2017-02-16 15:36:24.214000,1.13498,1.13494,1500000,1500000
2017-02-16 15:36:24.315000,1.13499,1.13495,4590000,1000000
2017-02-16 15:36:24.417000,1.13498,1.13495,3370000,1000000
2017-02-16 15:36:24.519000,1.13495,1.13492,1370000,7120000
2017-02-16 15:36:24.721000,1.13494,1.1349,3370000,1000000
2017-02-16 15:36:25.269000,1.13495,1.1349,1500000,3000000
2017-02-16 15:36:25.320000,1.13495,1.13493,1120000,1870000
2017-02-16 15:36:25.472000,1.13497,1.13494,1000000,1500000
2017-02-16 15:36:25.877000,1.13498,1.13496,1000000,1000000
2017-02-16 15:36:25.979000,1.135,1.13496,2620000,1500000
2017-02-16 15:36:26.282000,1.135,1.13499,1500000,1120000
2017-02-16 15:36:26.384000,1.13503,1.13501,4120000,1120000
2017-02-16 15:36:26.839000,1.13503,1.13499,5940000,2250000
2017-02-16 15:36:27.042000,1.13502,1.13497,2620000,2250000
2017-02-16 15:36:27.943000,1.13501,1.13497,1000000,1000000
2017-02-16 15:36:27.995000,1.13499,1.13496,1120000,2620000
2017-02-16 15:36:28.149000,1.13498,1.13494,1500000,1500000
2017-02-16 15:36:28.453000,1.135,1.13496,1370000,1000000
2017-02-16 15:36:29.141000,1.135,1.13496,1000000,1000000
2017-02-16 15:36:29.547000,1.13501,1.13499,2710000,3000000
2017-02-16 15:36:29.649000,1.13502,1.135,6000000,2060000
2017-02-16 15:36:29.751000,1.13506,1.13501,4960000,1690000
2017-02-16 15:36:29.944000,1.13506,1.13502,2620000,4720000
2017-02-16 15:36:30.250000,1.13507,1.13505,2250000,6370000
2017-02-16 15:36:30.559000,1.13509,1.13507,3750000,9040000
2017-02-16 15:36:30.613000,1.13512,1.13509,2250000,1120000
2017-02-16 15:36:31.131000,1.1351,1.13508,1000000,1000000
2017-02-16 15:36:31.333000,1.13512,1.1351,1000000,1000000
2017-02-16 15:36:31.638000,1.13513,1.13512,1220000,1000000
2017-02-16 15:36:31.791000,1.13517,1.13513,1500000,2620000
2017-02-16 15:36:32.079000,1.13519,1.13515,2250000,2250000
2017-02-16 15:36:32.387000,1.13527,1.13526,2620000,2470000
2017-02-16 15:36:32.488000,1.13535,1.13532,9750000,2000000
2017-02-16 15:36:32.691000,1.13536,1.13532,1000000,3190000
2017-02-16 15:36:32.918000,1.13537,1.13532,7870000,2250000
2017-02-16 15:36:33.477000,1.13535,1.13531,1500000,2250000
2017-02-16 15:36:33.893000,1.13535,1.13532,1000000,1750000
2017-02-16 15:36:33.945000,1.13535,1.13532,1000000,1000000
2017-02-16 15:36:34.003000,1.13532,1.13531,1120000,4120000
2017-02-16 15:36:34.135000,1.1353,1.13528,1000000,1000000
2017-02-16 15:36:34.343000,1.13531,1.13526,3370000,1870000
2017-02-16 15:36:34.546000,1.13535,1.13532,2620000,4050000
2017-02-16 15:36:34.842000,1.13538,1.13536,1120000,3190000
2017-02-16 15:36:34.944000,1.13541,1.13539,2620000,1000000
2017-02-16 15:36:35.351000,1.13543,1.13539,1870000,1120000
2017-02-16 15:36:35.846000,1.13539,1.13537,2760000,1870000
2017-02-16 15:36:36.007000,1.13532,1.1353,1870000,2250000
2017-02-16 15:36:36.110000,1.13531,1.13527,1000000,1000000
2017-02-16 15:36:36.162000,1.13529,1.13526,1690000,1120000
2017-02-16 15:36:36.467000,1.13524,1.13521,1120000,1000000
2017-02-16 15:36:36.519000,1.13524,1.13519,2250000,1120000
2017-02-16 15:36:36.762000,1.13518,1.13516,1310000,4500000
2017-02-16 15:36:36.813000,1.13518,1.13513,1120000,2250000
2017-02-16 15:36:37.130000,1.13517,1.13513,2250000,1000000
2017-02-16 15:36:37.920000,1.13516,1.13511,2250000,1690000
2017-02-16 15:36:38.228000,1.13518,1.13515,1120000,1000000
2017-02-16 15:36:38.734000,1.13517,1.13515,1000000,1000000
2017-02-16 15:36:38.836000,1.13519,1.13515,1000000,1120000
2017-02-16 15:36:39.025000,1.13521,1.13517,2000000,1000000
2017-02-16 15:36:39.432000,1.1352,1.13518,1000000,1190000
2017-02-16 15:36:39.584000,1.13522,1.13519,1500000,1000000
2017-02-16 15:36:39.686000,1.13521,1.13518,2290000,1000000
2017-02-16 15:36:39.840000,1.1352,1.13516,1390000,1120000
2017-02-16 15:36:40.466000,1.1352,1.13516,1620000,1870000
2017-02-16 15:36:40.567000,1.1352,1.13519,1120000,1500000
2017-02-16 15:36:40.669000,1.13524,1.13521,1120000,1500000
2017-02-16 15:36:41.024000,1.13523,1.13521,1500000,1000000
2017-02-16 15:36:42.163000,1.13521,1.1352,1000000,1500000
2017-02-16 15:36:42.417000,1.13523,1.13519,3190000,1000000
2017-02-16 15:36:44.308000,1.13523,1.13519,3000000,1000000
2017-02-16 15:36:44.769000,1.13526,1.13524,1120000,1000000
2017-02-16 15:36:45.074000,1.13529,1.13526,1000000,1370000
2017-02-16 15:36:45.406000,1.13524,1.13522,1120000,1000000
2017-02-16 15:36:45.760000,1.13528,1.13524,7870000,1120000
2017-02-16 15:36:46.277000,1.13528,1.13524,4500000,1120000
2017-02-16 15:36:47.532000,1.13526,1.13524,4160000,1000000
2017-02-16 15:36:47.837000,1.13523,1.13522,1120000,1870000
2017-02-16 15:36:48.363000,1.13523,1.13521,3000000,1500000
2017-02-16 15:36:48.978000,1.13524,1.13521,2620000,1500000
2017-02-16 15:36:49.305000,1.13519,1.13517,1120000,1120000
2017-02-16 15:36:49.609000,1.13518,1.13514,1000000,1000000
2017-02-16 15:36:49.813000,1.13516,1.13514,1000000,1000000
2017-02-16 15:36:49.915000,1.13513,1.1351,1000000,3750000
2017-02-16 15:36:50.439000,1.13515,1.13509,2250000,2850000
2017-02-16 15:36:50.592000,1.13515,1.13511,1750000,2290000
2017-02-16 15:36:50.694000,1.13516,1.13511,4870000,3040000
2017-02-16 15:36:50.898000,1.13513,1.13511,1000000,2250000
2017-02-16 15:36:51.203000,1.13508,1.13506,1120000,1000000
2017-02-16 15:36:51.254000,1.13509,1.13505,2620000,1000000
2017-02-16 15:36:51.453000,1.13509,1.13506,3750000,3940000
2017-02-16 15:36:51.607000,1.13512,1.13508,1120000,1000000
2017-02-16 15:36:52.262000,1.13515,1.1351,1500000,1000000
2017-02-16 15:36:52.681000,1.13516,1.13511,1120000,2060000
2017-02-16 15:36:53.195000,1.13516,1.1351,3000000,3000000
2017-02-16 15:36:53.732000,1.13516,1.1351,2440000,4500000
2017-02-16 15:36:54.255000,1.13516,1.1351,3190000,4500000
2017-02-16 15:36:54.307000,1.13516,1.1351,1500000,4500000
2017-02-16 15:36:54.611000,1.13517,1.13513,5100000,1000000
2017-02-16 15:36:55.137000,1.13517,1.13513,3000000,1000000
2017-02-16 15:36:55.442000,1.13514,1.13511,7120000,1000000
2017-02-16 15:36:55.956000,1.13516,1.13513,3000000,1000000
2017-02-16 15:36:56.293000,1.13518,1.13517,2250000,1000000
2017-02-16 15:36:56.639000,1.13516,1.13515,1300000,1000000
2017-02-16 15:36:56.741000,1.13516,1.13513,2100000,1000000
2017-02-16 15:36:56.893000,1.13515,1.13513,2850000,1000000
2017-02-16 15:36:57.046000,1.13513,1.13511,4500000,1000000
2017-02-16 15:36:57.561000,1.13514,1.1351,2920000,1000000
2017-02-16 15:36:57.970000,1.13514,1.13512,3000000,1120000
2017-02-16 15:36:58.123000,1.13517,1.13514,1120000,1000000
2017-02-16 15:36:58.427000,1.13519,1.13514,6940000,2250000
2017-02-16 15:36:58.681000,1.13518,1.13515,2100000,1000000
2017-02-16 15:36:59.117000,1.13517,1.13513,5850000,1000000
2017-02-16 15:36:59.352000,1.13514,1.13511,1120000,1370000
2017-02-16 15:36:59.505000,1.1351,1.13506,1870000,1500000
2017-02-16 15:37:00.043000,1.13508,1.13506,1120000,1120000
2017-02-16 15:37:00.108000,1.13508,1.13504,6370000,1000000
2017-02-16 15:37:00.159000,1.13507,1.13502,1500000,2250000
2017-02-16 15:37:00.463000,1.1351,1.13506,1500000,1500000
2017-02-16 15:37:01.128000,1.13509,1.13503,3560000,4920000
2017-02-16 15:37:01.486000,1.1351,1.13507,1000000,4350000
2017-02-16 15:37:01.638000,1.13515,1.13511,1870000,1000000
2017-02-16 15:37:02.144000,1.13513,1.1351,1720000,1120000
2017-02-16 15:37:02.680000,1.13512,1.13509,1000000,2670000
2017-02-16 15:37:02.832000,1.13514,1.13511,1000000,1000000
2017-02-16 15:37:03.237000,1.13517,1.13513,1000000,2250000
2017-02-16 15:37:03.561000,1.13519,1.13514,8440000,1500000
2017-02-16 15:37:03.667000,1.1352,1.13516,1870000,2250000
2017-02-16 15:37:03.941000,1.13521,1.13519,4500000,1000000
2017-02-16 15:37:04.145000,1.13525,1.13521,3370000,1120000
2017-02-16 15:37:04.399000,1.13526,1.13522,2620000,4500000
2017-02-16 15:37:04.604000,1.13528,1.13524,2250000,1000000
2017-02-16 15:37:04.859000,1.13529,1.13526,4120000,1370000
2017-02-16 15:37:05.365000,1.13527,1.13526,1120000,1000000
2017-02-16 15:37:05.467000,1.13527,1.13523,2100000,1370000
2017-02-16 15:37:05.518000,1.13525,1.13523,1000000,1870000
2017-02-16 15:37:05.945000,1.13524,1.13522,1420000,2250000
2017-02-16 15:37:05.997000,1.13522,1.1352,1500000,4870000
2017-02-16 15:37:06.634000,1.13522,1.13519,1120000,1000000
2017-02-16 15:37:06.685000,1.1352,1.13518,1310000,1870000
2017-02-16 15:37:07.005000,1.13511,1.13509,1500000,9370000
2017-02-16 15:37:07.211000,1.13511,1.13507,3110000,1500000
2017-02-16 15:37:08.280000,1.13511,1.13507,1990000,1870000
2017-02-16 15:37:12.100000,1.13511,1.13508,1000000,1370000
2017-02-16 15:37:12.154000,1.13513,1.13509,9370000,2620000
2017-02-16 15:37:12.711000,1.13514,1.1351,3560000,1000000
2017-02-16 15:37:13.168000,1.13513,1.13509,1110000,3370000
2017-02-16 15:37:13.694000,1.13513,1.13509,3820000,1120000
2017-02-16 15:37:14.113000,1.1351,1.13507,1000000,1870000
2017-02-16 15:37:14.708000,1.13509,1.13505,6040000,1870000
2017-02-16 15:37:15.205000,1.13507,1.13503,1000000,1120000
2017-02-16 15:37:15.256000,1.13506,1.13502,1310000,1370000
2017-02-16 15:37:15.358000,1.13506,1.13501,2920000,3000000
2017-02-16 15:37:15.864000,1.13505,1.135,1690000,2250000
2017-02-16 15:37:16.353000,1.13505,1.13502,1120000,1000000
2017-02-16 15:37:16.861000,1.13505,1.13501,3560000,1120000
2017-02-16 15:37:17.166000,1.13506,1.13502,1000000,2250000
2017-02-16 15:37:17.458000,1.13505,1.135,2620000,1870000
2017-02-16 15:37:17.965000,1.13507,1.13502,3860000,2620000
2017-02-16 15:37:18.066000,1.13507,1.13502,1000000,2620000
2017-02-16 15:37:19.820000,1.13506,1.13503,2060000,1370000
2017-02-16 15:37:19.974000,1.13505,1.135,3940000,6750000
2017-02-16 15:37:20.075000,1.13505,1.135,4310000,1870000
2017-02-16 15:37:22.241000,1.13501,1.135,1500000,1500000
2017-02-16 15:37:22.292000,1.13503,1.135,1000000,1120000
2017-02-16 15:37:22.447000,1.13505,1.13501,1120000,1310000
2017-02-16 15:37:25.800000,1.13506,1.13501,4310000,1500000
2017-02-16 15:37:27.302000,1.13504,1.135,1000000,2250000
2017-02-16 15:37:27.903000,1.13505,1.135,2060000,2250000
2017-02-16 15:37:28.545000,1.13505,1.135,1690000,2250000
2017-02-16 15:37:29.309000,1.13501,1.135,1500000,1000000
2017-02-16 15:37:29.512000,1.13502,1.13497,3000000,1500000
2017-02-16 15:37:30.444000,1.13501,1.13498,1950000,1000000
2017-02-16 15:37:30.995000,1.13503,1.13499,5810000,2250000
2017-02-16 15:37:31.047000,1.13504,1.135,1000000,3370000
2017-02-16 15:37:31.554000,1.13505,1.135,2250000,1870000
2017-02-16 15:37:31.757000,1.13501,1.135,1350000,1000000
2017-02-16 15:37:32.077000,1.13501,1.13497,1870000,1120000
2017-02-16 15:37:32.608000,1.135,1.13496,1120000,1000000
2017-02-16 15:37:33.210000,1.13501,1.135,3000000,1000000
2017-02-16 15:37:33.363000,1.13504,1.135,1310000,3370000
2017-02-16 15:37:34.836000,1.13505,1.13502,1120000,2620000
2017-02-16 15:37:34.887000,1.13505,1.13504,1120000,1000000
2017-02-16 15:37:34.938000,1.13508,1.13504,1500000,1120000
2017-02-16 15:37:35.452000,1.1351,1.13505,7060000,1250000
2017-02-16 15:37:36.044000,1.1351,1.13505,6280000,1870000
2017-02-16 15:37:37.172000,1.13507,1.13504,1000000,3190000
2017-02-16 15:37:37.477000,1.13505,1.135,1870000,3560000
2017-02-16 15:37:38.430000,1.13504,1.135,1000000,4310000
2017-02-16 15:37:39.580000,1.13505,1.135,3370000,2060000
2017-02-16 15:37:40.062000,1.13508,1.13503,6370000,1120000
2017-02-16 15:37:40.850000,1.13506,1.13503,1500000,1000000
2017-02-16 15:37:41.395000,1.13506,1.13502,1870000,1310000
2017-02-16 15:37:42.061000,1.13505,1.13502,1000000,1250000
2017-02-16 15:37:42.862000,1.13506,1.13502,1870000,1310000
2017-02-16 15:37:43.163000,1.13501,1.13499,1570000,2250000
2017-02-16 15:37:43.469000,1.13503,1.135,1000000,1310000
2017-02-16 15:37:43.875000,1.13505,1.13501,4120000,1870000
2017-02-16 15:37:44.410000,1.13506,1.13502,1000000,1310000
2017-02-16 15:37:44.562000,1.13508,1.13506,8620000,1690000
2017-02-16 15:37:44.816000,1.1351,1.13507,1000000,2810000
2017-02-16 15:37:44.867000,1.1351,1.13507,1000000,3560000
2017-02-16 15:37:45.070000,1.13512,1.13507,1500000,4310000
2017-02-16 15:37:45.222000,1.1351,1.13507,1000000,1500000
2017-02-16 15:37:45.741000,1.13512,1.13507,1870000,5440000
2017-02-16 15:37:46.046000,1.13509,1.13507,2190000,2250000
2017-02-16 15:37:46.149000,1.13509,1.13504,2560000,2620000
2017-02-16 15:37:46.722000,1.13508,1.13504,1000000,1000000
2017-02-16 15:37:47.562000,1.13508,1.13506,1000000,1250000
2017-02-16 15:37:47.816000,1.13513,1.13509,2620000,2250000
2017-02-16 15:37:48.612000,1.13513,1.13511,3370000,2500000
2017-02-16 15:37:49.115000,1.13513,1.13509,3000000,4310000
2017-02-16 15:37:49.220000,1.13513,1.13509,3000000,3940000
2017-02-16 15:37:49.575000,1.13511,1.13507,3000000,1310000
2017-02-16 15:37:50.606000,1.13509,1.13507,1500000,1310000
2017-02-16 15:37:50.862000,1.13504,1.13502,1000000,5810000
2017-02-16 15:37:51.371000,1.13505,1.13501,3560000,1000000
2017-02-16 15:37:51.921000,1.13505,1.135,4690000,1870000
2017-02-16 15:37:52.100000,1.13503,1.135,1120000,1500000
2017-02-16 15:37:52.151000,1.13502,1.13498,1250000,7500000
2017-02-16 15:37:54.531000,1.13502,1.135,1250000,4350000
2017-02-16 15:37:54.737000,1.13505,1.13501,1870000,2250000
2017-02-16 15:37:55.284000,1.13504,1.135,1250000,3750000
2017-02-16 15:37:55.791000,1.13504,1.13499,2510000,3000000
2017-02-16 15:37:56.349000,1.13504,1.13501,2060000,1120000
2017-02-16 15:37:56.909000,1.13503,1.13499,1120000,1870000
2017-02-16 15:37:57.212000,1.13501,1.13499,1500000,1370000
2017-02-16 15:37:57.263000,1.13501,1.13497,2620000,1870000
2017-02-16 15:37:57.314000,1.135,1.13497,1310000,1000000
2017-02-16 15:37:57.365000,1.13499,1.13495,1690000,1500000
2017-02-16 15:37:57.518000,1.135,1.13499,4120000,1000000
2017-02-16 15:37:57.670000,1.13503,1.135,4690000,1870000
2017-02-16 15:37:58.373000,1.13503,1.13499,1310000,1500000
2017-02-16 15:37:58.525000,1.135,1.13499,1000000,1120000
2017-02-16 15:37:58.678000,1.13499,1.13497,1500000,1870000
2017-02-16 15:37:58.830000,1.13498,1.13494,1870000,2060000
2017-02-16 15:37:59.371000,1.13498,1.13494,2000000,1500000
2017-02-16 15:37:59.703000,1.13495,1.13493,1310000,1000000
2017-02-16 15:38:00.008000,1.13495,1.13491,1690000,2620000
2017-02-16 15:38:00.514000,1.13495,1.13491,2250000,1120000
2017-02-16 15:38:01.063000,1.13495,1.13492,1500000,2250000
2017-02-16 15:38:01.270000,1.13495,1.13492,1000000,1870000
2017-02-16 15:38:02.034000,1.13496,1.13492,1120000,2250000
2017-02-16 15:38:02.326000,1.13497,1.13494,3750000,1120000
2017-02-16 15:38:02.573000,1.13505,1.13499,6560000,2620000
2017-02-16 15:38:02.625000,1.13505,1.13499,4310000,2620000
2017-02-16 15:38:02.676000,1.135,1.13498,1190000,6370000
2017-02-16 15:38:02.830000,1.13498,1.13495,1000000,1000000
2017-02-16 15:38:03.288000,1.135,1.13498,2620000,4350000
