time,ask,bid,ask_volume,bid_volume
2023-02-15 14:10:00.067000,1.34,1.33992,5400000,3600000
2023-02-15 14:10:00.256000,1.33997,1.3399,1200000,3600000
2023-02-15 14:10:00.358000,1.33998,1.3399,1200000,5040000
2023-02-15 14:10:00.511000,1.33999,1.33992,4270000,3600000
2023-02-15 14:10:00.613000,1.33999,1.33991,4270000,3600000
2023-02-15 14:10:00.867000,1.33998,1.3399,1200000,3600000
2023-02-15 14:10:01.172000,1.33998,1.33989,1120000,4050000
2023-02-15 14:10:01.274000,1.33992,1.33986,3820000,3600000
2023-02-15 14:10:01.376000,1.33992,1.33985,3600000,3600000
2023-02-15 14:10:01.478000,1.33992,1.33984,3600000,3600000
2023-02-15 14:10:01.760000,1.3399,1.33984,2020000,3600000
2023-02-15 14:10:01.862000,1.33991,1.33983,3600000,3600000
2023-02-15 14:10:02.015000,1.3399,1.33982,3600000,3600000
2023-02-15 14:10:02.117000,1.33986,1.33982,1200000,1800000
2023-02-15 14:10:02.169000,1.33985,1.33979,3600000,4500000
2023-02-15 14:10:02.220000,1.33985,1.33977,3820000,3600000
2023-02-15 14:10:02.322000,1.33984,1.33975,4950000,3600000
2023-02-15 14:10:02.373000,1.33984,1.33977,4050000,3600000
2023-02-15 14:10:02.526000,1.33985,1.33978,3600000,3600000
2023-02-15 14:10:02.730000,1.33988,1.33981,4500000,3600000
2023-02-15 14:10:02.883000,1.33986,1.33979,4500000,3600000
2023-02-15 14:10:02.985000,1.33986,1.33976,5400000,4500000
2023-02-15 14:10:03.036000,1.33987,1.33978,5400000,3600000
2023-02-15 14:10:03.290000,1.33985,1.33975,1720000,4500000
2023-02-15 14:10:03.443000,1.33985,1.33975,4140000,3600000
2023-02-15 14:10:03.494000,1.33985,1.33978,5580000,3600000
2023-02-15 14:10:03.596000,1.33984,1.33977,3600000,3600000
2023-02-15 14:10:03.698000,1.33986,1.33977,5940000,3600000
2023-02-15 14:10:03.901000,1.33984,1.33978,3150000,3600000
2023-02-15 14:10:04.054000,1.33982,1.33973,3600000,3600000
2023-02-15 14:10:04.207000,1.33984,1.33975,6390000,3600000
2023-02-15 14:10:04.309000,1.33984,1.33974,2880000,3600000
2023-02-15 14:10:04.411000,1.33981,1.33973,1200000,3600000
2023-02-15 14:10:04.513000,1.33983,1.33973,6610000,3600000
2023-02-15 14:10:04.716000,1.33982,1.33973,3600000,3600000
2023-02-15 14:10:05.091000,1.33984,1.33977,3600000,3600000
2023-02-15 14:10:05.295000,1.33985,1.33978,3600000,3600000
2023-02-15 14:10:05.397000,1.33984,1.33977,3600000,3600000
2023-02-15 14:10:05.500000,1.33982,1.33976,1200000,3600000
2023-02-15 14:10:05.602000,1.33982,1.33975,4500000,3600000
2023-02-15 14:10:05.756000,1.33981,1.33974,4500000,3600000
2023-02-15 14:10:05.909000,1.33981,1.33973,1200000,3600000
2023-02-15 14:10:06.012000,1.33981,1.33974,4950000,3600000
2023-02-15 14:10:06.267000,1.33982,1.33979,1200000,4050000
2023-02-15 14:10:06.318000,1.33987,1.33981,1200000,3600000
2023-02-15 14:10:06.421000,1.33985,1.33978,4500000,3600000
2023-02-15 14:10:06.473000,1.33985,1.33976,3370000,3820000
2023-02-15 14:10:06.575000,1.33985,1.33976,4050000,3600000
2023-02-15 14:10:06.677000,1.33983,1.33976,3600000,3600000
2023-02-15 14:10:07.102000,1.33988,1.33981,4050000,3600000
2023-02-15 14:10:07.153000,1.33989,1.33981,1350000,3600000
2023-02-15 14:10:07.204000,1.33987,1.33981,1200000,3600000
2023-02-15 14:10:07.306000,1.33984,1.33977,1200000,3600000
2023-02-15 14:10:07.408000,1.33983,1.33973,1200000,4810000
2023-02-15 14:10:07.459000,1.33983,1.33975,1350000,3600000
2023-02-15 14:10:07.764000,1.33984,1.33976,1200000,4050000
2023-02-15 14:10:07.865000,1.33987,1.33976,6070000,4590000
2023-02-15 14:10:07.967000,1.33987,1.33976,3600000,5550000
2023-02-15 14:10:08.019000,1.33986,1.33979,3600000,3600000
2023-02-15 14:10:08.121000,1.33985,1.33978,3600000,3600000
2023-02-15 14:10:10.532000,1.33987,1.33977,1200000,4590000
2023-02-15 14:10:10.583000,1.33986,1.33979,3600000,3600000
2023-02-15 14:10:10.685000,1.33987,1.3398,4500000,3600000
2023-02-15 14:10:10.888000,1.33986,1.33979,3600000,3600000
2023-02-15 14:10:11.142000,1.33983,1.33979,1200000,3600000
2023-02-15 14:10:11.193000,1.33983,1.33977,1200000,3600000
2023-02-15 14:10:11.346000,1.33983,1.33975,1200000,3600000
2023-02-15 14:10:11.398000,1.33985,1.33975,5670000,3600000
2023-02-15 14:10:11.573000,1.33984,1.33977,3600000,3600000
2023-02-15 14:10:11.675000,1.33985,1.33978,3600000,4050000
2023-02-15 14:10:11.777000,1.33989,1.33981,1200000,3600000
2023-02-15 14:10:11.980000,1.33988,1.33981,3600000,3600000
2023-02-15 14:10:12.133000,1.33983,1.33978,3600000,1200000
2023-02-15 14:10:12.184000,1.33985,1.33976,4950000,3600000
2023-02-15 14:10:12.336000,1.33983,1.33976,3600000,3600000
2023-02-15 14:10:12.453000,1.33985,1.33975,4050000,3600000
2023-02-15 14:10:12.605000,1.33985,1.33976,5850000,3600000
2023-02-15 14:10:12.809000,1.33985,1.33975,5400000,3600000
2023-02-15 14:10:12.910000,1.33984,1.33975,2250000,3600000
2023-02-15 14:10:13.013000,1.33981,1.33973,1200000,3600000
2023-02-15 14:10:13.686000,1.33979,1.33972,1720000,3600000
2023-02-15 14:10:13.788000,1.33974,1.33966,1570000,3600000
2023-02-15 14:10:13.890000,1.33973,1.33965,3600000,1200000
2023-02-15 14:10:13.992000,1.33972,1.33965,1200000,1200000
2023-02-15 14:10:14.044000,1.33972,1.33963,1800000,5040000
2023-02-15 14:10:14.146000,1.33971,1.33963,1200000,4500000
2023-02-15 14:10:14.298000,1.33974,1.33966,4720000,1200000
2023-02-15 14:10:14.400000,1.33977,1.33967,1600000,5490000
2023-02-15 14:10:14.553000,1.33979,1.33966,6160000,5490000
2023-02-15 14:10:14.858000,1.33975,1.33966,4120000,1200000
2023-02-15 14:10:14.960000,1.33974,1.33965,2560000,1200000
2023-02-15 14:10:15.112000,1.33973,1.33964,2110000,1200000
2023-02-15 14:10:15.214000,1.33974,1.33971,1200000,1800000
2023-02-15 14:10:15.266000,1.33979,1.33971,1800000,1800000
2023-02-15 14:10:15.368000,1.3398,1.33971,4050000,1200000
2023-02-15 14:10:15.887000,1.33977,1.33971,1350000,3600000
2023-02-15 14:10:15.990000,1.3398,1.33972,1350000,1200000
2023-02-15 14:10:16.091000,1.3398,1.33971,1350000,1200000
2023-02-15 14:10:16.193000,1.3398,1.33972,4050000,3600000
2023-02-15 14:10:16.296000,1.33981,1.33974,1800000,1200000
2023-02-15 14:10:16.397000,1.33981,1.33973,1200000,1200000
2023-02-15 14:10:17.777000,1.33984,1.33972,4050000,1350000
2023-02-15 14:10:17.889000,1.33983,1.33973,4500000,1350000
2023-02-15 14:10:18.101000,1.33981,1.33973,1200000,4950000
2023-02-15 14:10:18.355000,1.33982,1.33973,1200000,4950000
2023-02-15 14:10:18.967000,1.33982,1.33973,4800000,1890000
2023-02-15 14:10:19.018000,1.33981,1.33971,3300000,1350000
2023-02-15 14:10:19.553000,1.33982,1.33972,7050000,1200000
2023-02-15 14:10:19.655000,1.33983,1.33973,4570000,1200000
2023-02-15 14:10:19.706000,1.33975,1.33972,1200000,4500000
2023-02-15 14:10:19.758000,1.33978,1.33966,1800000,5850000
2023-02-15 14:10:19.809000,1.33974,1.33966,1200000,1850000
2023-02-15 14:10:19.911000,1.33975,1.33966,7820000,2850000
2023-02-15 14:10:19.962000,1.33972,1.33961,1200000,5040000
2023-02-15 14:10:20.166000,1.3397,1.33962,3600000,1200000
2023-02-15 14:10:20.217000,1.33967,1.33961,4950000,1570000
2023-02-15 14:10:20.268000,1.33964,1.33955,5850000,1300000
2023-02-15 14:10:20.320000,1.33964,1.33955,5850000,1200000
2023-02-15 14:10:20.422000,1.33963,1.33955,1200000,1200000
2023-02-15 14:10:20.524000,1.33963,1.33952,1600000,1200000
2023-02-15 14:10:20.575000,1.3396,1.33951,5400000,4500000
2023-02-15 14:10:20.626000,1.33957,1.3395,3600000,3600000
2023-02-15 14:10:20.728000,1.33957,1.33947,1800000,1200000
2023-02-15 14:10:21.135000,1.33954,1.33945,3600000,1120000
2023-02-15 14:10:21.237000,1.33953,1.33945,3820000,1200000
2023-02-15 14:10:21.338000,1.33952,1.33944,1200000,4500000
2023-02-15 14:10:21.390000,1.3395,1.33944,1200000,4950000
2023-02-15 14:10:21.492000,1.33953,1.33944,3820000,4950000
2023-02-15 14:10:21.594000,1.33954,1.33944,3750000,1200000
2023-02-15 14:10:21.645000,1.33954,1.33941,8050000,5400000
2023-02-15 14:10:21.849000,1.33951,1.33944,1200000,1800000
2023-02-15 14:10:21.900000,1.33954,1.33945,3300000,5400000
2023-02-15 14:10:22.003000,1.33954,1.33944,4500000,4950000
2023-02-15 14:10:22.105000,1.33952,1.33944,1120000,3600000
2023-02-15 14:10:22.207000,1.33951,1.33944,1200000,1200000
2023-02-15 14:10:22.259000,1.33953,1.33946,1200000,5850000
2023-02-15 14:10:22.361000,1.33955,1.33946,1200000,1350000
2023-02-15 14:10:22.463000,1.33957,1.33949,3600000,1350000
2023-02-15 14:10:22.565000,1.33961,1.33952,2470000,3600000
2023-02-15 14:10:22.617000,1.3396,1.3395,3370000,1800000
2023-02-15 14:10:22.719000,1.33958,1.3395,1200000,1200000
2023-02-15 14:10:22.821000,1.33956,1.3395,1200000,1200000
2023-02-15 14:10:22.923000,1.33956,1.33951,1200000,4500000
2023-02-15 14:10:22.974000,1.33959,1.33951,4500000,1200000
2023-02-15 14:10:23.424000,1.33959,1.3395,6070000,4500000
2023-02-15 14:10:23.475000,1.33956,1.33949,1200000,1200000
2023-02-15 14:10:23.679000,1.33957,1.3395,1200000,3600000
2023-02-15 14:10:23.781000,1.33958,1.33949,1200000,1200000
2023-02-15 14:10:23.884000,1.33953,1.33946,1200000,1350000
2023-02-15 14:10:23.985000,1.33954,1.33946,1200000,1200000
2023-02-15 14:10:24.087000,1.33954,1.33945,1120000,4500000
2023-02-15 14:10:24.190000,1.33952,1.33945,1200000,3600000
2023-02-15 14:10:24.292000,1.33953,1.33945,1200000,1350000
2023-02-15 14:10:24.394000,1.33956,1.33947,3910000,3600000
2023-02-15 14:10:24.496000,1.33954,1.33945,1200000,4500000
2023-02-15 14:10:24.598000,1.33952,1.33943,1440000,5400000
2023-02-15 14:10:24.700000,1.33948,1.33941,1320000,1200000
2023-02-15 14:10:24.802000,1.33944,1.33935,1200000,4500000
2023-02-15 14:10:24.904000,1.33943,1.33936,1200000,3600000
2023-02-15 14:10:25.007000,1.33943,1.33935,1200000,4500000
2023-02-15 14:10:25.058000,1.33942,1.33934,2170000,4950000
2023-02-15 14:10:25.160000,1.33942,1.33934,1200000,1800000
2023-02-15 14:10:25.211000,1.33943,1.33936,1200000,3600000
2023-02-15 14:10:25.313000,1.33944,1.33935,1200000,4500000
2023-02-15 14:10:25.567000,1.33943,1.33935,3600000,1200000
2023-02-15 14:10:25.669000,1.33943,1.33933,5940000,4950000
2023-02-15 14:10:25.721000,1.33941,1.33932,1120000,1800000
2023-02-15 14:10:25.823000,1.3394,1.33932,1200000,1800000
2023-02-15 14:10:25.925000,1.3394,1.33935,1200000,1200000
2023-02-15 14:10:25.977000,1.33945,1.33938,1200000,3600000
2023-02-15 14:10:26.078000,1.33945,1.33936,4500000,5400000
2023-02-15 14:10:26.130000,1.33943,1.33935,3600000,1800000
2023-02-15 14:10:26.232000,1.33942,1.33935,3600000,1200000
2023-02-15 14:10:26.283000,1.33941,1.33932,1200000,3600000
2023-02-15 14:10:26.334000,1.33939,1.33931,3600000,1200000
2023-02-15 14:10:26.705000,1.3394,1.33932,1200000,3600000
2023-02-15 14:10:26.857000,1.3394,1.33935,1200000,1200000
2023-02-15 14:10:26.909000,1.33942,1.33935,1200000,4500000
2023-02-15 14:10:27.010000,1.33944,1.33935,1200000,3600000
2023-02-15 14:10:27.113000,1.33945,1.33937,1200000,1200000
2023-02-15 14:10:27.215000,1.33947,1.33939,1120000,4500000
2023-02-15 14:10:27.266000,1.33946,1.33939,6370000,1200000
2023-02-15 14:10:27.317000,1.33944,1.33937,1200000,3600000
2023-02-15 14:10:27.521000,1.33944,1.33936,2020000,3600000
2023-02-15 14:10:27.623000,1.33943,1.33936,1200000,3600000
2023-02-15 14:10:27.674000,1.33943,1.33934,1350000,3600000
2023-02-15 14:10:27.725000,1.33941,1.33936,1200000,3600000
2023-02-15 14:10:27.827000,1.33942,1.33935,1200000,3600000
2023-02-15 14:10:27.930000,1.33942,1.33934,1200000,3600000
2023-02-15 14:10:28.031000,1.33941,1.33934,1200000,1200000
2023-02-15 14:10:28.188000,1.33941,1.33933,1200000,4500000
2023-02-15 14:10:28.504000,1.33937,1.33931,3600000,1200000
2023-02-15 14:10:28.556000,1.33939,1.33931,5170000,1200000
2023-02-15 14:10:28.657000,1.33938,1.33931,1200000,3600000
2023-02-15 14:10:28.760000,1.33933,1.33927,1200000,1260000
2023-02-15 14:10:28.862000,1.33933,1.33924,4050000,4500000
2023-02-15 14:10:28.964000,1.33932,1.33924,1120000,4500000
2023-02-15 14:10:29.066000,1.33932,1.33929,1200000,3600000
2023-02-15 14:10:29.117000,1.33935,1.33929,1200000,3600000
2023-02-15 14:10:29.219000,1.33935,1.33928,1200000,3600000
2023-02-15 14:10:29.321000,1.33937,1.33927,1200000,1800000
2023-02-15 14:10:29.372000,1.33934,1.33928,3600000,5400000
2023-02-15 14:10:29.423000,1.33937,1.33928,1200000,1200000
2023-02-15 14:10:29.474000,1.33937,1.3393,1200000,3600000
2023-02-15 14:10:29.576000,1.33937,1.33927,1870000,3600000
2023-02-15 14:10:29.628000,1.33934,1.33927,1120000,3600000
2023-02-15 14:10:30.034000,1.33933,1.33926,1120000,3600000
2023-02-15 14:10:30.086000,1.33933,1.33924,1120000,1350000
2023-02-15 14:10:30.137000,1.33931,1.33923,1200000,1200000
2023-02-15 14:10:30.736000,1.33932,1.33924,3820000,1200000
2023-02-15 14:10:30.977000,1.33934,1.33923,2110000,1800000
2023-02-15 14:10:31.384000,1.33933,1.33924,4720000,4350000
2023-02-15 14:10:31.486000,1.33933,1.33927,1120000,3600000
2023-02-15 14:10:31.537000,1.33934,1.33924,1120000,4950000
2023-02-15 14:10:31.711000,1.33934,1.33923,5550000,3600000
2023-02-15 14:10:31.763000,1.3393,1.33923,3600000,1600000
2023-02-15 14:10:31.814000,1.33933,1.33925,1120000,1350000
2023-02-15 14:10:31.916000,1.33935,1.33925,4800000,5850000
2023-02-15 14:10:32.018000,1.33935,1.33926,3300000,4500000
2023-02-15 14:10:32.225000,1.33935,1.33926,3820000,4500000
2023-02-15 14:10:32.428000,1.33934,1.33926,1200000,4500000
2023-02-15 14:10:32.631000,1.33934,1.33927,1200000,4500000
2023-02-15 14:10:32.733000,1.33938,1.33926,6000000,3600000
2023-02-15 14:10:32.835000,1.33937,1.33928,5620000,3600000
2023-02-15 14:10:32.937000,1.33936,1.33927,3300000,3600000
2023-02-15 14:10:33.089000,1.3393,1.33925,3600000,1200000
2023-02-15 14:10:33.141000,1.33935,1.33926,3300000,4500000
2023-02-15 14:10:33.243000,1.33934,1.33927,3600000,5400000
2023-02-15 14:10:33.294000,1.33938,1.33928,4870000,3600000
2023-02-15 14:10:33.396000,1.33938,1.33928,5710000,3600000
2023-02-15 14:10:33.548000,1.33934,1.33927,3600000,5400000
2023-02-15 14:10:33.863000,1.33938,1.33929,5710000,3600000
2023-02-15 14:10:34.168000,1.33933,1.33926,3600000,4500000
2023-02-15 14:10:34.270000,1.33934,1.33926,3600000,1200000
2023-02-15 14:10:34.423000,1.33935,1.33928,3820000,1200000
2023-02-15 14:10:34.474000,1.33938,1.33928,1210000,5400000
2023-02-15 14:10:34.576000,1.33938,1.33929,1210000,3600000
2023-02-15 14:10:34.678000,1.33938,1.33928,1210000,5400000
2023-02-15 14:10:34.799000,1.33937,1.33928,3600000,1800000
2023-02-15 14:10:35.064000,1.33937,1.33929,3600000,1200000
2023-02-15 14:10:35.115000,1.33938,1.33931,3600000,1200000
2023-02-15 14:10:35.166000,1.3394,1.33931,3820000,1350000
2023-02-15 14:10:35.269000,1.33929,1.33926,1200000,1350000
2023-02-15 14:10:35.320000,1.33929,1.33922,1200000,1120000
2023-02-15 14:10:35.371000,1.33926,1.33919,3600000,3600000
2023-02-15 14:10:35.473000,1.33924,1.33917,3600000,4500000
2023-02-15 14:10:35.626000,1.33928,1.33919,1200000,1200000
2023-02-15 14:10:35.677000,1.33932,1.33925,1350000,1200000
2023-02-15 14:10:35.779000,1.33933,1.33924,3240000,1200000
2023-02-15 14:10:36.363000,1.33934,1.33925,8770000,1200000
2023-02-15 14:10:36.464000,1.33932,1.33925,3600000,5850000
2023-02-15 14:10:36.567000,1.33934,1.33923,6160000,1200000
2023-02-15 14:10:36.770000,1.33932,1.33923,3600000,1200000
2023-02-15 14:10:36.993000,1.33933,1.33922,6300000,1200000
2023-02-15 14:10:37.045000,1.3393,1.3392,6840000,4500000
2023-02-15 14:10:37.097000,1.33926,1.33919,3600000,3600000
2023-02-15 14:10:37.199000,1.33926,1.33918,1120000,4500000
2023-02-15 14:10:37.301000,1.33924,1.33916,1200000,1800000
2023-02-15 14:10:37.352000,1.33926,1.33916,6160000,1800000
2023-02-15 14:10:37.606000,1.3392,1.33912,1440000,3970000
2023-02-15 14:10:37.708000,1.33918,1.3391,3600000,1200000
2023-02-15 14:10:37.759000,1.3392,1.3391,5040000,3820000
2023-02-15 14:10:37.810000,1.33918,1.33909,3600000,1420000
2023-02-15 14:10:37.912000,1.33921,1.33909,4360000,1200000
2023-02-15 14:10:38.014000,1.33917,1.3391,3600000,1200000
2023-02-15 14:10:38.066000,1.33917,1.33907,1120000,5400000
2023-02-15 14:10:38.117000,1.33918,1.3391,4500000,1200000
2023-02-15 14:10:38.219000,1.33919,1.3391,3600000,4500000
2023-02-15 14:10:38.371000,1.33919,1.33909,3600000,1200000
2023-02-15 14:10:38.473000,1.33917,1.3391,3600000,3600000
2023-02-15 14:10:38.525000,1.33917,1.33906,3600000,1350000
2023-02-15 14:10:38.627000,1.33918,1.33908,5400000,3600000
2023-02-15 14:10:38.729000,1.33921,1.33915,3600000,1200000
2023-02-15 14:10:38.831000,1.33922,1.33915,3600000,4500000
2023-02-15 14:10:39.136000,1.33924,1.33915,3690000,1800000
2023-02-15 14:10:39.187000,1.33924,1.33917,3600000,1350000
2023-02-15 14:10:39.289000,1.33925,1.33918,3600000,4500000
2023-02-15 14:10:39.391000,1.33926,1.33916,3690000,1200000
2023-02-15 14:10:39.493000,1.33925,1.33915,4240000,1200000
2023-02-15 14:10:40.118000,1.33923,1.33915,1200000,1200000
2023-02-15 14:10:40.220000,1.33924,1.33915,1660000,1200000
2023-02-15 14:10:40.321000,1.33921,1.33915,3600000,1200000
2023-02-15 14:10:40.372000,1.33925,1.33915,5670000,1200000
2023-02-15 14:10:40.677000,1.33924,1.33917,3820000,3600000
2023-02-15 14:10:40.779000,1.33926,1.33919,3820000,3600000
2023-02-15 14:10:40.881000,1.33925,1.33918,3600000,4500000
2023-02-15 14:10:41.085000,1.33922,1.33915,3600000,3600000
2023-02-15 14:10:41.187000,1.3392,1.33913,3600000,4500000
2023-02-15 14:10:41.238000,1.33923,1.33914,3600000,4500000
2023-02-15 14:10:41.340000,1.33922,1.33914,3600000,1200000
2023-02-15 14:10:41.574000,1.33923,1.33914,3600000,4500000
2023-02-15 14:10:42.644000,1.33921,1.33911,6040000,4500000
2023-02-15 14:10:42.746000,1.33921,1.33912,3370000,3600000
2023-02-15 14:10:42.848000,1.33924,1.33912,5620000,1200000
2023-02-15 14:10:42.899000,1.33924,1.33914,1500000,1200000
2023-02-15 14:10:43.001000,1.33925,1.33915,3750000,1200000
2023-02-15 14:10:43.306000,1.33919,1.33912,1320000,1200000
2023-02-15 14:10:43.408000,1.33914,1.33906,1200000,4500000
2023-02-15 14:10:43.510000,1.33911,1.33905,1200000,3600000
2023-02-15 14:10:43.612000,1.33911,1.33902,3910000,3600000
2023-02-15 14:10:43.664000,1.33909,1.33901,1300000,3600000
2023-02-15 14:10:43.765000,1.33909,1.339,1300000,1200000
2023-02-15 14:10:43.876000,1.33909,1.33901,1300000,3600000
2023-02-15 14:10:44.027000,1.33908,1.33899,2560000,3600000
2023-02-15 14:10:44.078000,1.33905,1.33898,1210000,2250000
2023-02-15 14:10:44.129000,1.33907,1.33895,4050000,4500000
2023-02-15 14:10:44.384000,1.33906,1.33899,3600000,1200000
2023-02-15 14:10:44.485000,1.33908,1.33898,3820000,4500000
2023-02-15 14:10:44.587000,1.33909,1.339,1400000,3600000
2023-02-15 14:10:44.689000,1.33908,1.33898,6370000,4500000
2023-02-15 14:10:44.842000,1.33907,1.33898,3300000,3600000
2023-02-15 14:10:44.944000,1.33909,1.33897,4800000,3600000
2023-02-15 14:10:44.995000,1.33907,1.339,3820000,3600000
2023-02-15 14:10:45.199000,1.3391,1.33901,5550000,3600000
2023-02-15 14:10:45.250000,1.3391,1.33901,3820000,4500000
2023-02-15 14:10:45.352000,1.3391,1.33901,3820000,3600000
2023-02-15 14:10:45.555000,1.33911,1.33902,2170000,3600000
2023-02-15 14:10:45.657000,1.33911,1.33901,5920000,4500000
2023-02-15 14:10:45.911000,1.33912,1.339,4420000,4500000
2023-02-15 14:10:45.962000,1.33908,1.339,3820000,3600000
2023-02-15 14:10:46.064000,1.33909,1.339,3820000,3600000
2023-02-15 14:10:46.318000,1.33909,1.33902,3820000,4500000
2023-02-15 14:10:46.420000,1.33907,1.33901,3600000,1200000
2023-02-15 14:10:46.522000,1.33907,1.339,3600000,3600000
2023-02-15 14:10:46.675000,1.33908,1.33899,3820000,3600000
2023-02-15 14:10:46.777000,1.3391,1.33901,3300000,4500000
2023-02-15 14:10:46.879000,1.33911,1.33904,4420000,3690000
2023-02-15 14:10:46.982000,1.33918,1.33911,3600000,3600000
2023-02-15 14:10:47.084000,1.3392,1.33913,3600000,3600000
2023-02-15 14:10:47.237000,1.33921,1.33911,5260000,3600000
2023-02-15 14:10:47.339000,1.33921,1.33913,3600000,1200000
2023-02-15 14:10:47.443000,1.33921,1.33911,3600000,6750000
2023-02-15 14:10:47.595000,1.33919,1.33912,3600000,3600000
2023-02-15 14:10:47.748000,1.33922,1.3391,3820000,6300000
2023-02-15 14:10:47.869000,1.33923,1.33916,4500000,6750000
2023-02-15 14:10:47.971000,1.33926,1.33919,1200000,3600000
2023-02-15 14:10:48.022000,1.33927,1.33918,3600000,4500000
2023-02-15 14:10:48.074000,1.33926,1.33918,1720000,3600000
2023-02-15 14:10:48.125000,1.33924,1.33914,4500000,5850000
2023-02-15 14:10:48.176000,1.33922,1.33914,6300000,3600000
2023-02-15 14:10:48.278000,1.33922,1.33913,5400000,4500000
2023-02-15 14:10:48.380000,1.33921,1.33913,3600000,3600000
2023-02-15 14:10:48.533000,1.33922,1.33913,5400000,3600000
2023-02-15 14:10:48.847000,1.33924,1.33913,1600000,5850000
2023-02-15 14:10:48.949000,1.33924,1.33916,3600000,4500000
2023-02-15 14:10:49.051000,1.33924,1.33917,3600000,3600000
2023-02-15 14:10:49.254000,1.33925,1.33916,1120000,4500000
2023-02-15 14:10:49.359000,1.33924,1.33917,3600000,3600000
2023-02-15 14:10:49.462000,1.33919,1.33912,3600000,3600000
2023-02-15 14:10:49.513000,1.3392,1.3391,3820000,4500000
2023-02-15 14:10:49.615000,1.33921,1.33911,5250000,3600000
2023-02-15 14:10:49.717000,1.33918,1.33911,3600000,3600000
2023-02-15 14:10:49.956000,1.33921,1.33913,3600000,3600000
2023-02-15 14:10:50.284000,1.33922,1.33914,3600000,5470000
2023-02-15 14:10:50.335000,1.33921,1.33914,3600000,3820000
2023-02-15 14:10:50.387000,1.33923,1.33914,2110000,3600000
2023-02-15 14:10:50.438000,1.3392,1.33911,3820000,4950000
2023-02-15 14:10:50.540000,1.33918,1.33911,3600000,4500000
2023-02-15 14:10:50.794000,1.33917,1.3391,3600000,3600000
2023-02-15 14:10:51.048000,1.33919,1.33912,4500000,3600000
2023-02-15 14:10:51.251000,1.3392,1.33913,3600000,3600000
2023-02-15 14:10:51.404000,1.3392,1.33912,3600000,3600000
2023-02-15 14:10:51.506000,1.3392,1.33911,3600000,1200000
2023-02-15 14:10:51.608000,1.33921,1.33912,3150000,3600000
2023-02-15 14:10:51.710000,1.3392,1.33912,3600000,3600000
2023-02-15 14:10:51.863000,1.33922,1.33911,4500000,4500000
2023-02-15 14:10:52.066000,1.33921,1.33915,3600000,1200000
2023-02-15 14:10:52.168000,1.33923,1.33916,1200000,3600000
2023-02-15 14:10:52.220000,1.33924,1.33917,3820000,3600000
2023-02-15 14:10:52.561000,1.33924,1.33916,3820000,3600000
2023-02-15 14:10:52.663000,1.33922,1.33915,4050000,3600000
2023-02-15 14:10:52.765000,1.33923,1.33915,4950000,3600000
2023-02-15 14:10:52.867000,1.3392,1.33911,6160000,4500000
2023-02-15 14:10:52.969000,1.33919,1.33912,3600000,3600000
2023-02-15 14:10:53.020000,1.33921,1.33912,5400000,3600000
2023-02-15 14:10:53.122000,1.33921,1.33913,4500000,3600000
2023-02-15 14:10:53.224000,1.33919,1.33912,4500000,3600000
2023-02-15 14:10:53.326000,1.33918,1.33909,3600000,4500000
2023-02-15 14:10:53.430000,1.33918,1.33911,3600000,3600000
2023-02-15 14:10:53.851000,1.33919,1.33912,3600000,3600000
2023-02-15 14:10:54.004000,1.33919,1.33913,1200000,3600000
2023-02-15 14:10:54.106000,1.3392,1.33913,4500000,3600000
2023-02-15 14:10:54.363000,1.33919,1.33911,4720000,1200000
2023-02-15 14:10:54.465000,1.33919,1.33912,4500000,3600000
2023-02-15 14:10:54.567000,1.33919,1.3391,4500000,1200000
2023-02-15 14:10:54.770000,1.33919,1.33909,4500000,5850000
2023-02-15 14:10:55.492000,1.33919,1.33909,5550000,4950000
2023-02-15 14:10:55.696000,1.33918,1.33908,6610000,4500000
2023-02-15 14:10:55.798000,1.33917,1.33909,1200000,3600000
2023-02-15 14:10:55.900000,1.33918,1.33909,4720000,3600000
2023-02-15 14:10:56.278000,1.33919,1.33909,1200000,4500000
2023-02-15 14:10:56.481000,1.33919,1.3391,3460000,4500000
2023-02-15 14:10:56.631000,1.33918,1.3391,3600000,1200000
2023-02-15 14:10:56.885000,1.33919,1.3391,1660000,4500000
2023-02-15 14:10:56.987000,1.33919,1.33908,3820000,3600000
2023-02-15 14:10:57.088000,1.33918,1.33908,3600000,4950000
2023-02-15 14:10:57.190000,1.33918,1.33909,3600000,3600000
2023-02-15 14:10:57.292000,1.33918,1.33908,3600000,4950000
2023-02-15 14:10:57.394000,1.33918,1.33909,4500000,3600000
2023-02-15 14:10:57.574000,1.33918,1.33908,5400000,4500000
2023-02-15 14:10:59.197000,1.33918,1.33909,4500000,3600000
2023-02-15 14:10:59.299000,1.33918,1.3391,1200000,3600000
2023-02-15 14:10:59.401000,1.33919,1.33909,5850000,3600000
2023-02-15 14:10:59.503000,1.33918,1.33909,3600000,4950000
2023-02-15 14:10:59.604000,1.33919,1.3391,4950000,4500000
2023-02-15 14:10:59.706000,1.33918,1.3391,3600000,1200000
2023-02-15 14:10:59.808000,1.33919,1.3391,5850000,1200000
2023-02-15 14:11:00.062000,1.33918,1.3391,3600000,1200000
2023-02-15 14:11:00.367000,1.3392,1.33911,4160000,1200000
2023-02-15 14:11:00.822000,1.33917,1.33911,3600000,1200000
2023-02-15 14:11:00.974000,1.33917,1.3391,3600000,1200000
2023-02-15 14:11:01.806000,1.33912,1.33909,1200000,1200000
2023-02-15 14:11:01.858000,1.33911,1.33906,1350000,1200000
2023-02-15 14:11:01.960000,1.33908,1.33901,3600000,5400000
2023-02-15 14:11:02.113000,1.3391,1.33901,3600000,3600000
2023-02-15 14:11:02.570000,1.33907,1.33901,3600000,1200000
2023-02-15 14:11:02.671000,1.33908,1.33899,3600000,4500000
2023-02-15 14:11:02.925000,1.33908,1.33901,4500000,3600000
2023-02-15 14:11:03.078000,1.33909,1.33901,5400000,4500000
2023-02-15 14:11:03.681000,1.33909,1.33902,4720000,4500000
2023-02-15 14:11:03.834000,1.3391,1.33903,3300000,3600000
2023-02-15 14:11:03.936000,1.3391,1.33903,3820000,4500000
2023-02-15 14:11:04.405000,1.33911,1.33903,3600000,1200000
2023-02-15 14:11:05.390000,1.33912,1.33904,4720000,1200000
2023-02-15 14:11:05.543000,1.33912,1.33904,4720000,1200000
2023-02-15 14:11:05.644000,1.3391,1.33903,3600000,4500000
2023-02-15 14:11:05.695000,1.33912,1.33903,4270000,1800000
2023-02-15 14:11:05.797000,1.33914,1.33903,5100000,1200000
2023-02-15 14:11:05.899000,1.3391,1.33904,3600000,1200000
2023-02-15 14:11:06.630000,1.33911,1.33904,3600000,1200000
2023-02-15 14:11:06.732000,1.33912,1.33901,3600000,1200000
2023-02-15 14:11:06.834000,1.33911,1.33904,3970000,3600000
2023-02-15 14:11:07.088000,1.33911,1.33904,3600000,4500000
2023-02-15 14:11:07.299000,1.33911,1.33903,3600000,4500000
2023-02-15 14:11:07.825000,1.3391,1.33903,3600000,4500000
2023-02-15 14:11:07.927000,1.33908,1.339,3600000,1800000
2023-02-15 14:11:07.978000,1.33909,1.33901,3600000,4500000
2023-02-15 14:11:08.080000,1.33909,1.33902,3600000,1200000
2023-02-15 14:11:08.182000,1.3391,1.33903,4720000,3600000
2023-02-15 14:11:08.284000,1.33909,1.33903,3600000,1200000
2023-02-15 14:11:08.385000,1.3391,1.33903,4500000,5400000
2023-02-15 14:11:09.323000,1.3391,1.33902,4050000,1200000
2023-02-15 14:11:09.729000,1.3391,1.33905,3600000,1200000
2023-02-15 14:11:09.831000,1.33911,1.33904,3600000,1200000
2023-02-15 14:11:10.111000,1.33912,1.33904,3600000,5400000
2023-02-15 14:11:10.776000,1.33912,1.33905,4050000,1200000
2023-02-15 14:11:10.879000,1.33914,1.33908,1200000,5040000
2023-02-15 14:11:10.981000,1.33919,1.3391,5620000,1200000
2023-02-15 14:11:11.083000,1.33919,1.33911,4720000,3600000
2023-02-15 14:11:11.185000,1.33919,1.3391,4720000,4500000
2023-02-15 14:11:11.338000,1.33919,1.33911,1120000,3600000
2023-02-15 14:11:11.389000,1.33919,1.33913,4720000,1200000
2023-02-15 14:11:11.491000,1.33919,1.33911,5170000,1200000
2023-02-15 14:11:11.593000,1.33918,1.33911,3600000,4500000
2023-02-15 14:11:11.999000,1.33918,1.33912,3600000,1200000
2023-02-15 14:11:12.119000,1.33919,1.33911,5620000,1200000
2023-02-15 14:11:12.220000,1.33918,1.33911,1200000,1200000
2023-02-15 14:11:12.576000,1.33916,1.33908,4050000,4950000
2023-02-15 14:11:12.627000,1.33914,1.33908,3600000,1350000
2023-02-15 14:11:12.729000,1.33914,1.33907,3600000,4500000
2023-02-15 14:11:13.033000,1.33917,1.33907,1800000,6390000
2023-02-15 14:11:13.085000,1.33917,1.33909,4500000,5400000
2023-02-15 14:11:13.187000,1.33918,1.33912,1200000,3600000
2023-02-15 14:11:13.289000,1.33919,1.3391,1200000,1600000
2023-02-15 14:11:13.549000,1.33916,1.33909,4050000,4500000
2023-02-15 14:11:13.753000,1.33917,1.3391,4350000,3600000
2023-02-15 14:11:13.804000,1.33918,1.33909,1200000,4800000
2023-02-15 14:11:13.906000,1.33919,1.3391,5620000,4950000
2023-02-15 14:11:14.517000,1.33919,1.3391,5290000,3600000
2023-02-15 14:11:14.568000,1.33918,1.33908,1120000,1350000
2023-02-15 14:11:14.670000,1.33915,1.33907,1600000,3600000
2023-02-15 14:11:14.721000,1.33913,1.33904,1200000,5850000
2023-02-15 14:11:14.773000,1.3391,1.33904,4050000,1200000
2023-02-15 14:11:14.824000,1.33911,1.33901,4050000,6390000
2023-02-15 14:11:14.976000,1.3391,1.33903,3600000,3600000
2023-02-15 14:11:15.187000,1.33911,1.33903,3600000,3600000
2023-02-15 14:11:15.289000,1.33911,1.33905,3600000,1200000
2023-02-15 14:11:15.391000,1.33911,1.33907,3600000,1200000
2023-02-15 14:11:15.442000,1.33912,1.33905,3600000,4500000
2023-02-15 14:11:15.595000,1.33912,1.33908,3600000,1350000
2023-02-15 14:11:15.646000,1.3392,1.33916,2550000,1200000
2023-02-15 14:11:15.748000,1.33925,1.33917,1300000,1800000
2023-02-15 14:11:15.850000,1.33926,1.33919,3600000,3600000
2023-02-15 14:11:15.902000,1.33928,1.33919,3600000,1120000
2023-02-15 14:11:15.953000,1.33928,1.33921,3600000,1200000
2023-02-15 14:11:16.055000,1.33929,1.33922,3970000,3600000
2023-02-15 14:11:16.259000,1.33926,1.33919,3600000,3600000
2023-02-15 14:11:16.361000,1.33925,1.33918,3600000,3600000
2023-02-15 14:11:17.186000,1.33926,1.33919,3600000,4500000
2023-02-15 14:11:17.287000,1.33927,1.3392,3600000,3600000
2023-02-15 14:11:17.339000,1.33925,1.33917,3600000,1200000
2023-02-15 14:11:17.441000,1.33926,1.33919,3600000,3600000
2023-02-15 14:11:17.750000,1.33923,1.33916,3600000,4500000
2023-02-15 14:11:17.852000,1.33925,1.33918,3790000,3600000
2023-02-15 14:11:17.954000,1.33925,1.33918,3820000,3600000
2023-02-15 14:11:18.056000,1.33926,1.33917,4050000,3600000
2023-02-15 14:11:18.360000,1.33926,1.33918,3600000,3600000
2023-02-15 14:11:18.462000,1.33927,1.33918,3600000,1200000
2023-02-15 14:11:18.665000,1.33926,1.33919,3600000,3600000
2023-02-15 14:11:18.767000,1.33926,1.33917,3600000,4500000
2023-02-15 14:11:18.869000,1.33928,1.33917,4950000,1200000
2023-02-15 14:11:18.971000,1.33921,1.33912,4350000,4600000
2023-02-15 14:11:19.022000,1.33919,1.3391,4160000,1200000
2023-02-15 14:11:19.124000,1.33918,1.33911,3600000,3600000
2023-02-15 14:11:19.226000,1.33919,1.3391,3970000,1200000
2023-02-15 14:11:19.378000,1.33919,1.3391,4050000,1200000
2023-02-15 14:11:19.480000,1.33919,1.3391,3600000,3600000
2023-02-15 14:11:19.734000,1.33919,1.33912,3600000,3600000
2023-02-15 14:11:19.836000,1.3392,1.33912,4500000,3600000
2023-02-15 14:11:20.115000,1.33919,1.33912,4050000,3600000
2023-02-15 14:11:20.217000,1.33918,1.33911,3600000,3600000
2023-02-15 14:11:20.493000,1.33918,1.3391,4500000,4500000
2023-02-15 14:11:20.645000,1.33912,1.33907,3600000,1120000
2023-02-15 14:11:20.748000,1.3391,1.33903,3600000,3600000
2023-02-15 14:11:21.003000,1.33912,1.33904,3600000,4500000
2023-02-15 14:11:21.105000,1.33913,1.33903,3600000,1200000
2023-02-15 14:11:21.257000,1.33912,1.33903,3600000,4950000
2023-02-15 14:11:21.676000,1.33915,1.33906,1350000,4500000
2023-02-15 14:11:21.778000,1.33916,1.33909,3600000,3600000
2023-02-15 14:11:21.880000,1.33915,1.33908,3600000,3600000
2023-02-15 14:11:21.982000,1.33917,1.33908,4270000,3600000
2023-02-15 14:11:22.185000,1.33917,1.33908,3670000,3600000
2023-02-15 14:11:22.287000,1.33913,1.33907,3600000,1200000
2023-02-15 14:11:22.389000,1.33912,1.33904,3600000,4500000
2023-02-15 14:11:22.654000,1.33914,1.33907,3600000,3600000
2023-02-15 14:11:22.756000,1.33914,1.33906,3600000,3600000
2023-02-15 14:11:22.959000,1.33914,1.33905,3600000,4720000
2023-02-15 14:11:23.061000,1.33914,1.33907,3600000,3600000
2023-02-15 14:11:23.614000,1.33911,1.33904,3600000,3600000
2023-02-15 14:11:23.716000,1.33911,1.33903,3600000,4500000
2023-02-15 14:11:24.023000,1.33915,1.33906,4500000,3600000
2023-02-15 14:11:24.125000,1.33915,1.33908,3600000,3600000
2023-02-15 14:11:24.228000,1.33916,1.33909,3600000,3600000
2023-02-15 14:11:24.329000,1.33918,1.33911,3600000,3600000
2023-02-15 14:11:24.533000,1.33918,1.3391,3600000,4500000
2023-02-15 14:11:24.736000,1.33918,1.33911,3600000,3600000
2023-02-15 14:11:24.838000,1.33919,1.33912,3600000,3600000
2023-02-15 14:11:24.889000,1.33919,1.3391,3600000,4500000
2023-02-15 14:11:24.991000,1.33918,1.33911,3600000,3600000
2023-02-15 14:11:25.726000,1.33919,1.33912,3600000,3600000
2023-02-15 14:11:25.827000,1.33918,1.33911,3600000,3600000
2023-02-15 14:11:26.031000,1.33918,1.3391,3600000,1200000
2023-02-15 14:11:26.183000,1.33918,1.33911,3600000,3600000
2023-02-15 14:11:26.235000,1.3392,1.33912,3600000,4950000
2023-02-15 14:11:26.286000,1.33923,1.33916,2170000,3600000
2023-02-15 14:11:26.388000,1.33927,1.33919,4050000,3600000
2023-02-15 14:11:26.490000,1.33928,1.3392,3600000,3600000
2023-02-15 14:11:26.846000,1.33928,1.33918,3600000,3600000
2023-02-15 14:11:27.257000,1.33929,1.33922,4720000,3600000
2023-02-15 14:11:27.309000,1.33932,1.33923,4270000,5040000
2023-02-15 14:11:27.360000,1.3393,1.33922,3600000,5980000
2023-02-15 14:11:27.462000,1.3393,1.33923,3600000,3600000
2023-02-15 14:11:28.020000,1.33928,1.3392,3600000,4500000
2023-02-15 14:11:28.122000,1.33929,1.33921,3600000,3600000
2023-02-15 14:11:28.325000,1.33929,1.33922,3600000,3600000
2023-02-15 14:11:28.377000,1.33929,1.3392,4050000,3600000
2023-02-15 14:11:28.479000,1.33929,1.3392,3600000,3600000
2023-02-15 14:11:28.581000,1.33931,1.33923,5850000,3600000
2023-02-15 14:11:28.733000,1.33932,1.33921,4500000,1200000
2023-02-15 14:11:28.886000,1.33931,1.33923,4500000,3600000
2023-02-15 14:11:29.172000,1.33931,1.33923,3970000,3600000
2023-02-15 14:11:30.571000,1.3393,1.33924,3600000,1200000
2023-02-15 14:11:30.673000,1.33929,1.33922,3600000,3600000
2023-02-15 14:11:30.826000,1.33928,1.3392,3600000,3600000
2023-02-15 14:11:30.979000,1.33928,1.33921,3600000,3600000
2023-02-15 14:11:31.182000,1.33927,1.3392,3600000,4140000
2023-02-15 14:11:31.234000,1.33928,1.33922,3600000,1200000
2023-02-15 14:11:31.335000,1.33929,1.33921,3600000,3600000
2023-02-15 14:11:31.488000,1.33933,1.33926,1850000,1200000
2023-02-15 14:11:31.539000,1.33934,1.33927,1300000,3600000
2023-02-15 14:11:31.641000,1.33935,1.33927,4500000,3600000
2023-02-15 14:11:32.047000,1.33933,1.33924,4050000,4500000
2023-02-15 14:11:32.149000,1.33932,1.33924,1720000,3600000
2023-02-15 14:11:32.200000,1.3393,1.33922,3600000,4050000
2023-02-15 14:11:32.302000,1.33928,1.33921,3600000,3600000
2023-02-15 14:11:32.860000,1.33928,1.3392,3600000,1200000
2023-02-15 14:11:32.962000,1.33927,1.3392,3600000,3600000
2023-02-15 14:11:33.085000,1.33928,1.3392,3600000,3600000
2023-02-15 14:11:33.187000,1.33929,1.33921,3600000,3600000
2023-02-15 14:11:33.342000,1.33927,1.3392,3600000,3600000
2023-02-15 14:11:33.444000,1.33925,1.33918,3600000,3600000
2023-02-15 14:11:33.698000,1.33928,1.33921,4500000,3600000
2023-02-15 14:11:33.800000,1.33929,1.33921,4050000,3600000
2023-02-15 14:11:33.902000,1.33928,1.3392,3600000,3600000
2023-02-15 14:11:34.004000,1.33928,1.33919,3600000,5260000
2023-02-15 14:11:34.105000,1.33927,1.3392,3600000,3600000
2023-02-15 14:11:35.396000,1.33928,1.33919,3600000,4500000
2023-02-15 14:11:35.498000,1.33929,1.33921,4050000,3600000
2023-02-15 14:11:35.896000,1.33932,1.33924,3600000,3600000
2023-02-15 14:11:35.998000,1.33933,1.33925,3600000,3600000
2023-02-15 14:11:36.494000,1.33933,1.33926,3600000,3600000
2023-02-15 14:11:36.946000,1.33932,1.33923,3600000,4500000
2023-02-15 14:11:36.997000,1.33932,1.33925,3820000,3600000
2023-02-15 14:11:37.049000,1.33931,1.33923,3600000,5040000
2023-02-15 14:11:37.100000,1.33932,1.33925,3600000,1320000
2023-02-15 14:11:37.202000,1.33937,1.33929,3600000,3600000
2023-02-15 14:11:37.506000,1.33936,1.33929,3600000,3600000
2023-02-15 14:11:37.743000,1.33935,1.33928,1200000,3600000
2023-02-15 14:11:37.795000,1.33933,1.33926,3600000,3600000
2023-02-15 14:11:37.897000,1.33925,1.33921,1600000,1350000
2023-02-15 14:11:37.948000,1.33921,1.33913,3600000,4050000
2023-02-15 14:11:37.999000,1.3392,1.33913,5400000,3600000
2023-02-15 14:11:38.101000,1.3392,1.33912,4720000,4500000
2023-02-15 14:11:38.153000,1.33919,1.33909,3600000,5400000
2023-02-15 14:11:38.255000,1.33917,1.33909,3970000,4500000
2023-02-15 14:11:38.458000,1.33915,1.33908,3600000,3600000
2023-02-15 14:11:38.611000,1.33916,1.33908,3600000,3600000
2023-02-15 14:11:38.944000,1.33917,1.33908,4950000,3600000
2023-02-15 14:11:39.046000,1.33916,1.33908,3600000,3600000
2023-02-15 14:11:39.249000,1.33918,1.3391,3600000,4500000
2023-02-15 14:11:39.351000,1.33918,1.33911,3600000,3600000
2023-02-15 14:11:39.453000,1.33916,1.33909,3600000,3600000
2023-02-15 14:11:39.740000,1.33918,1.33908,4720000,3600000
2023-02-15 14:11:40.001000,1.33917,1.33909,4540000,3600000
2023-02-15 14:11:40.103000,1.33912,1.33904,3600000,3600000
2023-02-15 14:11:40.205000,1.33911,1.33904,3600000,3600000
2023-02-15 14:11:40.306000,1.33912,1.33904,3600000,3600000
2023-02-15 14:11:40.408000,1.3391,1.33903,3600000,4500000
2023-02-15 14:11:40.561000,1.33911,1.33903,3600000,4500000
2023-02-15 14:11:41.634000,1.33914,1.33907,2470000,3600000
2023-02-15 14:11:41.736000,1.33916,1.33908,3600000,3600000
2023-02-15 14:11:41.787000,1.33918,1.3391,4270000,3600000
2023-02-15 14:11:41.839000,1.33916,1.3391,3600000,3600000
2023-02-15 14:11:41.890000,1.33913,1.33905,4050000,3600000
2023-02-15 14:11:41.992000,1.33911,1.33904,3600000,3600000
2023-02-15 14:11:42.094000,1.33912,1.33904,3600000,3600000
2023-02-15 14:11:42.698000,1.33909,1.33902,3600000,3600000
2023-02-15 14:11:43.162000,1.33909,1.33901,3820000,3600000
2023-02-15 14:11:43.804000,1.3391,1.33901,4500000,3600000
2023-02-15 14:11:44.043000,1.33909,1.33901,3600000,4500000
2023-02-15 14:11:44.145000,1.33909,1.33902,3600000,3600000
2023-02-15 14:11:44.247000,1.33909,1.33901,3600000,3600000
2023-02-15 14:11:44.349000,1.3391,1.33901,3600000,3600000
2023-02-15 14:11:44.450000,1.3391,1.33902,3600000,3600000
2023-02-15 14:11:44.706000,1.3391,1.33902,3300000,3600000
2023-02-15 14:11:45.154000,1.33909,1.33901,3600000,3600000
2023-02-15 14:11:45.467000,1.33909,1.339,3600000,4500000
2023-02-15 14:11:45.593000,1.33908,1.339,3600000,4500000
2023-02-15 14:11:45.796000,1.33908,1.33901,3600000,3600000
2023-02-15 14:11:45.898000,1.33909,1.33901,3600000,3600000
2023-02-15 14:11:46.383000,1.3391,1.33903,3600000,3600000
2023-02-15 14:11:46.586000,1.3391,1.33902,3600000,4500000
2023-02-15 14:11:46.739000,1.3391,1.33903,3600000,3600000
2023-02-15 14:11:46.881000,1.3391,1.33902,3600000,4500000
2023-02-15 14:11:47.410000,1.3391,1.33903,3600000,3600000
2023-02-15 14:11:47.512000,1.33911,1.33903,3820000,3600000
2023-02-15 14:11:47.614000,1.3391,1.33902,3600000,3600000
2023-02-15 14:11:47.716000,1.33908,1.33901,3600000,3600000
2023-02-15 14:11:47.818000,1.33908,1.339,3600000,3600000
2023-02-15 14:11:47.920000,1.33908,1.33901,3600000,3600000
2023-02-15 14:11:48.022000,1.33904,1.339,1800000,3600000
2023-02-15 14:11:48.124000,1.33904,1.33897,1800000,4950000
2023-02-15 14:11:48.175000,1.33902,1.33898,1200000,3600000
2023-02-15 14:11:48.379000,1.33908,1.33897,3600000,5040000
2023-02-15 14:11:48.430000,1.33909,1.33901,3600000,3600000
2023-02-15 14:11:48.633000,1.33908,1.33901,3600000,3600000
2023-02-15 14:11:48.735000,1.33909,1.339,3600000,3600000
2023-02-15 14:11:49.052000,1.3391,1.339,4720000,3600000
2023-02-15 14:11:49.154000,1.33908,1.33899,3600000,3600000
2023-02-15 14:11:49.256000,1.33909,1.33901,4500000,3600000
2023-02-15 14:11:49.358000,1.33907,1.339,3600000,3600000
2023-02-15 14:11:50.063000,1.33906,1.33898,3820000,3600000
2023-02-15 14:11:50.165000,1.33906,1.33897,3600000,3600000
2023-02-15 14:11:50.727000,1.33906,1.33897,4800000,3600000
2023-02-15 14:11:50.778000,1.339,1.33893,3600000,3970000
2023-02-15 14:11:50.830000,1.33901,1.33892,5080000,3600000
2023-02-15 14:11:50.932000,1.33901,1.33893,3600000,3600000
2023-02-15 14:11:51.237000,1.33902,1.33894,3600000,1200000
2023-02-15 14:11:51.339000,1.33902,1.33895,3600000,3600000
2023-02-15 14:11:51.683000,1.33904,1.33893,3600000,4500000
2023-02-15 14:11:52.807000,1.33902,1.33895,3600000,3600000
2023-02-15 14:11:54.786000,1.33906,1.33899,4160000,3600000
2023-02-15 14:11:54.837000,1.33907,1.33899,3600000,4500000
2023-02-15 14:11:54.889000,1.33909,1.33901,5620000,3600000
2023-02-15 14:11:55.092000,1.33904,1.33898,4050000,1200000
2023-02-15 14:11:55.143000,1.33903,1.33895,3600000,3600000
2023-02-15 14:11:55.195000,1.33901,1.33894,3600000,3600000
2023-02-15 14:11:55.652000,1.33901,1.33893,4160000,3600000
2023-02-15 14:11:55.754000,1.33901,1.33894,3600000,3600000
2023-02-15 14:11:55.856000,1.33902,1.33894,3600000,4500000
2023-02-15 14:11:56.161000,1.33904,1.33895,4050000,1200000
2023-02-15 14:11:56.314000,1.33904,1.33895,4350000,1200000
2023-02-15 14:11:56.466000,1.33902,1.33895,3600000,1200000
2023-02-15 14:11:56.735000,1.33904,1.33895,4350000,1200000
2023-02-15 14:11:56.837000,1.33904,1.33895,4050000,1200000
2023-02-15 14:11:57.040000,1.33905,1.33895,4050000,1200000
2023-02-15 14:11:57.395000,1.33903,1.33895,4050000,3600000
2023-02-15 14:11:57.548000,1.33903,1.33894,4050000,3600000
2023-02-15 14:11:57.599000,1.33903,1.33895,3670000,3600000
2023-02-15 14:11:57.650000,1.33902,1.33893,3300000,3600000
2023-02-15 14:11:57.854000,1.33902,1.33892,3300000,4950000
2023-02-15 14:11:57.956000,1.33901,1.33893,4160000,3600000
2023-02-15 14:11:58.057000,1.33901,1.33892,4160000,3600000
2023-02-15 14:11:58.210000,1.33901,1.33894,4160000,3600000
2023-02-15 14:11:58.261000,1.33904,1.33897,3600000,4050000
2023-02-15 14:11:58.363000,1.33905,1.33898,3600000,3600000
2023-02-15 14:11:58.415000,1.33908,1.33898,4050000,4050000
2023-02-15 14:11:58.517000,1.33908,1.33898,4720000,4050000
2023-02-15 14:11:59.167000,1.33902,1.33894,4500000,4050000
2023-02-15 14:11:59.928000,1.33903,1.33895,3600000,3600000
2023-02-15 14:12:00.284000,1.33902,1.33894,3600000,3600000
2023-02-15 14:12:00.386000,1.33899,1.33892,3600000,3600000
2023-02-15 14:12:00.488000,1.339,1.33893,3600000,3600000
2023-02-15 14:12:00.641000,1.33902,1.3389,4050000,5170000
2023-02-15 14:12:00.743000,1.33899,1.33892,3600000,3600000
2023-02-15 14:12:00.845000,1.339,1.33893,3600000,3600000
2023-02-15 14:12:00.946000,1.33902,1.33892,4500000,3600000
2023-02-15 14:12:01.048000,1.33901,1.33894,3600000,3600000
2023-02-15 14:12:01.150000,1.33899,1.33891,3820000,3600000
2023-02-15 14:12:01.253000,1.33898,1.33891,4050000,3600000
2023-02-15 14:12:01.405000,1.33899,1.33889,3970000,4500000
2023-02-15 14:12:01.507000,1.33895,1.33888,4050000,3600000
2023-02-15 14:12:01.609000,1.33895,1.33885,3600000,3600000
2023-02-15 14:12:01.661000,1.33896,1.33888,4050000,1200000
2023-02-15 14:12:01.762000,1.33898,1.33887,3600000,1200000
2023-02-15 14:12:01.865000,1.33894,1.33886,3600000,3600000
2023-02-15 14:12:01.967000,1.33895,1.33886,4050000,3600000
2023-02-15 14:12:02.068000,1.33893,1.33886,3600000,3600000
2023-02-15 14:12:02.170000,1.33891,1.33884,3600000,3600000
2023-02-15 14:12:02.323000,1.33886,1.33881,4050000,1200000
2023-02-15 14:12:02.425000,1.33884,1.33881,4500000,1200000
2023-02-15 14:12:02.476000,1.33884,1.33876,5400000,3600000
2023-02-15 14:12:02.578000,1.33883,1.33876,1200000,3600000
2023-02-15 14:12:02.680000,1.33886,1.33876,4420000,3600000
2023-02-15 14:12:02.732000,1.33886,1.33876,5170000,3600000
2023-02-15 14:12:02.935000,1.33884,1.33876,3600000,3600000
2023-02-15 14:12:03.087000,1.33883,1.33875,5400000,3600000
2023-02-15 14:12:03.189000,1.33882,1.33874,3820000,3600000
2023-02-15 14:12:03.291000,1.33878,1.33872,3600000,3600000
2023-02-15 14:12:03.393000,1.3388,1.33871,5170000,3600000
2023-02-15 14:12:03.445000,1.33881,1.33874,1200000,1200000
2023-02-15 14:12:03.496000,1.33883,1.33875,3600000,3820000
2023-02-15 14:12:03.721000,1.33881,1.33874,3600000,3600000
2023-02-15 14:12:03.873000,1.33884,1.33875,4720000,3600000
2023-02-15 14:12:03.925000,1.33885,1.33876,3600000,3600000
2023-02-15 14:12:04.027000,1.33884,1.33877,3600000,3600000
2023-02-15 14:12:04.469000,1.33885,1.33877,3600000,3600000
2023-02-15 14:12:04.521000,1.33886,1.33879,3820000,3600000
2023-02-15 14:12:04.724000,1.33885,1.33877,3600000,3600000
2023-02-15 14:12:05.296000,1.33884,1.33877,3600000,3600000
2023-02-15 14:12:05.499000,1.33883,1.33876,2170000,3600000
2023-02-15 14:12:05.550000,1.3388,1.33873,3600000,3600000
2023-02-15 14:12:05.906000,1.33879,1.3387,3600000,5040000
2023-02-15 14:12:06.008000,1.33879,1.33872,3600000,3600000
2023-02-15 14:12:06.110000,1.33881,1.33872,4500000,3600000
2023-02-15 14:12:06.212000,1.3388,1.33872,4500000,3600000
2023-02-15 14:12:06.314000,1.33879,1.33872,3600000,3600000
2023-02-15 14:12:06.636000,1.33881,1.33871,3600000,3600000
2023-02-15 14:12:06.962000,1.33879,1.33871,3600000,3600000
2023-02-15 14:12:07.064000,1.33881,1.33872,3600000,3820000
2023-02-15 14:12:07.166000,1.33881,1.33873,3600000,4500000
2023-02-15 14:12:07.217000,1.33883,1.33875,4500000,3600000
2023-02-15 14:12:07.320000,1.33886,1.33874,1120000,3600000
2023-02-15 14:12:07.422000,1.33884,1.33876,3600000,4500000
2023-02-15 14:12:07.524000,1.33883,1.33875,3600000,3600000
2023-02-15 14:12:07.626000,1.33884,1.33876,4500000,3600000
2023-02-15 14:12:07.779000,1.33886,1.33877,4950000,3600000
2023-02-15 14:12:07.830000,1.33884,1.33876,3600000,3600000
2023-02-15 14:12:08.952000,1.33884,1.33877,3600000,3600000
2023-02-15 14:12:10.604000,1.33885,1.33877,3600000,3600000
2023-02-15 14:12:11.276000,1.33885,1.33876,3600000,3600000
2023-02-15 14:12:12.372000,1.33886,1.33877,6790000,3600000
2023-02-15 14:12:12.474000,1.33884,1.33877,3600000,3600000
2023-02-15 14:12:12.525000,1.33886,1.33875,5490000,5400000
2023-02-15 14:12:13.712000,1.33888,1.33883,2250000,3600000
2023-02-15 14:12:13.814000,1.33891,1.33882,1440000,3600000
2023-02-15 14:12:13.916000,1.33891,1.33881,2340000,4500000
2023-02-15 14:12:14.119000,1.3389,1.33881,4500000,3600000
2023-02-15 14:12:15.591000,1.33891,1.33882,2110000,3600000
2023-02-15 14:12:15.693000,1.33891,1.33881,5030000,1200000
2023-02-15 14:12:16.256000,1.33891,1.33881,2110000,1200000
2023-02-15 14:12:16.308000,1.3389,1.3388,1600000,3600000
2023-02-15 14:12:16.410000,1.33887,1.33875,5220000,9450000
2023-02-15 14:12:16.867000,1.33885,1.33876,8670000,3600000
2023-02-15 14:12:16.969000,1.33884,1.33875,4840000,3600000
2023-02-15 14:12:18.159000,1.33884,1.33874,1320000,4500000
2023-02-15 14:12:19.073000,1.33883,1.33874,2030000,3600000
2023-02-15 14:12:19.125000,1.33881,1.33872,1020000,5400000
2023-02-15 14:12:19.379000,1.33882,1.33872,5710000,3600000
2023-02-15 14:12:20.497000,1.33884,1.33873,5710000,3600000
2023-02-15 14:12:21.921000,1.33884,1.33875,1990000,3600000
2023-02-15 14:12:22.538000,1.33884,1.33874,1800000,4720000
2023-02-15 14:12:23.562000,1.33884,1.33876,1120000,1350000
2023-02-15 14:12:23.613000,1.33888,1.33878,1700000,4720000
2023-02-15 14:12:23.665000,1.33888,1.3388,1320000,3600000
2023-02-15 14:12:23.767000,1.33891,1.3388,1200000,4050000
2023-02-15 14:12:23.869000,1.33892,1.33882,5470000,3600000
2023-02-15 14:12:23.971000,1.33892,1.33883,5360000,3600000
2023-02-15 14:12:24.234000,1.33891,1.33881,4590000,1800000
2023-02-15 14:12:24.336000,1.33891,1.33882,1320000,3600000
2023-02-15 14:12:24.515000,1.33892,1.33883,5490000,3600000
2023-02-15 14:12:26.144000,1.33892,1.33882,4950000,4050000
2023-02-15 14:12:26.347000,1.33892,1.33883,4950000,3600000
2023-02-15 14:12:27.007000,1.33892,1.33882,4950000,4050000
2023-02-15 14:12:27.516000,1.33892,1.33883,4950000,3600000
2023-02-15 14:12:27.618000,1.33892,1.33882,4950000,8100000
2023-02-15 14:12:27.772000,1.33891,1.33883,3600000,3600000
2023-02-15 14:12:28.193000,1.33892,1.33882,4950000,6750000
2023-02-15 14:12:28.535000,1.33892,1.33884,3600000,1350000
2023-02-15 14:12:28.637000,1.33893,1.33886,3600000,3600000
2023-02-15 14:12:28.739000,1.33893,1.33885,4590000,3600000
2023-02-15 14:12:28.841000,1.33891,1.33884,4590000,3600000
2023-02-15 14:12:28.943000,1.3389,1.33883,3600000,3600000
2023-02-15 14:12:29.146000,1.33891,1.33882,5040000,3600000
2023-02-15 14:12:29.248000,1.33891,1.33884,3600000,3600000
2023-02-15 14:12:29.700000,1.33889,1.33882,3600000,3600000
2023-02-15 14:12:29.802000,1.33887,1.3388,3600000,3600000
2023-02-15 14:12:29.854000,1.33889,1.3388,6390000,3600000
2023-02-15 14:12:30.376000,1.3389,1.33881,1840000,3600000
2023-02-15 14:12:30.854000,1.3389,1.33881,5490000,3600000
2023-02-15 14:12:31.007000,1.3388,1.33877,1800000,1200000
2023-02-15 14:12:31.058000,1.33876,1.33869,3600000,3300000
2023-02-15 14:12:31.110000,1.33875,1.33868,1200000,3600000
2023-02-15 14:12:31.212000,1.33876,1.33868,1200000,3600000
2023-02-15 14:12:31.263000,1.33878,1.33871,4950000,4050000
2023-02-15 14:12:31.875000,1.33877,1.3387,3600000,3600000
2023-02-15 14:12:31.978000,1.33879,1.3387,4720000,3600000
2023-02-15 14:12:32.447000,1.33879,1.33871,1200000,3600000
2023-02-15 14:12:32.549000,1.33879,1.33872,4500000,3600000
2023-02-15 14:12:32.701000,1.33881,1.33874,3600000,3600000
2023-02-15 14:12:33.057000,1.33883,1.33874,3600000,3600000
2023-02-15 14:12:33.210000,1.33882,1.33874,3600000,3600000
2023-02-15 14:12:33.261000,1.33881,1.33872,5260000,4500000
2023-02-15 14:12:33.363000,1.3388,1.33873,3600000,3600000
2023-02-15 14:12:33.465000,1.33882,1.33873,5490000,3600000
2023-02-15 14:12:33.567000,1.33881,1.33873,3600000,3600000
2023-02-15 14:12:33.669000,1.33879,1.33872,3600000,3600000
2023-02-15 14:12:33.993000,1.33879,1.33871,3600000,4050000
2023-02-15 14:12:34.349000,1.33879,1.33872,3600000,3600000
2023-02-15 14:12:34.978000,1.3388,1.33872,4720000,3600000
2023-02-15 14:12:35.504000,1.33879,1.33871,3600000,4050000
2023-02-15 14:12:35.707000,1.33879,1.33872,3600000,3600000
2023-02-15 14:12:36.133000,1.3388,1.33872,3600000,3600000
2023-02-15 14:12:36.235000,1.33879,1.33871,3600000,4050000
2023-02-15 14:12:36.337000,1.33879,1.33872,3600000,3600000
2023-02-15 14:12:36.590000,1.3388,1.33872,3600000,3600000
2023-02-15 14:12:36.837000,1.33879,1.33871,3600000,3600000
2023-02-15 14:12:37.421000,1.33879,1.33871,3600000,3600000
2023-02-15 14:12:38.063000,1.33879,1.33872,3600000,3600000
2023-02-15 14:12:38.165000,1.33876,1.33869,3600000,5850000
2023-02-15 14:12:41.772000,1.33878,1.33872,1200000,4050000
2023-02-15 14:12:41.874000,1.33879,1.33871,3600000,3790000
2023-02-15 14:12:41.976000,1.3388,1.33872,3820000,4050000
2023-02-15 14:12:42.868000,1.33881,1.33872,4500000,3600000
2023-02-15 14:12:43.933000,1.3388,1.33873,3820000,3600000
2023-02-15 14:12:44.394000,1.33881,1.33872,4120000,3600000
2023-02-15 14:12:45.042000,1.33881,1.33873,4050000,3600000
2023-02-15 14:12:45.145000,1.33877,1.3387,5490000,3600000
2023-02-15 14:12:45.196000,1.33876,1.33868,3820000,3600000
2023-02-15 14:12:47.038000,1.33876,1.33867,3600000,3600000
2023-02-15 14:12:47.618000,1.33876,1.33868,3820000,3600000
2023-02-15 14:12:48.100000,1.33876,1.33868,3300000,3600000
2023-02-15 14:12:48.202000,1.33876,1.33866,3820000,3600000
2023-02-15 14:12:48.702000,1.33875,1.33867,3300000,3600000
2023-02-15 14:12:48.753000,1.33872,1.33864,4280000,5850000
2023-02-15 14:12:48.855000,1.33871,1.33863,5000000,3600000
2023-02-15 14:12:48.957000,1.3387,1.33862,3670000,4500000
2023-02-15 14:12:49.472000,1.33872,1.33862,5260000,3600000
2023-02-15 14:12:49.523000,1.33873,1.33865,5260000,3600000
2023-02-15 14:12:49.625000,1.33874,1.33867,3820000,3600000
2023-02-15 14:12:49.727000,1.33875,1.33868,3600000,1200000
2023-02-15 14:12:49.829000,1.33879,1.3387,3670000,3600000
2023-02-15 14:12:49.931000,1.33878,1.33871,3820000,3600000
2023-02-15 14:12:50.239000,1.33874,1.33866,4420000,4500000
2023-02-15 14:12:50.342000,1.33872,1.33865,1500000,3600000
2023-02-15 14:12:50.443000,1.33871,1.33864,3820000,3600000
2023-02-15 14:12:50.748000,1.33875,1.33867,3670000,3600000
2023-02-15 14:12:51.642000,1.33874,1.33867,3300000,3600000
2023-02-15 14:12:51.744000,1.33873,1.33865,3300000,3600000
2023-02-15 14:12:51.897000,1.33872,1.33864,3820000,4500000
2023-02-15 14:12:51.998000,1.33872,1.33865,3600000,3600000
2023-02-15 14:12:52.100000,1.33872,1.33869,3600000,1350000
2023-02-15 14:12:52.152000,1.33875,1.33867,1570000,4500000
2023-02-15 14:12:52.254000,1.33875,1.33868,3670000,3600000
2023-02-15 14:12:52.356000,1.33875,1.33867,3670000,3600000
2023-02-15 14:12:52.661000,1.33874,1.33866,3670000,3600000
2023-02-15 14:12:52.924000,1.33873,1.33865,3820000,4500000
2023-02-15 14:12:53.026000,1.33873,1.33866,3820000,3600000
2023-02-15 14:12:53.077000,1.33873,1.33866,4420000,3600000
2023-02-15 14:12:53.129000,1.33875,1.33867,3850000,3600000
2023-02-15 14:12:53.535000,1.33874,1.33866,3900000,3600000
2023-02-15 14:12:54.309000,1.33876,1.33868,3300000,3600000
2023-02-15 14:12:54.411000,1.33877,1.33869,4870000,3600000
2023-02-15 14:12:54.512000,1.33876,1.33868,3300000,3600000
2023-02-15 14:12:54.892000,1.33879,1.33872,3670000,1200000
2023-02-15 14:12:54.994000,1.33881,1.33874,4050000,3600000
2023-02-15 14:12:55.096000,1.33879,1.33873,1320000,3600000
2023-02-15 14:12:55.147000,1.33878,1.33871,4270000,3600000
2023-02-15 14:12:55.249000,1.33877,1.3387,3600000,3600000
2023-02-15 14:12:55.705000,1.33878,1.3387,4270000,3600000
2023-02-15 14:12:56.764000,1.3388,1.33873,4500000,3600000
2023-02-15 14:12:56.866000,1.33879,1.33872,4140000,1200000
2023-02-15 14:12:56.968000,1.3388,1.3387,3670000,4500000
2023-02-15 14:12:57.203000,1.33871,1.33867,3600000,1350000
2023-02-15 14:12:57.254000,1.33871,1.33863,1200000,3600000
2023-02-15 14:12:57.356000,1.33871,1.33863,4350000,3600000
2023-02-15 14:12:57.458000,1.33871,1.33862,4350000,4500000
2023-02-15 14:12:57.892000,1.33871,1.33862,4950000,4500000
2023-02-15 14:12:57.993000,1.33871,1.33863,4950000,3600000
2023-02-15 14:12:58.297000,1.33871,1.33864,4950000,3600000
2023-02-15 14:12:58.805000,1.33872,1.33864,3600000,4500000
2023-02-15 14:12:58.907000,1.33871,1.33864,3600000,4500000
2023-02-15 14:12:59.024000,1.33873,1.33863,3600000,4500000
2023-02-15 14:12:59.126000,1.33871,1.33864,4500000,4500000
2023-02-15 14:13:00.174000,1.33873,1.33866,1200000,3600000
2023-02-15 14:13:00.276000,1.33875,1.33866,3600000,3600000
2023-02-15 14:13:00.479000,1.33873,1.33866,3600000,3600000
2023-02-15 14:13:00.633000,1.33872,1.33865,1320000,3600000
2023-02-15 14:13:00.735000,1.33869,1.33862,3600000,3600000
2023-02-15 14:13:00.838000,1.3387,1.33861,1200000,4350000
2023-02-15 14:13:01.447000,1.33871,1.33864,1350000,3600000
2023-02-15 14:13:01.549000,1.33871,1.33863,4050000,3600000
2023-02-15 14:13:01.651000,1.33874,1.33866,4800000,3600000
2023-02-15 14:13:02.401000,1.33875,1.33868,4050000,3600000
2023-02-15 14:13:02.452000,1.33874,1.33866,3300000,4050000
2023-02-15 14:13:02.885000,1.33875,1.33867,4360000,3600000
2023-02-15 14:13:02.987000,1.33877,1.3387,4500000,1200000
2023-02-15 14:13:03.090000,1.33878,1.33873,1200000,3600000
2023-02-15 14:13:03.141000,1.3388,1.33872,3820000,5400000
2023-02-15 14:13:03.294000,1.33881,1.33873,3750000,3600000
2023-02-15 14:13:03.396000,1.33882,1.33872,6900000,1200000
2023-02-15 14:13:03.669000,1.33882,1.33873,4870000,1200000
2023-02-15 14:13:03.720000,1.33879,1.33872,3600000,3600000
2023-02-15 14:13:03.822000,1.33881,1.33873,3820000,3600000
2023-02-15 14:13:03.924000,1.33883,1.33871,5250000,4050000
2023-02-15 14:13:04.567000,1.3388,1.33872,3600000,4050000
2023-02-15 14:13:04.669000,1.3388,1.33873,3600000,3600000
2023-02-15 14:13:05.420000,1.33883,1.33874,3820000,3600000
2023-02-15 14:13:05.966000,1.33882,1.33874,3820000,5670000
2023-02-15 14:13:06.068000,1.33882,1.33875,3820000,3600000
2023-02-15 14:13:06.738000,1.33883,1.33875,3300000,5470000
2023-02-15 14:13:07.019000,1.33883,1.33875,3820000,5850000
2023-02-15 14:13:07.172000,1.33883,1.33878,3600000,1350000
2023-02-15 14:13:07.274000,1.3389,1.33882,5400000,1600000
2023-02-15 14:13:07.376000,1.33887,1.33883,3600000,1350000
2023-02-15 14:13:07.478000,1.3389,1.33883,3600000,4950000
2023-02-15 14:13:07.580000,1.33891,1.33884,3820000,3600000
2023-02-15 14:13:08.047000,1.3389,1.33882,3370000,3600000
2023-02-15 14:13:08.481000,1.33886,1.3388,3600000,2250000
2023-02-15 14:13:08.583000,1.3389,1.33883,4050000,3600000
2023-02-15 14:13:08.685000,1.33889,1.33882,3300000,3600000
2023-02-15 14:13:08.787000,1.33886,1.33878,3820000,8100000
2023-02-15 14:13:08.839000,1.33886,1.33878,4050000,4500000
2023-02-15 14:13:08.996000,1.33887,1.33879,4050000,3600000
2023-02-15 14:13:09.372000,1.33887,1.3388,4050000,3600000
2023-02-15 14:13:09.474000,1.33887,1.3388,3300000,3600000
2023-02-15 14:13:09.774000,1.33887,1.3388,4050000,3600000
2023-02-15 14:13:09.876000,1.33887,1.33879,4050000,3600000
2023-02-15 14:13:10.032000,1.33889,1.33878,4870000,3600000
2023-02-15 14:13:10.410000,1.33888,1.3388,3820000,3600000
2023-02-15 14:13:10.518000,1.3389,1.33881,7500000,3600000
2023-02-15 14:13:10.569000,1.3389,1.33882,1120000,3600000
2023-02-15 14:13:10.773000,1.33891,1.33882,3820000,3600000
2023-02-15 14:13:11.401000,1.33889,1.33881,3600000,3600000
2023-02-15 14:13:11.503000,1.33886,1.33879,3600000,1350000
2023-02-15 14:13:11.605000,1.33887,1.33879,3600000,4500000
2023-02-15 14:13:12.112000,1.33886,1.33878,3600000,4050000
2023-02-15 14:13:12.214000,1.33884,1.33877,3600000,3600000
2023-02-15 14:13:12.670000,1.33885,1.33875,3600000,3600000
2023-02-15 14:13:12.772000,1.33884,1.33877,3600000,3600000
2023-02-15 14:13:13.885000,1.33883,1.33876,3600000,3600000
2023-02-15 14:13:15,1.33884,1.33877,3600000,3600000
2023-02-15 14:13:15.111000,1.33882,1.33875,3600000,3600000
2023-02-15 14:13:15.213000,1.33881,1.33874,3600000,4720000
2023-02-15 14:13:15.895000,1.33883,1.33876,3600000,3600000
2023-02-15 14:13:15.997000,1.33881,1.33874,3600000,5170000
2023-02-15 14:13:16.721000,1.33883,1.33873,3600000,7420000
2023-02-15 14:13:17.158000,1.33883,1.33874,3600000,3600000
2023-02-15 14:13:17.363000,1.33884,1.33879,3600000,2170000
2023-02-15 14:13:17.466000,1.33887,1.33883,2250000,3600000
2023-02-15 14:13:17.517000,1.3389,1.33883,3820000,3600000
2023-02-15 14:13:17.569000,1.33888,1.33881,3600000,3600000
2023-02-15 14:13:17.671000,1.33887,1.3388,3600000,3600000
2023-02-15 14:13:17.773000,1.33888,1.3388,3600000,3600000
2023-02-15 14:13:17.977000,1.33889,1.3388,3600000,3600000
2023-02-15 14:13:18.080000,1.33889,1.33882,3600000,3600000
2023-02-15 14:13:18.182000,1.33888,1.33881,3600000,3600000
2023-02-15 14:13:18.284000,1.33889,1.33882,3600000,3600000
2023-02-15 14:13:18.773000,1.33888,1.33881,3600000,4350000
2023-02-15 14:13:18.825000,1.3389,1.33883,3600000,3600000
2023-02-15 14:13:18.927000,1.33892,1.33884,4500000,3600000
2023-02-15 14:13:19.029000,1.33891,1.33883,3600000,4050000
2023-02-15 14:13:19.132000,1.33892,1.33884,3600000,3600000
2023-02-15 14:13:19.234000,1.33892,1.33883,3600000,3600000
2023-02-15 14:13:19.626000,1.33892,1.33884,3600000,3600000
2023-02-15 14:13:19.677000,1.3389,1.33883,3690000,3600000
2023-02-15 14:13:19.729000,1.33888,1.3388,3690000,3600000
2023-02-15 14:13:19.831000,1.33887,1.33879,3600000,4950000
2023-02-15 14:13:20.536000,1.33888,1.33881,3600000,3600000
2023-02-15 14:13:20.638000,1.3389,1.33883,3600000,3600000
2023-02-15 14:13:20.892000,1.33891,1.33883,3600000,4050000
2023-02-15 14:13:20.994000,1.33892,1.33885,3600000,3600000
2023-02-15 14:13:21.096000,1.33892,1.33884,3600000,3600000
2023-02-15 14:13:21.553000,1.33891,1.33883,3600000,4500000
2023-02-15 14:13:21.655000,1.33892,1.33883,3690000,4500000
2023-02-15 14:13:21.757000,1.33892,1.33884,3600000,3600000
2023-02-15 14:13:22.062000,1.33892,1.33885,3600000,3600000
2023-02-15 14:13:22.417000,1.33892,1.33884,3690000,3600000
2023-02-15 14:13:22.519000,1.33892,1.33883,3600000,3600000
2023-02-15 14:13:22.773000,1.33892,1.33884,3600000,3600000
2023-02-15 14:13:22.875000,1.33891,1.33884,3600000,3600000
2023-02-15 14:13:23.192000,1.33892,1.33884,3600000,3600000
2023-02-15 14:13:23.294000,1.33892,1.33883,3820000,4500000
2023-02-15 14:13:23.396000,1.33893,1.33885,3600000,3600000
2023-02-15 14:13:23.867000,1.33893,1.33885,3600000,3970000
2023-02-15 14:13:24.181000,1.33896,1.33888,5620000,3600000
2023-02-15 14:13:24.283000,1.33895,1.33888,3600000,3600000
2023-02-15 14:13:24.572000,1.33894,1.33887,3600000,4500000
2023-02-15 14:13:24.674000,1.33895,1.33888,3600000,4500000
2023-02-15 14:13:24.788000,1.33897,1.33888,3820000,3600000
2023-02-15 14:13:24.890000,1.33897,1.3389,4050000,3600000
2023-02-15 14:13:25.932000,1.33898,1.33892,5850000,4720000
2023-02-15 14:13:26.034000,1.33901,1.33898,1200000,1200000
2023-02-15 14:13:26.085000,1.33904,1.33897,3600000,4500000
2023-02-15 14:13:26.634000,1.33906,1.33899,3600000,3600000
2023-02-15 14:13:26.737000,1.33905,1.33898,3600000,1200000
2023-02-15 14:13:26.788000,1.33903,1.33895,3600000,4500000
2023-02-15 14:13:26.890000,1.33902,1.33895,3600000,4500000
2023-02-15 14:13:27.346000,1.33903,1.33894,3600000,4720000
2023-02-15 14:13:27.398000,1.33904,1.33897,3600000,3600000
2023-02-15 14:13:27.500000,1.33906,1.33897,3600000,6070000
2023-02-15 14:13:27.606000,1.33906,1.33899,3600000,3600000
2023-02-15 14:13:28.255000,1.33908,1.33898,4590000,3600000
2023-02-15 14:13:28.408000,1.33906,1.33899,3600000,3600000
2023-02-15 14:13:28.664000,1.33907,1.339,3600000,3600000
2023-02-15 14:13:28.766000,1.33907,1.33899,3600000,3600000
2023-02-15 14:13:29.011000,1.33906,1.33898,3600000,4500000
2023-02-15 14:13:30.069000,1.33907,1.33899,3600000,3600000
2023-02-15 14:13:31.097000,1.33906,1.33899,3600000,3600000
2023-02-15 14:13:32.011000,1.33907,1.33899,3600000,4050000
2023-02-15 14:13:32.113000,1.3391,1.33902,5490000,3600000
2023-02-15 14:13:32.215000,1.3391,1.33903,3600000,3600000
2023-02-15 14:13:32.317000,1.33911,1.33901,3600000,3600000
2023-02-15 14:13:33.985000,1.3391,1.33901,3600000,3600000
2023-02-15 14:13:34.797000,1.3391,1.33902,3600000,3600000
2023-02-15 14:13:35.003000,1.33906,1.33899,3600000,4050000
2023-02-15 14:13:35.105000,1.33908,1.33899,4620000,3600000
2023-02-15 14:13:35.207000,1.33907,1.339,3690000,3600000
2023-02-15 14:13:35.553000,1.33906,1.33899,3600000,3600000
2023-02-15 14:13:35.712000,1.33907,1.339,3600000,3600000
2023-02-15 14:13:35.814000,1.33906,1.33899,3600000,3600000
2023-02-15 14:13:35.916000,1.33907,1.339,3600000,3600000
2023-02-15 14:13:36.351000,1.33906,1.33899,3600000,3600000
2023-02-15 14:13:36.453000,1.33904,1.33896,5040000,3600000
2023-02-15 14:13:36.504000,1.33902,1.33895,3600000,4500000
2023-02-15 14:13:36.606000,1.33903,1.33897,3600000,2020000
2023-02-15 14:13:36.709000,1.33907,1.339,4500000,3600000
2023-02-15 14:13:36.912000,1.33909,1.33899,3690000,3600000
2023-02-15 14:13:37.014000,1.33909,1.33901,3690000,3600000
2023-02-15 14:13:37.393000,1.33909,1.33902,3600000,3600000
2023-02-15 14:13:38.051000,1.3391,1.33902,3690000,3600000
2023-02-15 14:13:38.221000,1.33908,1.33901,3600000,4500000
2023-02-15 14:13:38.532000,1.33909,1.33902,3690000,3600000
2023-02-15 14:13:38.938000,1.3391,1.33902,3600000,4050000
2023-02-15 14:13:40.558000,1.3391,1.33903,3600000,1200000
2023-02-15 14:13:41.019000,1.33909,1.33903,3600000,1200000
2023-02-15 14:13:42,1.3391,1.33903,3600000,1200000
2023-02-15 14:13:44.143000,1.33907,1.33903,3600000,1200000
2023-02-15 14:13:44.195000,1.33907,1.339,3600000,1200000
2023-02-15 14:13:44.398000,1.33908,1.33901,3600000,5760000
2023-02-15 14:13:44.450000,1.33911,1.33903,4950000,4950000
2023-02-15 14:13:44.552000,1.3391,1.33904,3600000,1200000
2023-02-15 14:13:44.654000,1.3391,1.33903,3600000,1200000
2023-02-15 14:13:45.427000,1.3391,1.33902,3600000,5850000
2023-02-15 14:13:45.580000,1.33911,1.33904,3600000,3600000
2023-02-15 14:13:45.682000,1.33913,1.33908,1200000,7740000
2023-02-15 14:13:45.733000,1.33917,1.33909,3600000,4500000
2023-02-15 14:13:45.835000,1.33917,1.33911,3600000,1200000
2023-02-15 14:13:45.937000,1.33917,1.33912,3600000,1200000
2023-02-15 14:13:46.090000,1.33919,1.33912,3600000,1200000
2023-02-15 14:13:46.192000,1.33918,1.33912,3600000,1200000
2023-02-15 14:13:46.294000,1.33919,1.33912,3600000,4500000
2023-02-15 14:13:46.396000,1.33919,1.33913,3600000,1200000
2023-02-15 14:13:47.159000,1.33919,1.33912,3600000,4500000
2023-02-15 14:13:47.210000,1.33917,1.33912,3600000,1200000
2023-02-15 14:13:47.262000,1.33917,1.33909,4590000,4500000
2023-02-15 14:13:47.313000,1.33914,1.33909,3690000,1200000
2023-02-15 14:13:47.364000,1.33915,1.33905,3690000,4500000
2023-02-15 14:13:47.466000,1.33914,1.33907,3690000,1200000
2023-02-15 14:13:47.942000,1.33915,1.33905,3690000,3600000
2023-02-15 14:13:48.408000,1.3391,1.33903,3600000,4270000
2023-02-15 14:13:49.617000,1.33911,1.33904,3600000,3600000
2023-02-15 14:13:50.832000,1.33909,1.33902,3600000,4950000
2023-02-15 14:13:51.432000,1.33912,1.33904,3600000,3600000
2023-02-15 14:13:51.793000,1.33911,1.33902,3600000,2250000
2023-02-15 14:13:51.968000,1.3391,1.33903,3600000,3600000
2023-02-15 14:13:52.071000,1.33912,1.33908,3600000,1200000
2023-02-15 14:13:52.173000,1.33918,1.33911,4350000,3600000
2023-02-15 14:13:52.224000,1.33918,1.33911,4500000,4500000
2023-02-15 14:13:53.296000,1.33917,1.33911,3600000,1200000
2023-02-15 14:13:53.945000,1.33917,1.33909,3600000,4500000
2023-02-15 14:13:54.098000,1.33917,1.3391,3600000,4050000
2023-02-15 14:13:54.149000,1.33917,1.33912,3600000,1200000
2023-02-15 14:13:54.251000,1.33918,1.33912,3600000,1200000
2023-02-15 14:13:54.369000,1.33918,1.33911,3600000,1200000
2023-02-15 14:13:54.626000,1.33918,1.33912,3600000,1200000
2023-02-15 14:13:55.070000,1.33918,1.33911,3600000,4500000
2023-02-15 14:13:55.335000,1.33918,1.33912,3600000,1200000
2023-02-15 14:13:55.643000,1.33919,1.3391,3600000,4500000
2023-02-15 14:13:55.862000,1.3392,1.33913,3600000,3600000
2023-02-15 14:13:55.964000,1.3392,1.33912,3600000,1200000
2023-02-15 14:13:56.066000,1.33919,1.33911,3600000,4500000
2023-02-15 14:13:56.557000,1.33918,1.33911,3600000,4500000
2023-02-15 14:13:57.098000,1.33917,1.33911,3600000,1200000
2023-02-15 14:13:57.200000,1.33916,1.33909,3600000,4950000
2023-02-15 14:13:57.555000,1.33919,1.33909,3600000,7200000
2023-02-15 14:13:57.606000,1.33918,1.33911,3600000,3600000
2023-02-15 14:13:58.063000,1.3392,1.33911,3600000,1200000
2023-02-15 14:13:58.114000,1.3392,1.33913,3600000,4050000
2023-02-15 14:13:58.369000,1.33924,1.33917,4050000,4720000
2023-02-15 14:13:58.471000,1.33927,1.33919,4500000,3600000
2023-02-15 14:13:58.572000,1.33926,1.33918,3600000,1350000
2023-02-15 14:13:58.674000,1.33928,1.33918,3600000,3600000
2023-02-15 14:13:59.080000,1.33928,1.33921,4050000,3600000
2023-02-15 14:13:59.182000,1.3393,1.3392,3600000,3600000
2023-02-15 14:13:59.538000,1.33929,1.33922,3600000,3600000
2023-02-15 14:14:00.576000,1.3393,1.33922,3600000,3600000
2023-02-15 14:14:01.134000,1.33928,1.33921,3600000,3600000
2023-02-15 14:14:01.622000,1.33927,1.33917,4140000,3600000
2023-02-15 14:14:01.826000,1.33924,1.33916,4140000,3600000
2023-02-15 14:14:01.928000,1.33923,1.33916,4050000,3600000
2023-02-15 14:14:01.979000,1.33921,1.33913,3600000,4500000
2023-02-15 14:14:02.799000,1.33921,1.33914,3600000,3600000
2023-02-15 14:14:03.104000,1.33923,1.33915,4140000,3600000
2023-02-15 14:14:03.510000,1.33924,1.33915,3600000,3600000
2023-02-15 14:14:04.320000,1.33925,1.33917,3600000,4050000
2023-02-15 14:14:04.422000,1.33927,1.33917,4500000,3600000
2023-02-15 14:14:04.806000,1.33926,1.33917,5040000,3600000
2023-02-15 14:14:04.908000,1.33925,1.33917,3600000,3600000
2023-02-15 14:14:05.314000,1.33926,1.33917,4500000,3600000
2023-02-15 14:14:06.273000,1.33923,1.33917,1200000,3600000
2023-02-15 14:14:06.324000,1.33921,1.33914,3600000,3600000
2023-02-15 14:14:06.426000,1.33921,1.33913,3600000,4500000
2023-02-15 14:14:06.617000,1.3392,1.33913,3600000,3600000
2023-02-15 14:14:06.820000,1.33922,1.33913,5490000,3600000
2023-02-15 14:14:06.922000,1.3392,1.33913,3600000,3600000
2023-02-15 14:14:07.075000,1.33922,1.33913,5490000,3600000
2023-02-15 14:14:07.126000,1.33921,1.33912,5040000,3600000
2023-02-15 14:14:07.178000,1.33922,1.33913,4500000,1800000
2023-02-15 14:14:07.280000,1.3392,1.33912,3600000,4500000
2023-02-15 14:14:08.041000,1.33919,1.33912,3600000,3600000
2023-02-15 14:14:08.193000,1.3392,1.33912,3600000,3600000
2023-02-15 14:14:10.103000,1.33922,1.33915,3600000,1200000
2023-02-15 14:14:10.205000,1.33926,1.33919,3600000,4500000
2023-02-15 14:14:10.510000,1.33926,1.3392,3600000,1200000
2023-02-15 14:14:10.612000,1.33926,1.33919,3600000,4500000
2023-02-15 14:14:10.815000,1.33927,1.3392,3600000,1200000
2023-02-15 14:14:10.968000,1.33928,1.3392,4500000,1200000
2023-02-15 14:14:11.203000,1.33927,1.3392,3600000,4500000
2023-02-15 14:14:11.362000,1.33929,1.33922,3600000,1200000
2023-02-15 14:14:11.464000,1.33932,1.33923,3600000,4500000
2023-02-15 14:14:11.515000,1.33932,1.33926,3600000,1200000
2023-02-15 14:14:11.617000,1.33935,1.33929,1100000,3600000
2023-02-15 14:14:11.669000,1.33936,1.33929,3600000,3600000
2023-02-15 14:14:11.872000,1.33938,1.33932,1100000,1200000
2023-02-15 14:14:11.975000,1.33945,1.33937,3970000,3600000
2023-02-15 14:14:12.077000,1.33945,1.33938,3600000,3600000
2023-02-15 14:14:12.179000,1.33945,1.33937,3600000,3600000
2023-02-15 14:14:12.659000,1.33942,1.33934,3600000,4050000
2023-02-15 14:14:12.761000,1.33941,1.33934,3600000,3600000
2023-02-15 14:14:12.863000,1.33942,1.33934,3600000,3600000
2023-02-15 14:14:12.965000,1.33942,1.33935,3600000,3600000
2023-02-15 14:14:13.802000,1.33944,1.33935,3600000,3600000
2023-02-15 14:14:13.904000,1.33945,1.33935,5040000,3600000
2023-02-15 14:14:13.955000,1.33944,1.33937,3600000,3600000
2023-02-15 14:14:14.163000,1.33944,1.33935,4500000,3600000
2023-02-15 14:14:14.396000,1.33944,1.33937,3600000,3600000
2023-02-15 14:14:14.701000,1.33944,1.33936,3600000,3600000
2023-02-15 14:14:14.854000,1.33945,1.33934,4500000,3600000
2023-02-15 14:14:15.199000,1.33943,1.33935,3600000,3600000
2023-02-15 14:14:15.351000,1.33942,1.33935,3600000,3600000
2023-02-15 14:14:15.555000,1.3394,1.33931,4050000,3600000
2023-02-15 14:14:15.657000,1.3394,1.3393,3600000,3600000
2023-02-15 14:14:15.708000,1.3394,1.33933,3600000,3600000
2023-02-15 14:14:16.013000,1.3394,1.33932,3600000,3600000
2023-02-15 14:14:16.115000,1.3394,1.33933,3600000,3600000
2023-02-15 14:14:16.217000,1.33941,1.33933,3600000,3600000
2023-02-15 14:14:16.801000,1.33941,1.33934,3600000,3600000
2023-02-15 14:14:17.834000,1.33939,1.33931,3600000,3600000
2023-02-15 14:14:18.139000,1.33939,1.33932,3600000,3600000
2023-02-15 14:14:18.241000,1.33941,1.33933,3600000,3600000
2023-02-15 14:14:18.343000,1.33941,1.33932,4050000,3600000
2023-02-15 14:14:18.445000,1.33939,1.33932,3600000,3600000
2023-02-15 14:14:18.546000,1.33939,1.33931,3600000,3600000
2023-02-15 14:14:18.763000,1.33939,1.33932,3600000,3600000
2023-02-15 14:14:18.916000,1.33939,1.33931,3600000,3600000
2023-02-15 14:14:19.018000,1.33939,1.3393,4500000,3600000
2023-02-15 14:14:19.119000,1.33938,1.3393,3600000,3600000
2023-02-15 14:14:19.423000,1.33936,1.33927,5040000,3600000
2023-02-15 14:14:19.525000,1.33935,1.33928,3600000,3600000
2023-02-15 14:14:21.418000,1.33936,1.33927,1200000,3600000
2023-02-15 14:14:22.840000,1.33935,1.33928,3600000,3600000
2023-02-15 14:14:24.787000,1.33936,1.33927,1200000,3600000
2023-02-15 14:14:24.889000,1.33935,1.33928,3600000,3600000
2023-02-15 14:14:25.093000,1.33936,1.33927,1200000,4050000
2023-02-15 14:14:25.552000,1.33935,1.33928,3600000,3600000
2023-02-15 14:14:28.459000,1.33939,1.33931,6750000,3600000
2023-02-15 14:14:28.510000,1.33937,1.3393,3600000,3600000
2023-02-15 14:14:28.662000,1.33938,1.33929,1200000,4050000
2023-02-15 14:14:28.764000,1.33937,1.33928,3600000,3600000
2023-02-15 14:14:29.083000,1.33937,1.33928,3600000,4050000
2023-02-15 14:14:29.185000,1.33939,1.33927,5040000,4050000
2023-02-15 14:14:29.533000,1.33936,1.33928,3600000,4050000
2023-02-15 14:14:29.635000,1.33938,1.33927,5040000,4950000
2023-02-15 14:14:29.838000,1.33936,1.33928,3600000,3600000
2023-02-15 14:14:30.326000,1.33938,1.33929,3600000,3600000
2023-02-15 14:14:30.428000,1.33937,1.33929,3600000,3600000
2023-02-15 14:14:30.530000,1.33937,1.3393,3600000,3600000
2023-02-15 14:14:31.410000,1.33939,1.3393,4500000,3600000
2023-02-15 14:14:31.563000,1.33938,1.3393,3600000,3600000
2023-02-15 14:14:31.715000,1.33939,1.3393,4500000,3600000
2023-02-15 14:14:31.898000,1.33939,1.33932,3600000,1200000
2023-02-15 14:14:32.001000,1.33943,1.33934,3600000,3600000
2023-02-15 14:14:32.052000,1.33943,1.33936,3600000,3600000
2023-02-15 14:14:35.182000,1.33942,1.33935,3600000,3600000
2023-02-15 14:14:35.284000,1.33944,1.33934,4500000,3600000
2023-02-15 14:14:35.596000,1.33943,1.33935,3600000,3600000
2023-02-15 14:14:35.879000,1.33944,1.33937,4500000,3600000
2023-02-15 14:14:36.952000,1.33944,1.33935,4500000,3600000
2023-02-15 14:14:38.142000,1.33944,1.33937,4500000,3600000
2023-02-15 14:14:38.244000,1.33944,1.33938,3600000,1200000
2023-02-15 14:14:38.295000,1.33946,1.33939,3600000,4500000
2023-02-15 14:14:38.346000,1.33947,1.33943,1200000,3600000
2023-02-15 14:14:38.397000,1.33953,1.33944,1200000,3600000
2023-02-15 14:14:38.601000,1.33953,1.33946,3600000,4500000
2023-02-15 14:14:38.652000,1.33955,1.33947,3600000,3600000
2023-02-15 14:14:38.754000,1.33956,1.33947,3600000,3600000
2023-02-15 14:14:38.856000,1.33958,1.3395,1200000,4500000
2023-02-15 14:14:38.958000,1.33957,1.33948,3600000,4500000
2023-02-15 14:14:39.263000,1.33956,1.33948,3600000,3600000
2023-02-15 14:14:39.365000,1.33955,1.33948,3600000,3600000
2023-02-15 14:14:39.578000,1.33955,1.33946,3600000,4500000
2023-02-15 14:14:39.972000,1.33958,1.33949,4050000,4500000
2023-02-15 14:14:40.074000,1.33957,1.33948,3600000,1200000
2023-02-15 14:14:40.176000,1.33955,1.33948,3600000,4500000
2023-02-15 14:14:40.816000,1.33955,1.33946,1200000,3600000
2023-02-15 14:14:41.624000,1.33954,1.33946,3600000,3600000
2023-02-15 14:14:41.726000,1.33954,1.33948,3600000,3600000
2023-02-15 14:14:41.777000,1.33954,1.33946,4050000,4500000
2023-02-15 14:14:41.879000,1.33954,1.33945,4050000,3600000
2023-02-15 14:14:42.269000,1.33955,1.33945,4950000,3600000
2023-02-15 14:14:42.320000,1.33951,1.33945,1200000,3600000
2023-02-15 14:14:42.371000,1.33952,1.33943,4500000,3600000
2023-02-15 14:14:45.416000,1.33953,1.33944,4500000,3600000
2023-02-15 14:14:46.482000,1.33953,1.33943,3600000,3600000
2023-02-15 14:14:46.953000,1.33953,1.33944,3600000,3600000
2023-02-15 14:14:47.055000,1.33955,1.33946,3600000,3600000
2023-02-15 14:14:47.258000,1.33956,1.33946,5850000,3600000
2023-02-15 14:14:47.641000,1.33956,1.33947,4500000,3600000
2023-02-15 14:14:48.048000,1.33957,1.33945,4500000,3600000
2023-02-15 14:14:49.107000,1.33951,1.33943,3600000,1800000
2023-02-15 14:14:49.210000,1.33952,1.33945,1200000,3600000
2023-02-15 14:14:49.312000,1.33952,1.33944,1200000,3600000
2023-02-15 14:14:49.414000,1.33954,1.33943,3600000,3600000
2023-02-15 14:14:49.994000,1.33955,1.33945,4140000,3600000
2023-02-15 14:14:50.146000,1.33953,1.33944,3600000,3600000
2023-02-15 14:14:50.727000,1.33952,1.33944,3600000,3600000
2023-02-15 14:14:50.829000,1.33953,1.33944,3600000,3600000
2023-02-15 14:14:50.931000,1.33958,1.33953,1200000,3600000
2023-02-15 14:14:50.982000,1.33965,1.33953,3600000,3600000
2023-02-15 14:14:51.083000,1.33965,1.33955,3600000,3600000
2023-02-15 14:14:51.186000,1.33964,1.33955,3600000,3600000
2023-02-15 14:14:51.288000,1.33963,1.33954,3600000,3600000
2023-02-15 14:14:51.643000,1.33964,1.33955,3600000,3600000
2023-02-15 14:14:52.032000,1.33962,1.33954,3600000,3600000
2023-02-15 14:14:52.083000,1.33964,1.33955,3600000,3600000
2023-02-15 14:14:52.337000,1.33965,1.33955,3600000,3600000
2023-02-15 14:14:52.877000,1.33962,1.33953,3600000,3600000
2023-02-15 14:14:52.979000,1.3396,1.33951,3600000,3600000
2023-02-15 14:14:53.232000,1.33962,1.33951,4500000,3600000
2023-02-15 14:14:53.435000,1.33962,1.33952,3600000,3600000
2023-02-15 14:14:53.487000,1.3396,1.33951,1800000,3600000
2023-02-15 14:14:53.538000,1.3396,1.33948,3600000,3600000
2023-02-15 14:14:53.640000,1.33958,1.33949,3600000,3600000
2023-02-15 14:14:53.893000,1.3396,1.33948,3600000,3600000
2023-02-15 14:14:53.995000,1.33958,1.33949,3600000,3600000
2023-02-15 14:14:55.689000,1.3396,1.33949,5040000,3600000
2023-02-15 14:14:55.841000,1.3396,1.33951,3600000,3600000
2023-02-15 14:14:55.943000,1.33962,1.33955,3600000,3600000
2023-02-15 14:14:56.045000,1.33963,1.33954,3600000,3600000
2023-02-15 14:14:56.150000,1.33961,1.33954,3600000,3600000
2023-02-15 14:14:57.277000,1.33962,1.33953,3600000,3600000
2023-02-15 14:14:57.887000,1.33962,1.33955,4500000,3600000
2023-02-15 14:14:57.938000,1.33962,1.33953,1200000,3600000
2023-02-15 14:14:59.635000,1.33963,1.33954,3600000,3600000
2023-02-15 14:15:00.072000,1.33961,1.33954,3600000,3600000
2023-02-15 14:15:02.607000,1.33962,1.33953,3600000,3600000
2023-02-15 14:15:03.824000,1.33962,1.33952,1200000,3600000
2023-02-15 14:15:04.409000,1.33959,1.33953,1200000,3600000
2023-02-15 14:15:04.632000,1.33961,1.33953,1200000,3600000
2023-02-15 14:15:04.734000,1.3396,1.33952,1200000,3600000
2023-02-15 14:15:05.039000,1.3396,1.33953,4500000,3600000
2023-02-15 14:15:05.445000,1.33962,1.33953,3600000,3600000
2023-02-15 14:15:05.496000,1.3396,1.33953,3600000,3600000
2023-02-15 14:15:07.001000,1.3396,1.33952,1200000,3600000
2023-02-15 14:15:07.635000,1.3396,1.33953,3600000,3600000
2023-02-15 14:15:09.347000,1.33954,1.33947,3600000,3600000
2023-02-15 14:15:09.399000,1.33957,1.33944,3600000,3600000
2023-02-15 14:15:09.482000,1.33956,1.33949,3600000,3600000
2023-02-15 14:15:09.534000,1.33956,1.33944,1200000,3600000
2023-02-15 14:15:09.636000,1.33954,1.33947,3600000,3600000
2023-02-15 14:15:09.687000,1.33956,1.33947,1200000,3600000
2023-02-15 14:15:09.739000,1.33954,1.33947,3600000,3600000
2023-02-15 14:15:09.970000,1.33956,1.33944,1200000,3600000
2023-02-15 14:15:10.021000,1.33952,1.33945,3600000,3600000
2023-02-15 14:15:10.225000,1.33957,1.33943,1600000,1100000
2023-02-15 14:15:10.428000,1.33952,1.33945,3600000,3600000
2023-02-15 14:15:11.314000,1.33954,1.33943,1200000,3600000
2023-02-15 14:15:11.753000,1.33952,1.33945,3600000,3600000
2023-02-15 14:15:12.553000,1.33955,1.33941,4500000,4050000
2023-02-15 14:15:12.655000,1.33954,1.33943,4500000,1100000
2023-02-15 14:15:13.448000,1.33953,1.33942,3600000,3970000
2023-02-15 14:15:13.600000,1.33953,1.33942,3600000,4050000
2023-02-15 14:15:13.702000,1.3395,1.33943,3600000,3600000
2023-02-15 14:15:13.804000,1.33948,1.33941,3600000,3600000
2023-02-15 14:15:15.039000,1.33951,1.33939,1350000,4050000
2023-02-15 14:15:15.090000,1.33946,1.33938,3600000,4050000
2023-02-15 14:15:15.192000,1.33931,1.33922,1200000,1200000
2023-02-15 14:15:15.244000,1.33912,1.33905,4500000,5100000
2023-02-15 14:15:15.295000,1.33911,1.33903,1220000,3600000
2023-02-15 14:15:15.346000,1.33909,1.33901,1200000,3300000
2023-02-15 14:15:15.397000,1.33909,1.33902,1200000,3600000
2023-02-15 14:15:15.499000,1.33906,1.33899,3600000,3600000
2023-02-15 14:15:16.008000,1.33905,1.33896,3490000,3600000
2023-02-15 14:15:16.110000,1.339,1.33891,3600000,3600000
2023-02-15 14:15:16.212000,1.33903,1.33899,3600000,1200000
2023-02-15 14:15:16.263000,1.33908,1.33905,3600000,1800000
2023-02-15 14:15:16.315000,1.33909,1.33902,3600000,3600000
2023-02-15 14:15:16.417000,1.3391,1.33905,3600000,2620000
2023-02-15 14:15:16.519000,1.33912,1.33908,3600000,1320000
2023-02-15 14:15:16.570000,1.33919,1.33911,1350000,1200000
2023-02-15 14:15:16.621000,1.33916,1.33912,3600000,1200000
2023-02-15 14:15:16.673000,1.33918,1.33912,3600000,1200000
2023-02-15 14:15:16.775000,1.33919,1.33916,1200000,1200000
2023-02-15 14:15:16.877000,1.33928,1.33919,3600000,3600000
2023-02-15 14:15:16.978000,1.33928,1.3392,4500000,3600000
2023-02-15 14:15:17.030000,1.33925,1.33917,3600000,4050000
2023-02-15 14:15:17.081000,1.33928,1.33916,3600000,4320000
2023-02-15 14:15:17.132000,1.33928,1.33921,4500000,3600000
2023-02-15 14:15:17.234000,1.33927,1.33919,3600000,1200000
2023-02-15 14:15:17.336000,1.33921,1.33914,1700000,1100000
2023-02-15 14:15:17.388000,1.33915,1.3391,1800000,2700000
2023-02-15 14:15:17.439000,1.33912,1.33904,3600000,3600000
2023-02-15 14:15:17.541000,1.33911,1.33904,3600000,3600000
2023-02-15 14:15:17.643000,1.33907,1.33898,3600000,3600000
2023-02-15 14:15:17.695000,1.33902,1.33893,3600000,3600000
2023-02-15 14:15:17.797000,1.33903,1.33894,4500000,3600000
2023-02-15 14:15:17.848000,1.33901,1.33892,3600000,4500000
2023-02-15 14:15:17.950000,1.33899,1.33897,1200000,3600000
2023-02-15 14:15:18.002000,1.33907,1.33892,3310000,2100000
2023-02-15 14:15:18.053000,1.33901,1.3389,3600000,4500000
2023-02-15 14:15:18.104000,1.33899,1.33893,1200000,3600000
2023-02-15 14:15:18.206000,1.339,1.33893,4500000,3600000
2023-02-15 14:15:18.308000,1.339,1.33892,1200000,3600000
2023-02-15 14:15:18.410000,1.33903,1.33894,4500000,3600000
2023-02-15 14:15:18.461000,1.33904,1.33896,1200000,1200000
2023-02-15 14:15:18.513000,1.33908,1.33899,6750000,3600000
2023-02-15 14:15:18.615000,1.33903,1.33898,3600000,1800000
2023-02-15 14:15:18.666000,1.33903,1.33896,3600000,3600000
2023-02-15 14:15:18.717000,1.33903,1.33894,3600000,3600000
2023-02-15 14:15:18.921000,1.33902,1.33895,3600000,3600000
2023-02-15 14:15:18.972000,1.33899,1.33891,3600000,3600000
2023-02-15 14:15:19.074000,1.339,1.33891,3600000,3600000
2023-02-15 14:15:19.227000,1.339,1.3389,3600000,3600000
2023-02-15 14:15:19.329000,1.33899,1.3389,3600000,3600000
2023-02-15 14:15:19.482000,1.33898,1.3389,3600000,3600000
2023-02-15 14:15:19.584000,1.33899,1.33891,3600000,3600000
2023-02-15 14:15:19.685000,1.33898,1.33889,3600000,3600000
2023-02-15 14:15:19.787000,1.33898,1.33891,3600000,3600000
2023-02-15 14:15:19.940000,1.33899,1.33891,3600000,3600000
2023-02-15 14:15:20.042000,1.339,1.33891,3600000,3600000
2023-02-15 14:15:20.194000,1.33902,1.33897,1200000,3600000
2023-02-15 14:15:20.246000,1.33905,1.33896,3600000,3600000
2023-02-15 14:15:20.348000,1.33905,1.33898,3600000,3600000
2023-02-15 14:15:20.450000,1.339,1.33892,3600000,3970000
2023-02-15 14:15:20.551000,1.339,1.33892,3600000,3600000
2023-02-15 14:15:20.654000,1.33898,1.3389,3600000,3600000
2023-02-15 14:15:20.756000,1.33899,1.33891,3600000,3600000
2023-02-15 14:15:20.857000,1.33897,1.3389,3600000,3600000
2023-02-15 14:15:20.960000,1.33902,1.33892,3600000,3600000
2023-02-15 14:15:21.011000,1.339,1.33892,3600000,3600000
2023-02-15 14:15:21.113000,1.33899,1.33892,3600000,3600000
2023-02-15 14:15:21.469000,1.33892,1.33886,6490000,1200000
2023-02-15 14:15:21.520000,1.33888,1.33882,3600000,1200000
2023-02-15 14:15:21.572000,1.33891,1.33881,4050000,3600000
2023-02-15 14:15:21.623000,1.33892,1.33888,1100000,3600000
2023-02-15 14:15:21.674000,1.33898,1.33886,4050000,3600000
2023-02-15 14:15:21.726000,1.33894,1.33887,3600000,3600000
2023-02-15 14:15:21.777000,1.33893,1.33884,3600000,4500000
2023-02-15 14:15:21.879000,1.33892,1.33883,3600000,3600000
2023-02-15 14:15:21.930000,1.33895,1.33882,3600000,3600000
2023-02-15 14:15:21.981000,1.33892,1.33887,3600000,1800000
2023-02-15 14:15:22.084000,1.33904,1.33896,3600000,3600000
2023-02-15 14:15:22.135000,1.33907,1.33894,3600000,3600000
2023-02-15 14:15:22.237000,1.33902,1.33892,3600000,3600000
2023-02-15 14:15:22.339000,1.33899,1.33889,3600000,1200000
2023-02-15 14:15:22.442000,1.33896,1.33887,3600000,3600000
2023-02-15 14:15:22.544000,1.33895,1.33887,3600000,3600000
2023-02-15 14:15:22.595000,1.33898,1.33887,3600000,3600000
2023-02-15 14:15:22.747000,1.33896,1.33887,3600000,3600000
2023-02-15 14:15:22.798000,1.33898,1.33887,3600000,3600000
2023-02-15 14:15:22.900000,1.339,1.33885,3600000,4050000
2023-02-15 14:15:23.002000,1.33898,1.3389,3600000,1200000
2023-02-15 14:15:23.104000,1.33902,1.33893,3600000,3600000
2023-02-15 14:15:23.206000,1.339,1.33892,3600000,3600000
2023-02-15 14:15:23.562000,1.33902,1.33891,3600000,3600000
2023-02-15 14:15:23.664000,1.339,1.33891,3600000,3600000
2023-02-15 14:15:23.817000,1.33901,1.33892,3600000,3600000
2023-02-15 14:15:24.223000,1.33901,1.33893,3600000,1350000
2023-02-15 14:15:24.274000,1.33906,1.33902,1200000,6300000
2023-02-15 14:15:24.325000,1.33912,1.33903,3600000,3600000
2023-02-15 14:15:24.377000,1.33897,1.3389,4050000,1350000
2023-02-15 14:15:24.479000,1.33905,1.33896,4500000,3600000
2023-02-15 14:15:24.581000,1.33906,1.33897,3600000,3600000
2023-02-15 14:15:24.937000,1.33907,1.33895,3600000,3600000
2023-02-15 14:15:24.988000,1.33905,1.33896,3600000,3600000
2023-02-15 14:15:25.191000,1.33906,1.33897,3600000,3600000
2023-02-15 14:15:25.293000,1.33905,1.33897,3600000,3600000
2023-02-15 14:15:25.496000,1.33905,1.33896,3600000,3600000
2023-02-15 14:15:25.548000,1.33903,1.33893,3600000,1200000
2023-02-15 14:15:25.650000,1.33903,1.3389,3600000,5400000
2023-02-15 14:15:25.701000,1.33904,1.33895,3600000,3600000
2023-02-15 14:15:25.752000,1.33908,1.33896,3600000,3600000
2023-02-15 14:15:25.803000,1.33908,1.33894,3600000,3600000
2023-02-15 14:15:25.956000,1.33908,1.33895,3600000,3600000
2023-02-15 14:15:26.007000,1.33909,1.33899,3600000,4500000
2023-02-15 14:15:26.140000,1.33909,1.33897,3600000,3600000
2023-02-15 14:15:26.242000,1.33908,1.33897,3600000,3600000
2023-02-15 14:15:26.344000,1.33906,1.33896,3600000,3600000
2023-02-15 14:15:26.446000,1.33908,1.33897,3600000,3600000
2023-02-15 14:15:26.649000,1.3391,1.33901,3600000,1200000
2023-02-15 14:15:26.700000,1.33913,1.33901,3600000,3600000
2023-02-15 14:15:26.752000,1.33912,1.33899,3600000,3600000
2023-02-15 14:15:26.854000,1.33911,1.33899,3600000,2700000
2023-02-15 14:15:26.905000,1.33913,1.33902,3600000,3600000
2023-02-15 14:15:27.007000,1.33911,1.339,3600000,3600000
2023-02-15 14:15:27.108000,1.3391,1.33899,3600000,3600000
2023-02-15 14:15:27.211000,1.33907,1.33899,3600000,3600000
2023-02-15 14:15:27.312000,1.33911,1.33897,3600000,4050000
2023-02-15 14:15:27.364000,1.33907,1.33899,3600000,3600000
2023-02-15 14:15:27.415000,1.3391,1.33897,3600000,4050000
2023-02-15 14:15:27.532000,1.33911,1.33897,3600000,4050000
2023-02-15 14:15:27.583000,1.33908,1.33897,3600000,3600000
2023-02-15 14:15:27.685000,1.33908,1.33897,3600000,4050000
2023-02-15 14:15:27.787000,1.3391,1.33894,3600000,5170000
2023-02-15 14:15:27.838000,1.33908,1.33896,3600000,3600000
2023-02-15 14:15:27.940000,1.33908,1.33894,3600000,3670000
2023-02-15 14:15:28.042000,1.33908,1.33896,3600000,7050000
2023-02-15 14:15:28.144000,1.33905,1.33897,3600000,3600000
2023-02-15 14:15:28.195000,1.33907,1.33893,3600000,6300000
2023-02-15 14:15:28.247000,1.33904,1.33896,3600000,3600000
2023-02-15 14:15:28.298000,1.33907,1.33894,3600000,3600000
2023-02-15 14:15:28.400000,1.33908,1.33895,3600000,4050000
2023-02-15 14:15:28.502000,1.33909,1.33896,3600000,4050000
2023-02-15 14:15:28.603000,1.33908,1.33896,3600000,4050000
2023-02-15 14:15:28.655000,1.33908,1.339,3600000,1100000
2023-02-15 14:15:28.706000,1.33913,1.33907,3220000,4050000
2023-02-15 14:15:28.758000,1.33917,1.33908,1200000,3600000
2023-02-15 14:15:28.860000,1.33919,1.33905,3600000,4050000
2023-02-15 14:15:28.911000,1.33916,1.33905,3600000,4050000
2023-02-15 14:15:29.013000,1.33917,1.33909,3600000,3600000
2023-02-15 14:15:29.115000,1.33912,1.33904,3600000,3600000
2023-02-15 14:15:29.166000,1.33913,1.339,3600000,5400000
2023-02-15 14:15:29.218000,1.3391,1.339,3600000,6300000
2023-02-15 14:15:29.370000,1.33911,1.33898,3600000,1350000
2023-02-15 14:15:29.472000,1.33908,1.33896,3600000,3600000
2023-02-15 14:15:29.524000,1.3391,1.33897,4140000,3600000
2023-02-15 14:15:29.625000,1.33908,1.33897,3600000,3600000
2023-02-15 14:15:29.728000,1.33907,1.33896,3600000,3600000
2023-02-15 14:15:29.931000,1.33909,1.33896,3600000,3600000
2023-02-15 14:15:30.051000,1.3391,1.33897,4140000,3600000
2023-02-15 14:15:30.102000,1.33908,1.33897,3600000,3600000
2023-02-15 14:15:30.356000,1.33906,1.33897,1200000,3600000
2023-02-15 14:15:30.559000,1.33907,1.33896,3600000,5850000
2023-02-15 14:15:30.915000,1.33902,1.33893,3600000,5470000
2023-02-15 14:15:31.017000,1.33898,1.33888,5400000,1200000
2023-02-15 14:15:31.068000,1.33895,1.33886,3600000,3600000
2023-02-15 14:15:31.170000,1.33894,1.33886,3600000,3600000
2023-02-15 14:15:31.526000,1.33896,1.33885,3600000,3600000
2023-02-15 14:15:31.577000,1.33895,1.33885,3600000,3600000
2023-02-15 14:15:31.826000,1.33899,1.33885,3620000,3600000
2023-02-15 14:15:31.877000,1.33894,1.33884,3600000,3600000
2023-02-15 14:15:31.979000,1.33896,1.33882,3600000,3600000
2023-02-15 14:15:32.081000,1.33896,1.33883,4500000,3600000
2023-02-15 14:15:32.183000,1.33893,1.33885,3600000,3600000
2023-02-15 14:15:32.343000,1.33896,1.33883,3600000,3600000
2023-02-15 14:15:32.446000,1.33894,1.33883,3600000,3600000
2023-02-15 14:15:32.660000,1.33893,1.33884,3600000,3600000
2023-02-15 14:15:32.813000,1.33891,1.33883,3600000,3600000
2023-02-15 14:15:32.915000,1.33889,1.33881,3600000,1200000
2023-02-15 14:15:32.966000,1.33887,1.33878,3600000,3600000
2023-02-15 14:15:33.068000,1.33888,1.33879,3600000,3600000
2023-02-15 14:15:33.475000,1.33887,1.33878,3600000,3600000
2023-02-15 14:15:33.577000,1.33887,1.33879,3600000,3600000
2023-02-15 14:15:33.679000,1.33887,1.33878,3600000,3600000
2023-02-15 14:15:33.781000,1.33886,1.33878,3600000,3600000
2023-02-15 14:15:33.934000,1.33887,1.33879,3600000,3600000
2023-02-15 14:15:34.036000,1.33886,1.33878,3600000,4500000
2023-02-15 14:15:34.138000,1.33893,1.33888,1200000,1200000
2023-02-15 14:15:34.190000,1.33898,1.33889,4500000,3600000
2023-02-15 14:15:34.292000,1.33897,1.33888,3600000,3600000
2023-02-15 14:15:34.444000,1.33898,1.33888,3600000,3600000
2023-02-15 14:15:34.597000,1.33899,1.33894,3600000,1800000
2023-02-15 14:15:34.648000,1.33904,1.33895,3600000,3600000
2023-02-15 14:15:34.699000,1.33901,1.33891,3600000,4500000
2023-02-15 14:15:34.751000,1.33898,1.33889,3600000,4500000
2023-02-15 14:15:35.005000,1.33899,1.33888,3600000,3600000
2023-02-15 14:15:35.107000,1.33897,1.33888,3600000,3600000
2023-02-15 14:15:35.260000,1.33898,1.33886,3600000,4500000
2023-02-15 14:15:35.362000,1.33889,1.33884,3600000,1200000
2023-02-15 14:15:35.414000,1.33889,1.33881,3600000,3600000
2023-02-15 14:15:35.516000,1.33889,1.3388,3600000,3600000
2023-02-15 14:15:36.023000,1.3389,1.33881,3600000,3600000
2023-02-15 14:15:36.328000,1.33888,1.33879,3600000,3600000
2023-02-15 14:15:36.430000,1.33893,1.33882,1200000,3600000
2023-02-15 14:15:36.482000,1.33894,1.33883,3600000,4950000
2023-02-15 14:15:36.533000,1.33897,1.33888,1200000,3600000
2023-02-15 14:15:36.635000,1.339,1.33891,3600000,3600000
2023-02-15 14:15:36.738000,1.33899,1.33887,3600000,1800000
2023-02-15 14:15:36.789000,1.33896,1.33887,3600000,3600000
2023-02-15 14:15:37.177000,1.33891,1.33883,3600000,3600000
2023-02-15 14:15:37.279000,1.33892,1.33884,3600000,3600000
2023-02-15 14:15:37.381000,1.33897,1.33885,3600000,2700000
2023-02-15 14:15:37.432000,1.33897,1.33888,3600000,3600000
2023-02-15 14:15:37.534000,1.33896,1.33887,3600000,3600000
2023-02-15 14:15:37.687000,1.33898,1.33887,3600000,3600000
2023-02-15 14:15:37.840000,1.33898,1.33889,3600000,3600000
2023-02-15 14:15:38.145000,1.33898,1.3389,3600000,3600000
2023-02-15 14:15:38.247000,1.33898,1.33889,3600000,4050000
2023-02-15 14:15:38.349000,1.33901,1.33892,3600000,3600000
2023-02-15 14:15:38.451000,1.339,1.33892,3600000,1200000
2023-02-15 14:15:38.553000,1.33906,1.33898,1800000,3600000
2023-02-15 14:15:38.655000,1.33908,1.33897,3600000,3600000
2023-02-15 14:15:38.757000,1.33907,1.33898,3600000,3600000
2023-02-15 14:15:38.910000,1.33906,1.33896,3600000,3600000
2023-02-15 14:15:38.961000,1.33907,1.33896,3600000,3600000
2023-02-15 14:15:39.063000,1.33905,1.33897,3600000,3600000
2023-02-15 14:15:39.266000,1.33905,1.33896,3600000,3600000
2023-02-15 14:15:39.368000,1.33906,1.33897,3600000,3600000
2023-02-15 14:15:39.521000,1.33907,1.33898,3600000,3600000
2023-02-15 14:15:40.567000,1.33906,1.33897,3600000,3600000
2023-02-15 14:15:40.669000,1.33905,1.33896,3600000,3600000
2023-02-15 14:15:40.923000,1.33903,1.33895,1320000,3600000
2023-02-15 14:15:41.025000,1.33894,1.33885,3600000,3600000
2023-02-15 14:15:41.127000,1.33896,1.33886,3600000,2100000
2023-02-15 14:15:41.230000,1.33901,1.33893,3600000,3600000
2023-02-15 14:15:41.281000,1.33897,1.33889,3600000,1200000
2023-02-15 14:15:41.383000,1.33897,1.33888,3600000,4050000
2023-02-15 14:15:41.536000,1.33903,1.33891,1200000,5850000
2023-02-15 14:15:41.638000,1.33902,1.33891,3600000,3600000
2023-02-15 14:15:41.790000,1.33903,1.33891,1800000,3600000
2023-02-15 14:15:41.841000,1.339,1.33891,3600000,3600000
2023-02-15 14:15:41.892000,1.33903,1.33891,1200000,3600000
2023-02-15 14:15:42.096000,1.33904,1.33891,4500000,5400000
2023-02-15 14:15:42.147000,1.33904,1.33897,4500000,1100000
2023-02-15 14:15:42.249000,1.33908,1.33899,3600000,3600000
2023-02-15 14:15:42.300000,1.3391,1.33901,3600000,3600000
2023-02-15 14:15:42.402000,1.33911,1.33902,3820000,3600000
2023-02-15 14:15:42.454000,1.33915,1.33902,4500000,3600000
2023-02-15 14:15:42.505000,1.33914,1.33905,3600000,3600000
2023-02-15 14:15:42.607000,1.33914,1.33906,3600000,3600000
2023-02-15 14:15:42.810000,1.33918,1.33909,1200000,1350000
2023-02-15 14:15:42.913000,1.3392,1.33909,1200000,6220000
2023-02-15 14:15:42.964000,1.3392,1.33914,1200000,1200000
2023-02-15 14:15:43.015000,1.33923,1.33914,4500000,3600000
2023-02-15 14:15:43.168000,1.33925,1.33915,1200000,3600000
2023-02-15 14:15:43.220000,1.33921,1.33912,3600000,3600000
2023-02-15 14:15:43.271000,1.33916,1.33908,1700000,4500000
2023-02-15 14:15:43.383000,1.33912,1.33903,3600000,3600000
2023-02-15 14:15:43.435000,1.33911,1.33901,3600000,3600000
2023-02-15 14:15:43.537000,1.3391,1.33901,3600000,3600000
2023-02-15 14:15:43.639000,1.3391,1.33902,3600000,3600000
2023-02-15 14:15:44.142000,1.33918,1.33906,2250000,1100000
2023-02-15 14:15:44.193000,1.3393,1.33922,4500000,1800000
2023-02-15 14:15:44.397000,1.33931,1.33923,3600000,3600000
2023-02-15 14:15:44.448000,1.33927,1.33919,3600000,1200000
2023-02-15 14:15:44.500000,1.33926,1.33917,3600000,3600000
2023-02-15 14:15:44.653000,1.33925,1.33916,3600000,3600000
2023-02-15 14:15:44.704000,1.33926,1.33912,3600000,4050000
2023-02-15 14:15:44.755000,1.33925,1.33916,3600000,3600000
2023-02-15 14:15:44.908000,1.33924,1.33915,3600000,3600000
2023-02-15 14:15:45.060000,1.33925,1.33917,1200000,3600000
2023-02-15 14:15:45.162000,1.33926,1.33918,3600000,3600000
2023-02-15 14:15:45.304000,1.33926,1.33916,3600000,3600000
2023-02-15 14:15:45.608000,1.33925,1.33913,3600000,5850000
2023-02-15 14:15:45.660000,1.33924,1.33915,3600000,3600000
2023-02-15 14:15:46.180000,1.33923,1.33915,3600000,3600000
2023-02-15 14:15:46.651000,1.33925,1.33916,3600000,3600000
2023-02-15 14:15:46.753000,1.33924,1.33915,3600000,3600000
2023-02-15 14:15:46.805000,1.33922,1.33913,3600000,3600000
2023-02-15 14:15:46.856000,1.3392,1.3391,3600000,3600000
2023-02-15 14:15:46.907000,1.33921,1.33912,4500000,3600000
2023-02-15 14:15:47.385000,1.33923,1.33911,4500000,3600000
2023-02-15 14:15:47.437000,1.33922,1.33913,3600000,3600000
2023-02-15 14:15:47.539000,1.33921,1.33912,3600000,3600000
2023-02-15 14:15:47.641000,1.33925,1.33916,3600000,3600000
2023-02-15 14:15:47.692000,1.33929,1.33917,5100000,3600000
2023-02-15 14:15:47.743000,1.33925,1.33916,3600000,4500000
2023-02-15 14:15:48.074000,1.33923,1.33914,3600000,3600000
2023-02-15 14:15:48.126000,1.33926,1.33914,5400000,3600000
2023-02-15 14:15:48.177000,1.33925,1.33914,3600000,3600000
2023-02-15 14:15:48.329000,1.33926,1.33914,3600000,3600000
2023-02-15 14:15:48.381000,1.33921,1.3391,1200000,3600000
2023-02-15 14:15:48.432000,1.3392,1.33908,4500000,3600000
2023-02-15 14:15:48.483000,1.33919,1.3391,3600000,3600000
2023-02-15 14:15:48.585000,1.33918,1.33909,3600000,3600000
2023-02-15 14:15:49.208000,1.33917,1.33908,3600000,3600000
2023-02-15 14:15:49.411000,1.33918,1.33909,3600000,3600000
2023-02-15 14:15:49.713000,1.33919,1.3391,3600000,3600000
2023-02-15 14:15:49.815000,1.3392,1.33908,3870000,3600000
2023-02-15 14:15:49.866000,1.33917,1.33907,1200000,3600000
2023-02-15 14:15:49.968000,1.33915,1.33908,1200000,3600000
2023-02-15 14:15:50.286000,1.33913,1.33904,3600000,3600000
2023-02-15 14:15:50.388000,1.33913,1.33906,1200000,3600000
2023-02-15 14:15:50.439000,1.33915,1.33905,1200000,3600000
2023-02-15 14:15:50.541000,1.33915,1.33908,1200000,3600000
2023-02-15 14:15:50.643000,1.3392,1.33912,1200000,3600000
2023-02-15 14:15:50.745000,1.3392,1.33913,1200000,3600000
2023-02-15 14:15:50.796000,1.3392,1.3391,1200000,4500000
2023-02-15 14:15:51.050000,1.33921,1.33913,1200000,3600000
2023-02-15 14:15:51.152000,1.33926,1.33918,1200000,3600000
2023-02-15 14:15:51.254000,1.33925,1.33918,1200000,3600000
2023-02-15 14:15:51.356000,1.33925,1.33917,1200000,3600000
2023-02-15 14:15:51.528000,1.33925,1.33918,1200000,3600000
2023-02-15 14:15:51.630000,1.33927,1.33921,1200000,3600000
2023-02-15 14:15:51.732000,1.33933,1.33922,4500000,3600000
2023-02-15 14:15:51.834000,1.33932,1.33924,1200000,3600000
2023-02-15 14:15:51.936000,1.33931,1.33924,1200000,3600000
2023-02-15 14:15:52.139000,1.33933,1.33923,1200000,3600000
2023-02-15 14:15:52.241000,1.33933,1.33924,4500000,3600000
2023-02-15 14:15:52.394000,1.33934,1.33926,1200000,3600000
2023-02-15 14:15:52.445000,1.33937,1.33927,1200000,3600000
2023-02-15 14:15:52.548000,1.33937,1.33933,1200000,3600000
2023-02-15 14:15:52.599000,1.3394,1.33936,1200000,3600000
2023-02-15 14:15:52.650000,1.33945,1.33935,1200000,5850000
2023-02-15 14:15:52.752000,1.33945,1.33938,1200000,3600000
2023-02-15 14:15:52.854000,1.33949,1.3394,3600000,3600000
2023-02-15 14:15:52.906000,1.3395,1.33945,1200000,3600000
2023-02-15 14:15:52.957000,1.33954,1.33945,1200000,3600000
2023-02-15 14:15:53.110000,1.33954,1.33946,1200000,3600000
2023-02-15 14:15:53.212000,1.33955,1.33944,1200000,4500000
2023-02-15 14:15:53.314000,1.33954,1.33948,1200000,3600000
2023-02-15 14:15:53.467000,1.33954,1.33945,1200000,3600000
2023-02-15 14:15:53.569000,1.33955,1.33949,1200000,3600000
2023-02-15 14:15:53.671000,1.33955,1.33948,1200000,3600000
2023-02-15 14:15:53.877000,1.33957,1.33948,3600000,3600000
2023-02-15 14:15:54.104000,1.33956,1.33947,3600000,3600000
2023-02-15 14:15:54.155000,1.33957,1.33945,3600000,3600000
2023-02-15 14:15:54.206000,1.33956,1.33947,3600000,3600000
2023-02-15 14:15:54.257000,1.33957,1.33944,3600000,4050000
2023-02-15 14:15:54.359000,1.33955,1.33945,3600000,3600000
2023-02-15 14:15:54.410000,1.33957,1.33945,3600000,3600000
2023-02-15 14:15:54.512000,1.33957,1.33944,4500000,4050000
2023-02-15 14:15:54.958000,1.33955,1.33944,1080000,3600000
2023-02-15 14:15:55.061000,1.33953,1.33942,3600000,4050000
2023-02-15 14:15:55.162000,1.33954,1.33945,3600000,3600000
2023-02-15 14:15:55.214000,1.33955,1.33942,3600000,4050000
2023-02-15 14:15:55.366000,1.33954,1.33945,3600000,3600000
2023-02-15 14:15:55.468000,1.33956,1.33947,3600000,3600000
2023-02-15 14:15:55.570000,1.33954,1.33945,3600000,3600000
2023-02-15 14:15:55.673000,1.33952,1.33943,1200000,3600000
2023-02-15 14:15:55.825000,1.33951,1.33943,1200000,3600000
2023-02-15 14:15:55.927000,1.3395,1.33943,1200000,3600000
2023-02-15 14:15:56.131000,1.3395,1.33944,1200000,3600000
2023-02-15 14:15:56.233000,1.33951,1.33942,1200000,3600000
2023-02-15 14:15:56.335000,1.33949,1.33937,3600000,4720000
2023-02-15 14:15:56.387000,1.33946,1.33937,1200000,3600000
2023-02-15 14:15:56.489000,1.33947,1.33939,3600000,3600000
2023-02-15 14:15:56.591000,1.33948,1.33941,3600000,3600000
2023-02-15 14:15:56.642000,1.3395,1.33942,1200000,3600000
2023-02-15 14:15:56.744000,1.33953,1.3394,4050000,3600000
2023-02-15 14:15:56.795000,1.3395,1.33941,3600000,3600000
2023-02-15 14:15:56.897000,1.33951,1.33942,3600000,3600000
2023-02-15 14:15:57.082000,1.33954,1.33939,3600000,3600000
2023-02-15 14:15:57.235000,1.33952,1.33943,3600000,3600000
2023-02-15 14:15:57.337000,1.33953,1.33943,3600000,4500000
2023-02-15 14:15:57.439000,1.33953,1.33944,3600000,3600000
2023-02-15 14:15:58.650000,1.33957,1.33944,4500000,3600000
2023-02-15 14:15:58.752000,1.33957,1.33944,4270000,4050000
2023-02-15 14:15:59.044000,1.33956,1.33946,3600000,3600000
2023-02-15 14:15:59.240000,1.33955,1.33945,3600000,3600000
2023-02-15 14:15:59.342000,1.33955,1.33942,3600000,3600000
2023-02-15 14:15:59.444000,1.33953,1.33942,3600000,1200000
2023-02-15 14:15:59.495000,1.33953,1.33944,3600000,3600000
2023-02-15 14:15:59.648000,1.33952,1.33942,3600000,3600000
2023-02-15 14:15:59.699000,1.33955,1.33946,3600000,3600000
2023-02-15 14:16:00.105000,1.33957,1.33946,3600000,3600000
2023-02-15 14:16:00.258000,1.33956,1.33946,3600000,3600000
2023-02-15 14:16:00.360000,1.33955,1.33947,3600000,3600000
2023-02-15 14:16:00.411000,1.33956,1.33945,3600000,3600000
2023-02-15 14:16:00.513000,1.33955,1.33944,3600000,4590000
2023-02-15 14:16:00.615000,1.33957,1.33944,3600000,4590000
2023-02-15 14:16:01.059000,1.33953,1.33944,3600000,4050000
2023-02-15 14:16:01.161000,1.33955,1.33946,3600000,3600000
2023-02-15 14:16:01.567000,1.33957,1.33943,4270000,1200000
2023-02-15 14:16:01.618000,1.33953,1.33944,3600000,4050000
2023-02-15 14:16:01.872000,1.33952,1.33944,3600000,1200000
2023-02-15 14:16:01.923000,1.33955,1.33945,3600000,3600000
2023-02-15 14:16:02.025000,1.33954,1.33943,3600000,4050000
2023-02-15 14:16:02.127000,1.33956,1.33945,3600000,3600000
