time,ask,bid,ask_volume,bid_volume
2017-06-01 14:25:00.067000,1.11352,1.1135,4160000,1000000
2017-06-01 14:25:00.577000,1.11351,1.1135,1120000,1000000
2017-06-01 14:25:01.039000,1.11353,1.11351,4690000,1000000
2017-06-01 14:25:01.671000,1.11353,1.11351,5810000,1000000
2017-06-01 14:25:01.927000,1.11354,1.11352,1950000,1000000
2017-06-01 14:25:02.029000,1.11356,1.11354,2060000,1000000
2017-06-01 14:25:02.543000,1.11354,1.11353,1500000,1000000
2017-06-01 14:25:02.850000,1.11353,1.11351,5060000,1000000
2017-06-01 14:25:03.375000,1.11353,1.11351,5060000,1000000
2017-06-01 14:25:06.061000,1.11354,1.11352,3370000,1000000
2017-06-01 14:25:06.700000,1.11353,1.11351,2440000,1000000
2017-06-01 14:25:07.216000,1.11353,1.11351,1000000,1000000
2017-06-01 14:25:07.522000,1.1135,1.11349,1160000,1000000
2017-06-01 14:25:07.741000,1.1135,1.11347,4310000,1870000
2017-06-01 14:25:08.324000,1.11349,1.11344,2060000,2810000
2017-06-01 14:25:08.478000,1.11346,1.11345,1000000,1000000
2017-06-01 14:25:10.286000,1.11345,1.11343,1000000,1120000
2017-06-01 14:25:10.677000,1.11342,1.1134,3410000,3370000
2017-06-01 14:25:10.729000,1.11339,1.11337,2120000,1100000
2017-06-01 14:25:10.832000,1.11333,1.11331,1000000,3410000
2017-06-01 14:25:11.037000,1.11335,1.11331,1500000,3790000
2017-06-01 14:25:11.088000,1.11333,1.11331,1000000,1690000
2017-06-01 14:25:11.396000,1.11337,1.11335,1870000,1370000
2017-06-01 14:25:11.652000,1.11334,1.11332,1000000,1120000
2017-06-01 14:25:12.174000,1.11333,1.11331,1000000,2060000
2017-06-01 14:25:12.825000,1.11333,1.11331,1000000,1000000
2017-06-01 14:25:13.241000,1.11335,1.11331,1390000,1500000
2017-06-01 14:25:13.767000,1.11335,1.11331,1390000,2250000
2017-06-01 14:25:14.578000,1.11334,1.11331,1000000,2250000
2017-06-01 14:25:15.093000,1.11335,1.11331,1120000,3190000
2017-06-01 14:25:15.639000,1.11336,1.11334,2140000,1000000
2017-06-01 14:25:16.154000,1.11336,1.11335,1010000,1000000
2017-06-01 14:25:17.975000,1.11335,1.11333,4160000,1120000
2017-06-01 14:25:18.078000,1.11335,1.11333,2810000,1000000
2017-06-01 14:25:18.621000,1.11335,1.11333,2140000,1000000
2017-06-01 14:25:20.221000,1.11335,1.11333,1000000,1000000
2017-06-01 14:25:21.373000,1.11335,1.11333,4690000,1120000
2017-06-01 14:25:22.201000,1.11335,1.11333,1200000,1000000
2017-06-01 14:25:22.711000,1.11336,1.11334,4310000,1000000
2017-06-01 14:25:23.237000,1.11335,1.11334,1500000,1000000
2017-06-01 14:25:24.560000,1.11336,1.11334,4390000,1000000
2017-06-01 14:25:25.073000,1.11336,1.11335,1250000,1000000
2017-06-01 14:25:25.448000,1.11339,1.11337,3260000,1000000
2017-06-01 14:25:25.757000,1.11342,1.1134,3560000,1000000
2017-06-01 14:25:26.338000,1.11342,1.1134,3560000,1000000
2017-06-01 14:25:27.075000,1.11342,1.1134,2810000,1000000
2017-06-01 14:25:27.398000,1.11342,1.11339,2140000,1120000
2017-06-01 14:25:27.908000,1.11343,1.1134,4390000,1120000
2017-06-01 14:25:31.240000,1.11343,1.1134,3710000,1000000
2017-06-01 14:25:31.394000,1.11343,1.11341,4120000,1000000
2017-06-01 14:25:32.135000,1.11344,1.11342,4240000,1000000
2017-06-01 14:25:32.186000,1.11344,1.11341,2100000,1120000
2017-06-01 14:25:32.240000,1.11345,1.11343,1870000,1190000
2017-06-01 14:25:32.395000,1.11349,1.11347,2440000,1000000
2017-06-01 14:25:33.274000,1.1135,1.11348,6640000,1000000
2017-06-01 14:25:34.352000,1.11349,1.11347,3560000,1000000
2017-06-01 14:25:35.315000,1.1135,1.11347,6410000,1000000
2017-06-01 14:25:35.469000,1.11351,1.11349,2320000,1190000
2017-06-01 14:25:35.521000,1.11354,1.11353,4570000,1000000
2017-06-01 14:25:35.623000,1.11356,1.11355,4390000,1000000
2017-06-01 14:25:35.727000,1.11359,1.11357,2510000,1000000
2017-06-01 14:25:36.033000,1.11357,1.11356,2250000,1000000
2017-06-01 14:25:36.551000,1.11358,1.11356,6940000,1000000
2017-06-01 14:25:36.857000,1.11356,1.11355,1000000,1000000
2017-06-01 14:25:36.909000,1.11355,1.11353,1250000,1500000
2017-06-01 14:25:37.223000,1.11357,1.11355,3260000,1000000
2017-06-01 14:25:37.325000,1.11356,1.11353,1690000,1500000
2017-06-01 14:25:37.835000,1.11354,1.11352,3490000,1000000
2017-06-01 14:25:38.353000,1.11354,1.1135,3560000,1870000
2017-06-01 14:25:38.700000,1.11352,1.11349,2620000,3000000
2017-06-01 14:25:38.802000,1.11352,1.11349,3940000,1500000
2017-06-01 14:25:39.007000,1.11355,1.11351,3190000,1500000
2017-06-01 14:25:39.508000,1.11355,1.11352,3070000,1000000
2017-06-01 14:25:40.151000,1.11354,1.11351,2060000,3370000
2017-06-01 14:25:40.406000,1.11353,1.1135,1390000,1870000
2017-06-01 14:25:42.199000,1.1135,1.11349,1500000,1870000
2017-06-01 14:25:42.456000,1.11353,1.11349,4760000,3370000
2017-06-01 14:25:44.003000,1.11353,1.1135,5140000,1120000
2017-06-01 14:25:45.412000,1.11352,1.11349,1390000,1870000
2017-06-01 14:25:45.718000,1.11353,1.1135,4460000,1120000
2017-06-01 14:25:49.185000,1.11352,1.11349,1000000,1500000
2017-06-01 14:25:51.421000,1.11352,1.1135,1000000,1370000
2017-06-01 14:25:52.043000,1.11353,1.1135,1000000,2620000
2017-06-01 14:25:52.656000,1.11353,1.1135,1000000,1560000
2017-06-01 14:25:53.351000,1.11353,1.1135,1000000,1560000
2017-06-01 14:25:53.607000,1.11351,1.11349,1120000,1000000
2017-06-01 14:25:54.458000,1.11352,1.11349,1000000,2810000
2017-06-01 14:25:55.510000,1.11353,1.1135,1000000,1250000
2017-06-01 14:25:55.775000,1.11353,1.11351,1000000,2470000
2017-06-01 14:25:55.929000,1.11352,1.11349,1500000,1870000
2017-06-01 14:25:56.448000,1.11351,1.11348,1000000,2000000
2017-06-01 14:25:57.001000,1.11352,1.11349,1000000,6410000
2017-06-01 14:25:57.513000,1.11353,1.1135,1000000,3190000
2017-06-01 14:25:58.052000,1.11354,1.11352,1000000,1120000
2017-06-01 14:25:58.766000,1.11353,1.1135,1000000,2060000
2017-06-01 14:25:59.290000,1.11354,1.11352,1000000,1000000
2017-06-01 14:25:59.803000,1.11355,1.11353,1000000,1720000
2017-06-01 14:26:01.602000,1.11354,1.11353,1000000,1000000
2017-06-01 14:26:01.865000,1.11353,1.11349,1000000,5060000
2017-06-01 14:26:02.120000,1.11353,1.11351,1000000,1500000
2017-06-01 14:26:02.325000,1.11353,1.1135,1000000,1540000
2017-06-01 14:26:03.121000,1.11353,1.11351,1000000,1000000
2017-06-01 14:26:03.376000,1.11356,1.11352,9640000,1000000
2017-06-01 14:26:03.896000,1.11355,1.11352,1010000,1000000
2017-06-01 14:26:05.647000,1.11355,1.11352,1690000,1120000
2017-06-01 14:26:06.361000,1.11356,1.11354,1200000,2100000
2017-06-01 14:26:06.698000,1.1136,1.11357,5510000,1000000
2017-06-01 14:26:07.204000,1.11358,1.11355,1390000,1000000
2017-06-01 14:26:07.733000,1.11358,1.11355,5140000,1000000
2017-06-01 14:26:09.416000,1.11356,1.11353,3190000,1870000
2017-06-01 14:26:09.925000,1.11356,1.11353,10390000,1000000
2017-06-01 14:26:10.486000,1.11355,1.11352,3450000,1000000
2017-06-01 14:26:11.109000,1.11355,1.11352,2700000,1000000
2017-06-01 14:26:11.414000,1.11349,1.11346,1950000,1500000
2017-06-01 14:26:12.469000,1.1135,1.11348,1650000,1000000
2017-06-01 14:26:12.571000,1.11352,1.11349,3260000,1000000
2017-06-01 14:26:13.676000,1.11352,1.11349,4390000,1000000
2017-06-01 14:26:14.409000,1.11352,1.11349,5210000,1000000
2017-06-01 14:26:15.460000,1.1135,1.11348,1000000,1120000
2017-06-01 14:26:15.768000,1.11349,1.11347,1690000,1120000
2017-06-01 14:26:16.074000,1.11351,1.11349,1100000,1000000
2017-06-01 14:26:16.582000,1.11352,1.11349,1010000,1120000
2017-06-01 14:26:16.888000,1.11351,1.11348,1010000,1000000
2017-06-01 14:26:17.399000,1.1135,1.11347,5510000,2250000
2017-06-01 14:26:17.924000,1.11349,1.11347,2060000,1500000
2017-06-01 14:26:20.320000,1.11349,1.11348,1000000,1000000
2017-06-01 14:26:20.565000,1.11351,1.11348,1010000,1120000
2017-06-01 14:26:20.952000,1.11353,1.11349,2510000,2100000
2017-06-01 14:26:21.532000,1.11353,1.11351,1470000,1000000
2017-06-01 14:26:21.992000,1.11354,1.11353,1000000,1000000
2017-06-01 14:26:22.123000,1.11356,1.11353,4010000,1000000
2017-06-01 14:26:22.176000,1.11357,1.11355,1620000,1000000
2017-06-01 14:26:22.695000,1.11358,1.11355,3340000,1000000
2017-06-01 14:26:23.003000,1.11355,1.11353,1460000,1000000
2017-06-01 14:26:23.751000,1.11354,1.11352,1950000,1120000
2017-06-01 14:26:25.201000,1.11355,1.11353,1010000,1000000
2017-06-01 14:26:25.508000,1.11355,1.11351,7840000,1000000
2017-06-01 14:26:26.018000,1.11354,1.11352,2140000,1000000
2017-06-01 14:26:27.788000,1.11353,1.1135,2400000,1120000
2017-06-01 14:26:28.392000,1.11351,1.11348,1000000,2440000
2017-06-01 14:26:28.927000,1.11351,1.11348,1370000,1250000
2017-06-01 14:26:29.229000,1.11348,1.11347,1000000,1120000
2017-06-01 14:26:29.737000,1.11348,1.11347,1000000,1120000
2017-06-01 14:26:30.082000,1.11349,1.11347,2440000,1120000
2017-06-01 14:26:31.533000,1.11348,1.11346,1000000,2250000
2017-06-01 14:26:32.461000,1.11351,1.11348,3000000,3000000
2017-06-01 14:26:32.973000,1.11352,1.11349,1000000,1500000
2017-06-01 14:26:33.510000,1.11353,1.11349,1500000,2440000
2017-06-01 14:26:34.799000,1.11354,1.11353,1150000,2250000
2017-06-01 14:26:34.851000,1.11358,1.11355,1760000,1000000
2017-06-01 14:26:34.902000,1.11358,1.11355,1310000,1000000
2017-06-01 14:26:35.414000,1.11359,1.11355,1500000,2060000
2017-06-01 14:26:36.317000,1.1136,1.11357,1570000,1000000
2017-06-01 14:26:36.420000,1.11361,1.11357,2510000,1120000
2017-06-01 14:26:36.575000,1.1136,1.11357,1470000,1120000
2017-06-01 14:26:37.106000,1.1136,1.11356,3520000,1690000
2017-06-01 14:26:37.648000,1.11359,1.11356,1000000,1690000
2017-06-01 14:26:37.751000,1.11359,1.11355,1570000,1310000
2017-06-01 14:26:37.956000,1.11356,1.11354,1000000,1370000
2017-06-01 14:26:38.237000,1.11354,1.11351,1500000,2250000
2017-06-01 14:26:40.065000,1.11356,1.11353,2770000,3750000
2017-06-01 14:26:40.168000,1.11358,1.11355,8510000,1000000
2017-06-01 14:26:40.271000,1.11356,1.11353,1760000,1000000
2017-06-01 14:26:40.479000,1.11355,1.11352,1760000,3000000
2017-06-01 14:26:41.400000,1.11355,1.11352,5210000,1000000
2017-06-01 14:26:42.373000,1.11353,1.11349,1120000,2440000
2017-06-01 14:26:48.736000,1.11354,1.1135,1120000,1690000
2017-06-01 14:26:49.277000,1.11356,1.11355,1120000,1000000
2017-06-01 14:26:49.381000,1.11358,1.11356,1370000,1000000
2017-06-01 14:26:49.888000,1.11358,1.11355,9410000,1000000
2017-06-01 14:26:50.400000,1.11359,1.11356,6710000,1000000
2017-06-01 14:26:50.940000,1.11358,1.11355,1100000,1120000
2017-06-01 14:26:51.491000,1.11359,1.11356,6340000,1000000
2017-06-01 14:26:52.062000,1.11357,1.11353,1000000,9410000
2017-06-01 14:26:52.695000,1.11358,1.11356,1120000,1000000
2017-06-01 14:26:52.952000,1.1136,1.11356,1500000,3560000
2017-06-01 14:26:53.521000,1.11361,1.11357,1000000,6790000
2017-06-01 14:26:53.981000,1.11359,1.11356,1000000,4120000
2017-06-01 14:26:54.530000,1.11359,1.11356,1010000,3370000
2017-06-01 14:26:56.906000,1.11358,1.11356,1120000,1000000
2017-06-01 14:26:57.420000,1.11359,1.11356,1000000,3370000
2017-06-01 14:27:00.555000,1.11358,1.11355,1120000,1200000
2017-06-01 14:27:00.609000,1.11358,1.11354,2440000,4950000
2017-06-01 14:27:01.175000,1.11358,1.11354,2440000,1120000
2017-06-01 14:27:01.563000,1.11355,1.11353,1000000,2320000
2017-06-01 14:27:01.666000,1.11354,1.11352,1000000,1000000
2017-06-01 14:27:02.512000,1.11355,1.11352,1000000,3600000
2017-06-01 14:27:02.769000,1.11357,1.11354,1310000,1000000
2017-06-01 14:27:03.342000,1.11358,1.11354,1950000,2850000
2017-06-01 14:27:03.893000,1.11358,1.11354,2440000,1870000
2017-06-01 14:27:04.413000,1.11357,1.11354,1000000,1500000
2017-06-01 14:27:05.531000,1.11358,1.11354,2140000,3000000
2017-06-01 14:27:06.062000,1.11358,1.11355,1120000,1000000
2017-06-01 14:27:06.609000,1.11359,1.11355,2140000,1500000
2017-06-01 14:27:08.091000,1.11359,1.11356,1390000,1000000
2017-06-01 14:27:08.346000,1.11357,1.11355,1870000,1000000
2017-06-01 14:27:08.653000,1.11354,1.11351,3560000,2250000
2017-06-01 14:27:09.170000,1.11353,1.1135,2440000,1000000
2017-06-01 14:27:09.685000,1.11353,1.11351,1120000,1000000
2017-06-01 14:27:09.991000,1.11355,1.11352,1250000,1750000
2017-06-01 14:27:11.169000,1.11358,1.11355,5020000,2470000
2017-06-01 14:27:11.272000,1.1136,1.11357,1870000,1350000
2017-06-01 14:27:11.833000,1.11361,1.11357,1690000,4720000
2017-06-01 14:27:12.371000,1.1136,1.11359,1000000,1000000
2017-06-01 14:27:15.010000,1.1136,1.11357,1000000,4120000
2017-06-01 14:27:18.996000,1.11359,1.11357,1120000,1000000
2017-06-01 14:27:19.099000,1.11359,1.11355,2440000,4120000
2017-06-01 14:27:19.659000,1.11359,1.11356,1000000,1500000
2017-06-01 14:27:20.402000,1.11358,1.11356,1120000,1500000
2017-06-01 14:27:20.812000,1.1136,1.11356,2060000,1500000
2017-06-01 14:27:24.717000,1.11359,1.11355,2810000,2250000
2017-06-01 14:27:25.333000,1.11358,1.11356,1250000,1500000
2017-06-01 14:27:25.945000,1.11358,1.11354,2060000,2250000
2017-06-01 14:27:26.353000,1.11356,1.11352,1310000,7570000
2017-06-01 14:27:26.602000,1.11355,1.11351,1120000,2250000
2017-06-01 14:27:27.140000,1.11355,1.11351,1120000,3000000
2017-06-01 14:27:27.346000,1.11357,1.11353,1310000,6970000
2017-06-01 14:27:28.024000,1.11359,1.11356,1000000,2100000
2017-06-01 14:27:28.534000,1.11359,1.11358,1000000,1000000
2017-06-01 14:27:31.612000,1.11361,1.1136,1000000,3220000
2017-06-01 14:27:31.871000,1.11365,1.11361,1500000,2850000
2017-06-01 14:27:33.123000,1.11364,1.11362,1870000,1370000
2017-06-01 14:27:33.175000,1.11362,1.1136,1000000,1100000
2017-06-01 14:27:33.761000,1.11361,1.11359,1000000,1370000
2017-06-01 14:27:34.187000,1.1136,1.11358,1000000,1000000
2017-06-01 14:27:34.696000,1.1136,1.11357,1370000,1870000
2017-06-01 14:27:35.236000,1.1136,1.11357,2250000,1000000
2017-06-01 14:27:36.712000,1.1136,1.11358,1000000,1350000
2017-06-01 14:27:36.764000,1.11361,1.11358,1120000,3970000
2017-06-01 14:27:37.094000,1.11362,1.1136,1000000,1000000
2017-06-01 14:27:37.401000,1.11364,1.11361,2810000,1370000
2017-06-01 14:27:37.453000,1.11365,1.11361,3560000,1870000
2017-06-01 14:27:37.963000,1.11364,1.11361,1000000,3070000
2017-06-01 14:27:38.522000,1.11365,1.11363,1690000,1000000
2017-06-01 14:27:39.262000,1.11366,1.11363,1000000,1870000
2017-06-01 14:27:42.266000,1.11367,1.11364,1690000,1120000
2017-06-01 14:27:42.470000,1.11366,1.11364,1000000,1000000
2017-06-01 14:27:42.521000,1.11365,1.11363,1000000,1000000
2017-06-01 14:27:43.396000,1.11365,1.11361,1250000,3080000
2017-06-01 14:27:45.329000,1.11364,1.1136,1250000,4200000
2017-06-01 14:27:45.842000,1.11364,1.1136,1250000,3750000
2017-06-01 14:27:46.353000,1.11363,1.1136,1000000,2250000
2017-06-01 14:27:46.828000,1.11361,1.11359,1000000,1000000
2017-06-01 14:27:47.045000,1.11363,1.1136,2440000,4120000
2017-06-01 14:27:47.603000,1.11364,1.11361,1500000,1000000
2017-06-01 14:27:49.066000,1.11365,1.11362,1120000,4350000
2017-06-01 14:27:49.579000,1.11366,1.11362,1120000,3370000
2017-06-01 14:27:50.125000,1.11366,1.11362,2250000,1870000
2017-06-01 14:27:50.992000,1.11368,1.11367,1250000,2470000
2017-06-01 14:27:51.409000,1.11367,1.11363,2060000,3970000
2017-06-01 14:27:51.973000,1.11366,1.11363,1000000,1500000
2017-06-01 14:27:53.215000,1.11366,1.11362,1870000,1870000
2017-06-01 14:27:53.522000,1.11364,1.11361,1000000,3370000
2017-06-01 14:27:54.142000,1.11363,1.1136,1000000,1120000
2017-06-01 14:27:54.193000,1.11362,1.11359,1250000,1370000
2017-06-01 14:27:54.703000,1.11362,1.11358,1690000,1870000
2017-06-01 14:27:55.421000,1.11362,1.11358,2440000,1870000
2017-06-01 14:27:56.627000,1.1136,1.11357,1000000,1950000
2017-06-01 14:27:56.729000,1.1136,1.11356,1120000,3000000
2017-06-01 14:27:57.181000,1.1136,1.11357,1870000,1370000
2017-06-01 14:27:58.101000,1.11359,1.11356,1000000,4500000
2017-06-01 14:27:58.152000,1.11359,1.11356,1000000,1120000
2017-06-01 14:27:58.664000,1.1136,1.11356,1000000,6670000
2017-06-01 14:27:59.122000,1.11361,1.11359,1000000,1500000
2017-06-01 14:28:00.412000,1.11363,1.1136,1000000,1500000
2017-06-01 14:28:00.926000,1.11364,1.1136,1690000,3370000
2017-06-01 14:28:01.830000,1.11362,1.1136,1250000,1500000
2017-06-01 14:28:02.340000,1.11362,1.11359,1250000,1500000
2017-06-01 14:28:02.545000,1.1136,1.11357,1000000,1000000
2017-06-01 14:28:03.058000,1.11361,1.11358,1000000,1120000
2017-06-01 14:28:05.930000,1.11359,1.11356,1000000,8510000
2017-06-01 14:28:06.284000,1.11359,1.11356,1000000,1250000
2017-06-01 14:28:06.803000,1.11359,1.11356,1000000,3560000
2017-06-01 14:28:08.988000,1.11359,1.11357,1000000,1000000
2017-06-01 14:28:09.589000,1.11359,1.11357,1000000,1000000
2017-06-01 14:28:10.445000,1.11358,1.11355,1000000,2890000
2017-06-01 14:28:11.098000,1.11358,1.11355,1000000,2890000
2017-06-01 14:28:11.951000,1.11358,1.11356,1000000,1690000
2017-06-01 14:28:12.181000,1.1136,1.11356,1120000,3560000
2017-06-01 14:28:14.367000,1.1136,1.11356,1870000,1310000
2017-06-01 14:28:15.446000,1.11359,1.11355,1120000,2140000
2017-06-01 14:28:15.988000,1.11359,1.11355,1500000,1690000
2017-06-01 14:28:17.556000,1.11357,1.11355,1000000,1000000
2017-06-01 14:28:18.068000,1.11357,1.11354,1690000,1000000
2017-06-01 14:28:18.569000,1.11356,1.11352,1120000,3190000
2017-06-01 14:28:18.876000,1.11354,1.11351,1000000,2620000
2017-06-01 14:28:19.656000,1.11353,1.11351,1000000,1870000
2017-06-01 14:28:20.180000,1.11354,1.11351,1000000,1500000
2017-06-01 14:28:21.023000,1.11355,1.11353,1120000,1500000
2017-06-01 14:28:21.177000,1.11355,1.11351,2440000,1120000
2017-06-01 14:28:21.768000,1.11354,1.1135,1120000,6450000
2017-06-01 14:28:22.660000,1.11354,1.1135,1120000,6450000
2017-06-01 14:28:24.206000,1.11355,1.11353,1500000,1500000
2017-06-01 14:28:24.651000,1.11357,1.11355,1310000,1000000
2017-06-01 14:28:25.173000,1.11358,1.11356,1500000,1000000
2017-06-01 14:28:25.681000,1.11359,1.11357,1690000,1000000
2017-06-01 14:28:29.831000,1.1136,1.11358,1250000,1000000
2017-06-01 14:28:30.340000,1.1136,1.11358,1690000,1000000
2017-06-01 14:28:32.103000,1.1136,1.11358,2060000,1000000
2017-06-01 14:28:32.628000,1.11359,1.11357,3560000,1000000
2017-06-01 14:28:34,1.11359,1.11357,1690000,1000000
2017-06-01 14:28:34.687000,1.11357,1.11354,1050000,1870000
2017-06-01 14:28:34.739000,1.11355,1.11354,2250000,1000000
2017-06-01 14:28:35.250000,1.11355,1.11353,2250000,1500000
2017-06-01 14:28:35.559000,1.11359,1.11356,5140000,1000000
2017-06-01 14:28:36.201000,1.1136,1.11358,2810000,1000000
2017-06-01 14:28:36.760000,1.11362,1.1136,1310000,1000000
2017-06-01 14:28:36.863000,1.11364,1.1136,2810000,3370000
2017-06-01 14:28:36.914000,1.11364,1.11362,2060000,1000000
2017-06-01 14:28:37.221000,1.11363,1.1136,5810000,1000000
2017-06-01 14:28:37.883000,1.11363,1.11361,2440000,1000000
2017-06-01 14:28:37.935000,1.11363,1.1136,1690000,1000000
2017-06-01 14:28:37.986000,1.11364,1.11362,1310000,1000000
2017-06-01 14:28:38.518000,1.11364,1.11363,1120000,1000000
2017-06-01 14:28:39.245000,1.11365,1.11362,4010000,1000000
2017-06-01 14:28:39.553000,1.11366,1.11363,5890000,1000000
2017-06-01 14:28:41.380000,1.11364,1.11362,3190000,1000000
2017-06-01 14:28:41.911000,1.11364,1.11362,5060000,1000000
2017-06-01 14:28:42.430000,1.11365,1.11363,2440000,1000000
2017-06-01 14:28:44.418000,1.11364,1.11362,1690000,1000000
2017-06-01 14:28:44.949000,1.11363,1.11361,1120000,1000000
2017-06-01 14:28:45.467000,1.11363,1.11361,1120000,1000000
2017-06-01 14:28:46.064000,1.11363,1.11361,1120000,1000000
2017-06-01 14:28:47.094000,1.11364,1.11362,1250000,1000000
2017-06-01 14:28:47.609000,1.11365,1.11362,1250000,1120000
2017-06-01 14:28:47.763000,1.11367,1.11364,2440000,1000000
2017-06-01 14:28:49.006000,1.11366,1.11363,1310000,1120000
2017-06-01 14:28:49.313000,1.11365,1.11361,2060000,1870000
2017-06-01 14:28:49.722000,1.11363,1.11361,1000000,1050000
2017-06-01 14:28:52.331000,1.11362,1.11361,1000000,1000000
2017-06-01 14:28:52.674000,1.11359,1.11356,1000000,5740000
2017-06-01 14:28:53.800000,1.11359,1.11356,1000000,4240000
2017-06-01 14:28:54.346000,1.11358,1.11356,1000000,1910000
2017-06-01 14:28:58.593000,1.11356,1.11355,1000000,1100000
2017-06-01 14:28:58.696000,1.11356,1.11353,1000000,2660000
2017-06-01 14:28:59.206000,1.11356,1.11353,1000000,4910000
2017-06-01 14:28:59.710000,1.11357,1.11355,1000000,1120000
2017-06-01 14:29:00.332000,1.11356,1.11352,1250000,3070000
2017-06-01 14:29:00.435000,1.11353,1.11351,1000000,4500000
2017-06-01 14:29:00.945000,1.11352,1.1135,1000000,1000000
2017-06-01 14:29:02.216000,1.11352,1.11349,1000000,1100000
2017-06-01 14:29:02.754000,1.11351,1.11348,1000000,2250000
2017-06-01 14:29:03.095000,1.11353,1.11351,1000000,1120000
2017-06-01 14:29:03.925000,1.11354,1.11351,1310000,1000000
2017-06-01 14:29:04.777000,1.11355,1.11351,2440000,3750000
2017-06-01 14:29:05.312000,1.11353,1.1135,1000000,2250000
2017-06-01 14:29:07.502000,1.11354,1.1135,1310000,3370000
2017-06-01 14:29:07.555000,1.11354,1.11351,1310000,1500000
2017-06-01 14:29:08.424000,1.11355,1.11351,2810000,2620000
2017-06-01 14:29:09.069000,1.11355,1.11352,3640000,1000000
2017-06-01 14:29:09.442000,1.11356,1.11354,1310000,1000000
2017-06-01 14:29:10.327000,1.11356,1.11353,1310000,1870000
2017-06-01 14:29:10.480000,1.11358,1.11354,4390000,1120000
2017-06-01 14:29:11.525000,1.11355,1.11352,1000000,2620000
2017-06-01 14:29:11.999000,1.11358,1.11354,3190000,2250000
2017-06-01 14:29:12.355000,1.11359,1.11355,2140000,1870000
2017-06-01 14:29:12.712000,1.1136,1.11357,5440000,1000000
2017-06-01 14:29:13.283000,1.11361,1.11358,2060000,1000000
2017-06-01 14:29:13.802000,1.11361,1.11358,2510000,1500000
2017-06-01 14:29:14.419000,1.11362,1.1136,1250000,1000000
2017-06-01 14:29:15.396000,1.11363,1.1136,2810000,1000000
2017-06-01 14:29:15.550000,1.11362,1.11359,4910000,1500000
2017-06-01 14:29:16.061000,1.11362,1.1136,2060000,1000000
2017-06-01 14:29:17.217000,1.11362,1.1136,1390000,1000000
2017-06-01 14:29:17.742000,1.11363,1.11361,2060000,1000000
2017-06-01 14:29:19.347000,1.11365,1.11362,2140000,1000000
2017-06-01 14:29:19.449000,1.11366,1.11363,4010000,1000000
2017-06-01 14:29:19.958000,1.11366,1.11364,3560000,1000000
2017-06-01 14:29:21.329000,1.11367,1.11365,3260000,1000000
2017-06-01 14:29:21.911000,1.11365,1.11363,1000000,1120000
2017-06-01 14:29:22.554000,1.11366,1.11363,1000000,1120000
2017-06-01 14:29:24.572000,1.11368,1.11364,1500000,3190000
2017-06-01 14:29:24.883000,1.11368,1.11366,2620000,1000000
2017-06-01 14:29:25.641000,1.11368,1.11366,5620000,1000000
2017-06-01 14:29:25.795000,1.11368,1.11364,6750000,2440000
2017-06-01 14:29:26.328000,1.11368,1.11365,1200000,1500000
2017-06-01 14:29:27.503000,1.11369,1.11365,1500000,2440000
2017-06-01 14:29:27.971000,1.11367,1.11365,1000000,1000000
2017-06-01 14:29:28.277000,1.11369,1.11367,1010000,1000000
2017-06-01 14:29:28.431000,1.11372,1.1137,1760000,1000000
2017-06-01 14:29:28.736000,1.11374,1.11371,4840000,1000000
2017-06-01 14:29:29.256000,1.11374,1.11372,5140000,1000000
2017-06-01 14:29:29.759000,1.11374,1.11372,2140000,1000000
2017-06-01 14:29:31.023000,1.11375,1.11372,4760000,1000000
2017-06-01 14:29:31.330000,1.11379,1.11376,2810000,1000000
2017-06-01 14:29:31.694000,1.1138,1.11378,2140000,1000000
2017-06-01 14:29:32.788000,1.11381,1.11377,12340000,1500000
2017-06-01 14:29:33.303000,1.11381,1.11378,4760000,1000000
2017-06-01 14:29:34.413000,1.11381,1.1138,3370000,1000000
2017-06-01 14:29:34.466000,1.11384,1.11381,3260000,1000000
2017-06-01 14:29:34.569000,1.11385,1.11382,3560000,1000000
2017-06-01 14:29:35.079000,1.11384,1.11381,1870000,1000000
2017-06-01 14:29:35.970000,1.11385,1.11382,4390000,1000000
2017-06-01 14:29:36.285000,1.11393,1.11391,2810000,1000000
2017-06-01 14:29:36.441000,1.11397,1.11395,1250000,1000000
2017-06-01 14:29:37.048000,1.11398,1.11394,5360000,1120000
2017-06-01 14:29:38.693000,1.11393,1.11392,1350000,3000000
2017-06-01 14:29:38.849000,1.11391,1.11388,1000000,1120000
2017-06-01 14:29:39.166000,1.11389,1.11385,1310000,2250000
2017-06-01 14:29:39.473000,1.11387,1.11383,1200000,6260000
2017-06-01 14:29:39.627000,1.11385,1.11382,1000000,1690000
2017-06-01 14:29:40.128000,1.11385,1.11382,1250000,2250000
2017-06-01 14:29:40.647000,1.11384,1.11382,1000000,1000000
2017-06-01 14:29:40.989000,1.11384,1.11381,3190000,1500000
2017-06-01 14:29:41.045000,1.11382,1.11379,2060000,1120000
2017-06-01 14:29:41.149000,1.11378,1.11375,1000000,2180000
2017-06-01 14:29:41.507000,1.1138,1.11377,1000000,4870000
2017-06-01 14:29:41.661000,1.11382,1.11379,4160000,1000000
2017-06-01 14:29:42.133000,1.11378,1.11375,1120000,2360000
2017-06-01 14:29:42.388000,1.11383,1.1138,3600000,1050000
2017-06-01 14:29:42.900000,1.11383,1.11381,1000000,1540000
2017-06-01 14:29:45.078000,1.11383,1.1138,1000000,3410000
2017-06-01 14:29:46.836000,1.11382,1.1138,1000000,1160000
2017-06-01 14:29:51.589000,1.11381,1.11379,1000000,5810000
2017-06-01 14:29:51.742000,1.11379,1.11377,1000000,3980000
2017-06-01 14:29:51.794000,1.11381,1.11378,1120000,1120000
2017-06-01 14:29:52.224000,1.11382,1.1138,1120000,1050000
2017-06-01 14:29:52.735000,1.11381,1.11378,1000000,1160000
2017-06-01 14:29:53.175000,1.11379,1.11377,1000000,3000000
2017-06-01 14:29:53.277000,1.11378,1.11375,1000000,5290000
2017-06-01 14:29:53.686000,1.11377,1.11374,1000000,1730000
2017-06-01 14:29:55.487000,1.11378,1.11375,1120000,1430000
2017-06-01 14:29:56.015000,1.11379,1.11375,1690000,1050000
2017-06-01 14:29:58.064000,1.11381,1.11379,1120000,1000000
2017-06-01 14:29:58.227000,1.11383,1.11379,1870000,3190000
2017-06-01 14:29:58.760000,1.11383,1.1138,1120000,2660000
2017-06-01 14:29:59.373000,1.11383,1.11379,1500000,4310000
2017-06-01 14:29:59.578000,1.11384,1.1138,1690000,1160000
2017-06-01 14:30:00.182000,1.11383,1.11379,2060000,1000000
2017-06-01 14:30:00.438000,1.11383,1.11381,1120000,1500000
2017-06-01 14:30:00.995000,1.11384,1.1138,3190000,2620000
2017-06-01 14:30:01.506000,1.11382,1.11379,1000000,1870000
2017-06-01 14:30:01.813000,1.11383,1.1138,1500000,2620000
2017-06-01 14:30:04.176000,1.11375,1.11374,1000000,2440000
2017-06-01 14:30:04.384000,1.11371,1.11368,1120000,2060000
2017-06-01 14:30:05.093000,1.1137,1.11367,1000000,3980000
2017-06-01 14:30:05.965000,1.11369,1.11366,2100000,3230000
2017-06-01 14:30:06.514000,1.11372,1.11368,2000000,2250000
2017-06-01 14:30:07.067000,1.11373,1.11369,6410000,1000000
2017-06-01 14:30:07.578000,1.11373,1.11369,4420000,1000000
2017-06-01 14:30:08.225000,1.11373,1.1137,1500000,1000000
2017-06-01 14:30:08.328000,1.11374,1.11372,1370000,1000000
2017-06-01 14:30:08.968000,1.11375,1.11372,3970000,1000000
2017-06-01 14:30:09.514000,1.11375,1.11371,4500000,1910000
2017-06-01 14:30:10.109000,1.11373,1.1137,1720000,1250000
2017-06-01 14:30:11.707000,1.11374,1.11371,1500000,1250000
2017-06-01 14:30:11.809000,1.11375,1.11371,1120000,3230000
2017-06-01 14:30:12.196000,1.11373,1.1137,1000000,2440000
2017-06-01 14:30:12.708000,1.11373,1.11369,1120000,3980000
2017-06-01 14:30:15.002000,1.11372,1.11369,1000000,4310000
2017-06-01 14:30:16.582000,1.11373,1.11369,3000000,2810000
2017-06-01 14:30:17.704000,1.11371,1.11369,1120000,1120000
2017-06-01 14:30:18.219000,1.11371,1.11368,6670000,1000000
2017-06-01 14:30:18.455000,1.11368,1.11364,8470000,2060000
2017-06-01 14:30:18.712000,1.11369,1.11368,1000000,1000000
2017-06-01 14:30:18.763000,1.11371,1.11369,1650000,1000000
2017-06-01 14:30:18.869000,1.11372,1.11369,3370000,1250000
2017-06-01 14:30:19.383000,1.11372,1.1137,2250000,1000000
2017-06-01 14:30:20.109000,1.11374,1.11371,3900000,5470000
2017-06-01 14:30:20.161000,1.11375,1.11373,1450000,1000000
2017-06-01 14:30:20.263000,1.11376,1.11372,4350000,1500000
2017-06-01 14:30:20.635000,1.11375,1.11371,5920000,1120000
2017-06-01 14:30:21.179000,1.11374,1.1137,7800000,1120000
2017-06-01 14:30:22.279000,1.11374,1.11371,3070000,1000000
2017-06-01 14:30:22.383000,1.11375,1.11372,4720000,1000000
2017-06-01 14:30:22.588000,1.11376,1.11374,1570000,1000000
2017-06-01 14:30:22.742000,1.11378,1.11375,3000000,1000000
2017-06-01 14:30:24.740000,1.11379,1.11376,7120000,1000000
2017-06-01 14:30:25.252000,1.1138,1.11377,5170000,1120000
2017-06-01 14:30:26.593000,1.11379,1.11375,2700000,2440000
2017-06-01 14:30:27.118000,1.11379,1.11375,5550000,1310000
2017-06-01 14:30:27.828000,1.11378,1.11374,7050000,2810000
2017-06-01 14:30:28.340000,1.11378,1.11374,1870000,5060000
2017-06-01 14:30:28.703000,1.1138,1.11377,1500000,1000000
2017-06-01 14:30:29.645000,1.11378,1.11376,2850000,1500000
2017-06-01 14:30:29.798000,1.11376,1.11374,1000000,1500000
2017-06-01 14:30:30.380000,1.11376,1.11373,1420000,1500000
2017-06-01 14:30:31.753000,1.11377,1.11376,1500000,1500000
2017-06-01 14:30:32.061000,1.11382,1.1138,2470000,1120000
2017-06-01 14:30:32.249000,1.11384,1.11381,1870000,1000000
2017-06-01 14:30:32.966000,1.11385,1.11382,5920000,1000000
2017-06-01 14:30:33.476000,1.11385,1.11381,4120000,1870000
2017-06-01 14:30:34.060000,1.11385,1.11381,1500000,3560000
2017-06-01 14:30:34.163000,1.11387,1.11383,1570000,1310000
2017-06-01 14:30:34.794000,1.11387,1.11384,1200000,1000000
2017-06-01 14:30:34.847000,1.11388,1.11385,1000000,3940000
2017-06-01 14:30:34.950000,1.1139,1.11386,1500000,2810000
2017-06-01 14:30:35.472000,1.11391,1.11387,2250000,2250000
2017-06-01 14:30:35.523000,1.11391,1.11389,1500000,1000000
2017-06-01 14:30:36.036000,1.11392,1.1139,4570000,1000000
2017-06-01 14:30:36.560000,1.11391,1.11389,1000000,1000000
2017-06-01 14:30:36.714000,1.11392,1.1139,2320000,1000000
2017-06-01 14:30:36.970000,1.11394,1.11393,1120000,1000000
2017-06-01 14:30:37.194000,1.11398,1.11395,3370000,1000000
2017-06-01 14:30:37.833000,1.11398,1.11396,3600000,1000000
2017-06-01 14:30:38.336000,1.11399,1.11397,4120000,1000000
2017-06-01 14:30:38.909000,1.11399,1.11397,3370000,1000000
2017-06-01 14:30:39.271000,1.11398,1.11396,4350000,1000000
2017-06-01 14:30:40.216000,1.11398,1.11395,4350000,1000000
2017-06-01 14:30:40.525000,1.11396,1.11394,1000000,1120000
2017-06-01 14:30:41.450000,1.11395,1.11394,4540000,1120000
2017-06-01 14:30:41.554000,1.11394,1.1139,1000000,2440000
2017-06-01 14:30:42.075000,1.11396,1.11391,1870000,1690000
2017-06-01 14:30:42.620000,1.11392,1.11391,1000000,1000000
2017-06-01 14:30:42.811000,1.11391,1.11389,1000000,2060000
2017-06-01 14:30:43.170000,1.1139,1.11388,1000000,1500000
2017-06-01 14:30:43.324000,1.11389,1.11386,1120000,2810000
2017-06-01 14:30:43.874000,1.11386,1.11384,1000000,7760000
2017-06-01 14:30:43.979000,1.11385,1.11383,1120000,1500000
2017-06-01 14:30:44.521000,1.11384,1.11382,1000000,1250000
2017-06-01 14:30:45.031000,1.11382,1.1138,1000000,3370000
2017-06-01 14:30:45.175000,1.11379,1.11378,1120000,1120000
2017-06-01 14:30:45.228000,1.11378,1.11375,1000000,3190000
2017-06-01 14:30:45.740000,1.11387,1.11385,5060000,2500000
2017-06-01 14:30:45.792000,1.11388,1.11386,1250000,1120000
2017-06-01 14:30:45.844000,1.1139,1.11386,3560000,2620000
2017-06-01 14:30:46.192000,1.11401,1.11398,1690000,1120000
2017-06-01 14:30:46.295000,1.11398,1.11397,1250000,1000000
2017-06-01 14:30:46.398000,1.11397,1.11394,1000000,3750000
2017-06-01 14:30:46.906000,1.11399,1.11397,5810000,1000000
2017-06-01 14:30:47.162000,1.11401,1.11398,2810000,1000000
2017-06-01 14:30:47.672000,1.11401,1.11399,1250000,1000000
2017-06-01 14:30:48.188000,1.11401,1.11398,2440000,1870000
2017-06-01 14:30:49.012000,1.11397,1.11396,1000000,1000000
2017-06-01 14:30:49.136000,1.11396,1.11393,1000000,2320000
2017-06-01 14:30:49.497000,1.11394,1.11392,1000000,2250000
2017-06-01 14:30:49.957000,1.11392,1.11391,1000000,1120000
2017-06-01 14:30:50.009000,1.11392,1.11389,1000000,1000000
2017-06-01 14:30:50.161000,1.11394,1.11391,1870000,1870000
2017-06-01 14:30:50.472000,1.11395,1.11393,1310000,1000000
2017-06-01 14:30:51.130000,1.11395,1.11393,1120000,1520000
2017-06-01 14:30:51.539000,1.11397,1.11395,1000000,1870000
2017-06-01 14:30:51.896000,1.11396,1.11393,1000000,1610000
2017-06-01 14:30:52.298000,1.11397,1.11394,1120000,3000000
2017-06-01 14:30:52.606000,1.114,1.11399,1250000,1000000
2017-06-01 14:30:52.861000,1.11398,1.11396,1000000,1500000
2017-06-01 14:30:52.912000,1.11396,1.11395,1000000,1000000
2017-06-01 14:30:52.964000,1.11396,1.11393,1000000,3110000
2017-06-01 14:30:53.865000,1.11396,1.11394,1000000,3560000
2017-06-01 14:30:53.968000,1.11398,1.11395,1120000,1870000
2017-06-01 14:30:54.019000,1.11399,1.11397,1620000,1000000
2017-06-01 14:30:54.208000,1.11396,1.11393,1000000,1610000
2017-06-01 14:30:55.946000,1.11396,1.11394,1000000,1000000
2017-06-01 14:30:56.455000,1.11396,1.11393,1000000,2360000
2017-06-01 14:30:56.910000,1.11394,1.11392,4870000,1240000
2017-06-01 14:30:57.217000,1.1139,1.11386,1350000,1950000
2017-06-01 14:31:00.339000,1.1139,1.11386,3190000,1870000
2017-06-01 14:31:01.543000,1.11387,1.11384,6040000,2470000
2017-06-01 14:31:01.748000,1.11383,1.1138,1000000,3370000
2017-06-01 14:31:02.470000,1.11383,1.1138,1500000,1870000
2017-06-01 14:31:03.659000,1.11383,1.11381,1000000,1000000
2017-06-01 14:31:04.182000,1.11384,1.1138,1870000,4120000
2017-06-01 14:31:05.173000,1.11384,1.11381,1870000,1500000
2017-06-01 14:31:05.678000,1.11384,1.1138,1500000,3000000
2017-06-01 14:31:06.172000,1.11386,1.11382,7690000,1500000
2017-06-01 14:31:06.385000,1.11388,1.11385,2620000,1000000
2017-06-01 14:31:06.902000,1.11389,1.11385,3190000,2620000
2017-06-01 14:31:07.460000,1.11389,1.11385,2810000,3000000
2017-06-01 14:31:08.251000,1.1139,1.11386,2440000,1000000
2017-06-01 14:31:08.755000,1.1139,1.11387,2060000,1500000
2017-06-01 14:31:09.123000,1.11391,1.1139,1570000,2250000
2017-06-01 14:31:09.225000,1.11393,1.1139,1120000,8250000
2017-06-01 14:31:09.277000,1.11394,1.11393,1120000,1000000
2017-06-01 14:31:09.786000,1.11394,1.11392,1000000,1120000
2017-06-01 14:31:10.121000,1.11391,1.11388,1350000,3450000
2017-06-01 14:31:10.380000,1.1139,1.11388,1000000,1120000
2017-06-01 14:31:11.966000,1.11389,1.11387,1000000,1500000
2017-06-01 14:31:12.120000,1.1139,1.11389,1000000,1000000
2017-06-01 14:31:12.533000,1.11389,1.11387,1000000,2700000
2017-06-01 14:31:12.636000,1.1139,1.11388,1000000,1500000
2017-06-01 14:31:12.840000,1.11391,1.1139,1000000,1000000
2017-06-01 14:31:12.891000,1.11393,1.1139,1500000,3000000
2017-06-01 14:31:12.943000,1.11394,1.11391,2250000,1370000
2017-06-01 14:31:13.445000,1.11393,1.11391,1000000,1120000
2017-06-01 14:31:13.767000,1.11389,1.11387,1000000,2620000
2017-06-01 14:31:14.397000,1.11392,1.11388,2700000,5250000
2017-06-01 14:31:14.552000,1.1139,1.11388,1000000,2320000
2017-06-01 14:31:14.604000,1.11392,1.11389,3790000,2620000
2017-06-01 14:31:14.656000,1.11389,1.11387,1000000,1500000
2017-06-01 14:31:15.175000,1.11389,1.11387,1000000,1500000
2017-06-01 14:31:15.486000,1.11391,1.1139,1000000,1000000
2017-06-01 14:31:15.537000,1.11393,1.1139,1000000,6000000
2017-06-01 14:31:15.639000,1.11393,1.11392,1000000,1000000
2017-06-01 14:31:16.008000,1.11395,1.11392,1120000,3370000
2017-06-01 14:31:16.557000,1.11394,1.11392,1000000,1120000
2017-06-01 14:31:16.712000,1.11393,1.11391,1000000,1870000
2017-06-01 14:31:17.121000,1.11391,1.11389,1000000,2700000
2017-06-01 14:31:17.318000,1.11389,1.11387,1000000,3220000
2017-06-01 14:31:20.566000,1.11389,1.11387,1120000,2620000
2017-06-01 14:31:21.082000,1.11389,1.11387,1000000,1120000
2017-06-01 14:31:21.872000,1.11388,1.11386,1000000,2620000
2017-06-01 14:31:22.382000,1.11388,1.11386,1000000,2620000
2017-06-01 14:31:23.243000,1.11388,1.11386,1000000,1120000
2017-06-01 14:31:23.790000,1.11388,1.11387,1000000,1000000
2017-06-01 14:31:24.332000,1.11389,1.11388,1000000,1000000
2017-06-01 14:31:24.833000,1.11388,1.11387,1000000,1000000
2017-06-01 14:31:25.079000,1.1139,1.11389,1120000,1000000
2017-06-01 14:31:25.614000,1.11389,1.11388,1000000,1000000
2017-06-01 14:31:25.970000,1.11388,1.11386,1000000,5620000
2017-06-01 14:31:26.491000,1.11388,1.11387,1000000,1500000
2017-06-01 14:31:30.922000,1.11388,1.11386,1000000,2250000
2017-06-01 14:31:31.431000,1.11389,1.11387,1000000,1120000
2017-06-01 14:31:31.924000,1.11387,1.11385,1000000,4120000
2017-06-01 14:31:32.452000,1.11387,1.11386,1000000,1000000
2017-06-01 14:31:33.209000,1.11388,1.11387,1000000,1000000
2017-06-01 14:31:35.283000,1.11389,1.11387,1310000,1000000
2017-06-01 14:31:35.800000,1.11389,1.11387,1000000,1500000
2017-06-01 14:31:38.753000,1.11388,1.11386,1000000,1870000
2017-06-01 14:31:38.957000,1.11386,1.11383,3220000,2250000
2017-06-01 14:31:39.261000,1.11382,1.11381,1000000,1120000
2017-06-01 14:31:39.722000,1.11381,1.11379,1000000,5140000
2017-06-01 14:31:39.876000,1.11379,1.11378,1000000,1120000
2017-06-01 14:31:40.030000,1.11378,1.11376,1000000,1950000
2017-06-01 14:31:40.336000,1.11376,1.11374,1000000,1500000
2017-06-01 14:31:43.519000,1.11376,1.11374,1310000,1120000
2017-06-01 14:31:43.570000,1.11376,1.11372,1690000,1570000
2017-06-01 14:31:44.139000,1.11375,1.11372,1000000,4120000
2017-06-01 14:31:46.058000,1.11374,1.11372,1000000,1870000
2017-06-01 14:31:46.110000,1.11373,1.11371,1000000,3370000
2017-06-01 14:31:46.618000,1.11373,1.11372,1000000,1000000
2017-06-01 14:31:47.151000,1.11373,1.11371,1000000,2250000
2017-06-01 14:31:48.254000,1.11372,1.1137,1000000,3000000
2017-06-01 14:31:48.306000,1.1137,1.11368,1000000,1120000
2017-06-01 14:31:48.716000,1.11371,1.11369,1120000,1870000
2017-06-01 14:31:48.767000,1.11373,1.11371,1370000,2250000
2017-06-01 14:31:48.870000,1.11374,1.11372,1000000,1120000
2017-06-01 14:31:49.396000,1.11375,1.11373,1000000,1000000
2017-06-01 14:31:49.902000,1.11375,1.11373,1000000,1500000
2017-06-01 14:31:56.064000,1.11377,1.11373,2810000,2250000
2017-06-01 14:31:56.309000,1.11374,1.11373,1000000,1000000
2017-06-01 14:31:56.616000,1.1137,1.11368,1000000,1120000
2017-06-01 14:31:57.154000,1.1137,1.11368,1000000,1500000
2017-06-01 14:31:57.664000,1.1137,1.11367,1000000,3370000
2017-06-01 14:31:58.206000,1.1137,1.11368,1000000,1500000
2017-06-01 14:31:58.798000,1.1137,1.11368,1000000,1500000
2017-06-01 14:31:59.595000,1.1137,1.11368,1000000,1120000
2017-06-01 14:32:00.127000,1.11369,1.11368,1000000,1000000
2017-06-01 14:32:00.739000,1.11371,1.11368,1120000,1870000
2017-06-01 14:32:01.014000,1.11369,1.11368,1000000,1000000
2017-06-01 14:32:01.269000,1.11371,1.11368,1500000,1000000
2017-06-01 14:32:01.375000,1.1137,1.11369,1000000,1120000
2017-06-01 14:32:01.427000,1.11373,1.1137,8660000,1000000
2017-06-01 14:32:01.479000,1.1137,1.11368,1000000,1500000
2017-06-01 14:32:04.131000,1.11371,1.11369,2060000,1000000
2017-06-01 14:32:04.649000,1.11371,1.11369,1000000,1000000
2017-06-01 14:32:04.994000,1.11373,1.11372,1120000,1500000
2017-06-01 14:32:05.098000,1.11375,1.11372,1690000,1500000
2017-06-01 14:32:05.411000,1.11375,1.11374,1310000,1000000
2017-06-01 14:32:05.920000,1.11375,1.11373,1120000,1000000
2017-06-01 14:32:06.431000,1.11376,1.11374,1620000,1000000
2017-06-01 14:32:07,1.11376,1.11373,1620000,1500000
2017-06-01 14:32:07.511000,1.11377,1.11374,1690000,1870000
2017-06-01 14:32:08.117000,1.11376,1.11373,1500000,1000000
2017-06-01 14:32:09.055000,1.11375,1.11373,2100000,1000000
2017-06-01 14:32:09.586000,1.11375,1.11373,1120000,1000000
2017-06-01 14:32:10.098000,1.11375,1.11371,3000000,2250000
2017-06-01 14:32:10.410000,1.1137,1.11368,1000000,1500000
2017-06-01 14:32:10.819000,1.11371,1.1137,1120000,1000000
2017-06-01 14:32:11.226000,1.1137,1.11368,1000000,3370000
2017-06-01 14:32:11.628000,1.1137,1.11369,1000000,1000000
2017-06-01 14:32:11.732000,1.1137,1.11368,1000000,1870000
2017-06-01 14:32:14.551000,1.1137,1.11369,1120000,1000000
2017-06-01 14:32:14.603000,1.1137,1.11368,1120000,1870000
2017-06-01 14:32:16.279000,1.1137,1.11369,1120000,1000000
2017-06-01 14:32:16.797000,1.1137,1.11368,1120000,1000000
2017-06-01 14:32:21.176000,1.11367,1.11366,1000000,3750000
2017-06-01 14:32:21.380000,1.11367,1.11364,2250000,2620000
2017-06-01 14:32:21.635000,1.11365,1.11363,1000000,2250000
2017-06-01 14:32:21.737000,1.11364,1.11361,1000000,5250000
2017-06-01 14:32:24.017000,1.11362,1.11361,1690000,1000000
2017-06-01 14:32:24.224000,1.11358,1.11356,1000000,3370000
2017-06-01 14:32:24.275000,1.11359,1.11357,1000000,1370000
2017-06-01 14:32:24.818000,1.11358,1.11355,1870000,2250000
2017-06-01 14:32:25.381000,1.11357,1.11356,1000000,1000000
2017-06-01 14:32:26.686000,1.11355,1.11353,1000000,2320000
2017-06-01 14:32:26.738000,1.11353,1.11352,1000000,3370000
2017-06-01 14:32:27.153000,1.11352,1.1135,2060000,1500000
2017-06-01 14:32:27.642000,1.1135,1.11349,1000000,1000000
2017-06-01 14:32:27.694000,1.11348,1.11347,1000000,1570000
2017-06-01 14:32:28.237000,1.1135,1.11348,1000000,1870000
2017-06-01 14:32:28.844000,1.11351,1.11348,1000000,1500000
2017-06-01 14:32:29.359000,1.11352,1.11348,4310000,1500000
2017-06-01 14:32:29.513000,1.11352,1.1135,3190000,1000000
2017-06-01 14:32:30.711000,1.11352,1.11351,3000000,1000000
2017-06-01 14:32:31.228000,1.11354,1.11351,7310000,1000000
2017-06-01 14:32:32.063000,1.11354,1.1135,7310000,1870000
2017-06-01 14:32:33.359000,1.11354,1.1135,5060000,1870000
2017-06-01 14:32:33.412000,1.11355,1.11354,3560000,1000000
2017-06-01 14:32:33.519000,1.11356,1.11354,1120000,1120000
2017-06-01 14:32:33.827000,1.11358,1.11355,1500000,1500000
2017-06-01 14:32:34.083000,1.11355,1.11354,1000000,1500000
2017-06-01 14:32:34.186000,1.11354,1.11352,1120000,1300000
2017-06-01 14:32:34.353000,1.11353,1.1135,1120000,3750000
2017-06-01 14:32:34.710000,1.11354,1.11352,2250000,1000000
2017-06-01 14:32:35.222000,1.11354,1.11351,2620000,1000000
2017-06-01 14:32:35.530000,1.11355,1.11353,1120000,4870000
2017-06-01 14:32:35.842000,1.11357,1.11355,1120000,1500000
2017-06-01 14:32:35.945000,1.11358,1.11357,1120000,1000000
2017-06-01 14:32:37.052000,1.11359,1.11357,3370000,1000000
2017-06-01 14:32:37.596000,1.11358,1.11357,1120000,1000000
2017-06-01 14:32:37.887000,1.11362,1.1136,4390000,1000000
2017-06-01 14:32:37.939000,1.11361,1.11359,1500000,5250000
2017-06-01 14:32:38.041000,1.11363,1.11362,1690000,1000000
2017-06-01 14:32:39.540000,1.11361,1.1136,1120000,1120000
2017-06-01 14:32:40.051000,1.11362,1.1136,1310000,1000000
2017-06-01 14:32:40.154000,1.11364,1.11362,2440000,1000000
2017-06-01 14:32:40.411000,1.11362,1.1136,1250000,1120000
2017-06-01 14:32:40.565000,1.11364,1.11362,3190000,1000000
2017-06-01 14:32:41.073000,1.11364,1.11362,1690000,1000000
2017-06-01 14:32:41.610000,1.11363,1.11362,1310000,1000000
2017-06-01 14:32:42.167000,1.11363,1.1136,2060000,1120000
2017-06-01 14:32:42.272000,1.11363,1.1136,3190000,1000000
2017-06-01 14:32:43.282000,1.11362,1.11361,1120000,1000000
2017-06-01 14:32:43.786000,1.11363,1.11362,1310000,1000000
2017-06-01 14:32:44.295000,1.11362,1.11361,1120000,1000000
2017-06-01 14:32:44.601000,1.11364,1.11363,1500000,1000000
2017-06-01 14:32:44.704000,1.11366,1.11364,1000000,1500000
2017-06-01 14:32:45.038000,1.11366,1.11363,1250000,1120000
2017-06-01 14:32:45.548000,1.11365,1.11364,1500000,1000000
2017-06-01 14:32:46.063000,1.11365,1.11363,1500000,1000000
2017-06-01 14:32:47.821000,1.11362,1.11361,1000000,1120000
2017-06-01 14:32:47.923000,1.11362,1.11359,9410000,1120000
2017-06-01 14:32:48.432000,1.1136,1.11357,1870000,2250000
2017-06-01 14:32:49.740000,1.11359,1.11357,1000000,1500000
2017-06-01 14:32:49.793000,1.11358,1.11355,1000000,4200000
2017-06-01 14:32:51.914000,1.11357,1.11354,1000000,2620000
2017-06-01 14:32:52.419000,1.11356,1.11354,1500000,1870000
2017-06-01 14:32:53.682000,1.11355,1.11354,1000000,1120000
2017-06-01 14:32:53.784000,1.11355,1.11352,1000000,1120000
2017-06-01 14:32:54.099000,1.11355,1.11354,1120000,1000000
2017-06-01 14:32:54.637000,1.11356,1.11354,1500000,1500000
2017-06-01 14:32:55.452000,1.11357,1.11354,3190000,2250000
2017-06-01 14:32:55.981000,1.11358,1.11354,4120000,2620000
2017-06-01 14:32:56.562000,1.11358,1.11356,1500000,1120000
2017-06-01 14:32:56.964000,1.1136,1.11357,2250000,1120000
2017-06-01 14:32:57.270000,1.11358,1.11356,1000000,3000000
2017-06-01 14:32:57.426000,1.11355,1.11353,1120000,6600000
2017-06-01 14:32:58.743000,1.11355,1.11351,2060000,2250000
2017-06-01 14:32:59.395000,1.11354,1.11351,1120000,2250000
2017-06-01 14:33:00.370000,1.11354,1.11353,1120000,2250000
2017-06-01 14:33:00.884000,1.11355,1.11352,1120000,3000000
2017-06-01 14:33:01.198000,1.11355,1.11353,1120000,1000000
2017-06-01 14:33:04.268000,1.11357,1.11356,1500000,1000000
2017-06-01 14:33:05.566000,1.11358,1.11356,1870000,1000000
2017-06-01 14:33:05.873000,1.11359,1.11358,1120000,1000000
2017-06-01 14:33:06.231000,1.11362,1.1136,1250000,1000000
2017-06-01 14:33:06.283000,1.11363,1.11361,1120000,1000000
2017-06-01 14:33:06.681000,1.11365,1.11362,3230000,1000000
2017-06-01 14:33:07.605000,1.11366,1.11364,1500000,1000000
2017-06-01 14:33:08.444000,1.11365,1.11362,7730000,1500000
2017-06-01 14:33:09.011000,1.11364,1.11362,1120000,1870000
2017-06-01 14:33:09.117000,1.11365,1.11364,1690000,1000000
2017-06-01 14:33:10.385000,1.11365,1.11363,1120000,1120000
2017-06-01 14:33:11.801000,1.11366,1.11363,5480000,1000000
2017-06-01 14:33:13.349000,1.11363,1.11362,1120000,1000000
2017-06-01 14:33:14.037000,1.11364,1.11363,1120000,1000000
2017-06-01 14:33:14.623000,1.11365,1.11364,1120000,1500000
2017-06-01 14:33:15.289000,1.11366,1.11364,1120000,2250000
2017-06-01 14:33:15.844000,1.11366,1.11364,1120000,1870000
2017-06-01 14:33:16.380000,1.11366,1.11364,2120000,1120000
2017-06-01 14:33:16.912000,1.11365,1.11363,1870000,1120000
2017-06-01 14:33:17.913000,1.11365,1.11363,1870000,1370000
2017-06-01 14:33:18.441000,1.11368,1.11365,1500000,6370000
2017-06-01 14:33:18.979000,1.11365,1.11363,1000000,1500000
2017-06-01 14:33:21.498000,1.11362,1.1136,1000000,2620000
2017-06-01 14:33:21.958000,1.11361,1.11357,4690000,4500000
2017-06-01 14:33:22.061000,1.11359,1.11357,1500000,1370000
2017-06-01 14:33:22.388000,1.11358,1.11356,1000000,1500000
2017-06-01 14:33:24.720000,1.11359,1.11357,2120000,1000000
2017-06-01 14:33:25.620000,1.11362,1.11359,4310000,2250000
2017-06-01 14:33:25.822000,1.11359,1.11357,1000000,1370000
2017-06-01 14:33:26.332000,1.11359,1.11358,1870000,2810000
2017-06-01 14:33:27.601000,1.1136,1.11359,1870000,1250000
2017-06-01 14:33:28.165000,1.1136,1.11359,1000000,3560000
2017-06-01 14:33:28.700000,1.1136,1.11358,1870000,2810000
2017-06-01 14:33:29.758000,1.1136,1.11359,1870000,2440000
2017-06-01 14:33:30.435000,1.11361,1.11359,1870000,3560000
2017-06-01 14:33:30.742000,1.11363,1.11361,1000000,1690000
2017-06-01 14:33:31.330000,1.11363,1.11361,1870000,4310000
2017-06-01 14:33:31.664000,1.11361,1.1136,1000000,1690000
2017-06-01 14:33:32.885000,1.11361,1.11359,1000000,2810000
2017-06-01 14:33:33.398000,1.11361,1.1136,1000000,1500000
2017-06-01 14:33:34.306000,1.11362,1.11361,2250000,1500000
2017-06-01 14:33:34.822000,1.11363,1.11362,1870000,1000000
2017-06-01 14:33:35.709000,1.11362,1.11361,1120000,2440000
2017-06-01 14:33:36.238000,1.11363,1.11361,1870000,3940000
2017-06-01 14:33:36.750000,1.11362,1.1136,2120000,3940000
2017-06-01 14:33:36.956000,1.11358,1.11357,1000000,2810000
2017-06-01 14:33:37.536000,1.11358,1.11357,1000000,1690000
2017-06-01 14:33:39.951000,1.11361,1.11358,1950000,2060000
2017-06-01 14:33:40.461000,1.1136,1.11358,1000000,2060000
2017-06-01 14:33:40.991000,1.11359,1.11357,1000000,3190000
2017-06-01 14:33:41.297000,1.1136,1.11357,1000000,3190000
2017-06-01 14:33:41.830000,1.1136,1.11359,1120000,1690000
2017-06-01 14:33:42.341000,1.11361,1.11358,1000000,2810000
2017-06-01 14:33:42.698000,1.1136,1.11359,1000000,2060000
2017-06-01 14:33:44.059000,1.11361,1.11357,3070000,1690000
2017-06-01 14:33:44.470000,1.11359,1.11357,1000000,2810000
2017-06-01 14:33:46.231000,1.11358,1.11356,1000000,3940000
2017-06-01 14:33:49.616000,1.11356,1.11355,1000000,3190000
2017-06-01 14:33:49.770000,1.11355,1.11354,1000000,2060000
2017-06-01 14:33:50.281000,1.11354,1.11353,1000000,2440000
2017-06-01 14:33:50.822000,1.11354,1.11353,1000000,2440000
2017-06-01 14:33:51.237000,1.11353,1.11351,1000000,2440000
2017-06-01 14:33:51.731000,1.11354,1.11352,2250000,1500000
2017-06-01 14:33:52.467000,1.11355,1.11353,1120000,4690000
2017-06-01 14:33:52.518000,1.11356,1.11353,1570000,5810000
2017-06-01 14:33:52.766000,1.11357,1.11356,1000000,1250000
2017-06-01 14:33:53.957000,1.11358,1.11356,1500000,2440000
2017-06-01 14:33:56.384000,1.11359,1.11357,1000000,1690000
2017-06-01 14:33:56.895000,1.11359,1.11358,1000000,2060000
2017-06-01 14:33:57.835000,1.1136,1.11359,1120000,1500000
2017-06-01 14:33:58.359000,1.11361,1.1136,1500000,1500000
2017-06-01 14:33:59.034000,1.1136,1.11359,1000000,1690000
2017-06-01 14:33:59.552000,1.1136,1.11359,1500000,1500000
2017-06-01 14:33:59.864000,1.11359,1.11357,1000000,2810000
2017-06-01 14:34:00.217000,1.1136,1.11358,1500000,1690000
2017-06-01 14:34:00.908000,1.11359,1.11358,1000000,1690000
2017-06-01 14:34:01.523000,1.1136,1.11359,1500000,1500000
2017-06-01 14:34:02.555000,1.11359,1.11358,1000000,1690000
2017-06-01 14:34:03.114000,1.11359,1.11357,1000000,2440000
2017-06-01 14:34:03.871000,1.11359,1.11358,1120000,1690000
2017-06-01 14:34:04.631000,1.11359,1.11357,1000000,2440000
2017-06-01 14:34:04.733000,1.11357,1.11355,1000000,2810000
2017-06-01 14:34:05.263000,1.11357,1.11356,1500000,1500000
2017-06-01 14:34:05.800000,1.11358,1.11356,1500000,2440000
2017-06-01 14:34:06.714000,1.11358,1.11356,1500000,2440000
2017-06-01 14:34:07.043000,1.11361,1.11359,3750000,1500000
2017-06-01 14:34:07.553000,1.11359,1.11358,1120000,1500000
2017-06-01 14:34:07.981000,1.11358,1.11356,1000000,2440000
2017-06-01 14:34:08.531000,1.11358,1.11357,1120000,1500000
2017-06-01 14:34:09.788000,1.11357,1.11356,1000000,1690000
2017-06-01 14:34:10.399000,1.11358,1.11357,1500000,1690000
2017-06-01 14:34:10.985000,1.11357,1.11356,1000000,1690000
2017-06-01 14:34:11.487000,1.11357,1.11356,1000000,1690000
2017-06-01 14:34:14.343000,1.11357,1.11355,1370000,2060000
2017-06-01 14:34:16.355000,1.11356,1.11354,4720000,1000000
2017-06-01 14:34:16.662000,1.11352,1.11351,1000000,1690000
2017-06-01 14:34:17.203000,1.11353,1.11351,1000000,1690000
2017-06-01 14:34:18.693000,1.11352,1.11351,1000000,1250000
2017-06-01 14:34:20.847000,1.11353,1.11351,1870000,1190000
2017-06-01 14:34:21.399000,1.11352,1.11351,1000000,1250000
2017-06-01 14:34:23.011000,1.11353,1.11351,1870000,1690000
2017-06-01 14:34:23.701000,1.11352,1.11351,1000000,1250000
2017-06-01 14:34:24.745000,1.1135,1.11348,2100000,1310000
2017-06-01 14:34:24.796000,1.11348,1.11346,1000000,3260000
2017-06-01 14:34:25.204000,1.11346,1.11345,1000000,1690000
2017-06-01 14:34:26.008000,1.11347,1.11346,1000000,1690000
2017-06-01 14:34:26.582000,1.11348,1.11346,1120000,1000000
2017-06-01 14:34:27.273000,1.11348,1.11347,1000000,1250000
2017-06-01 14:34:28.290000,1.1135,1.11347,2620000,1250000
2017-06-01 14:34:28.597000,1.11351,1.11348,5620000,1000000
2017-06-01 14:34:29.006000,1.11352,1.1135,1370000,1250000
2017-06-01 14:34:30.323000,1.11353,1.11349,4120000,1310000
2017-06-01 14:34:30.822000,1.11354,1.11352,2250000,1000000
2017-06-01 14:34:31.840000,1.11353,1.11352,1000000,1000000
2017-06-01 14:34:32.522000,1.11353,1.11352,1000000,1250000
2017-06-01 14:34:33.032000,1.11354,1.11353,1150000,1000000
2017-06-01 14:34:33.547000,1.11354,1.11352,1370000,1250000
2017-06-01 14:34:34.429000,1.11357,1.11355,1100000,1310000
2017-06-01 14:34:34.481000,1.11358,1.11356,1120000,1000000
2017-06-01 14:34:34.584000,1.11359,1.11357,3000000,1000000
2017-06-01 14:34:34.737000,1.11357,1.11355,1120000,2060000
2017-06-01 14:34:35.067000,1.11355,1.11354,1000000,1000000
2017-06-01 14:34:35.578000,1.11355,1.11353,1120000,1000000
2017-06-01 14:34:36.091000,1.11355,1.11352,6600000,1250000
2017-06-01 14:34:36.603000,1.11355,1.11351,1120000,2060000
2017-06-01 14:34:36.997000,1.11354,1.11353,1000000,1000000
2017-06-01 14:34:37.936000,1.11354,1.11353,1500000,1000000
2017-06-01 14:34:38.446000,1.11355,1.11353,1870000,1000000
2017-06-01 14:34:39.211000,1.11354,1.11353,1000000,1000000
2017-06-01 14:34:39.999000,1.11354,1.11351,5470000,1690000
2017-06-01 14:34:40.535000,1.1135,1.11348,3370000,1870000
2017-06-01 14:34:40.944000,1.11349,1.11347,1870000,1000000
2017-06-01 14:34:41.868000,1.11348,1.11347,1000000,1000000
2017-06-01 14:34:42.893000,1.11348,1.11347,1000000,1000000
2017-06-01 14:34:43.431000,1.11349,1.11346,2620000,1250000
2017-06-01 14:34:44.705000,1.11348,1.11346,4720000,1000000
2017-06-01 14:34:45.053000,1.11347,1.11344,1750000,1250000
2017-06-01 14:34:46.696000,1.11347,1.11345,4870000,1000000
2017-06-01 14:34:47.226000,1.11346,1.11344,1500000,1000000
2017-06-01 14:34:47.328000,1.11348,1.11346,1000000,1000000
2017-06-01 14:34:47.381000,1.11352,1.1135,2060000,1000000
2017-06-01 14:34:47.700000,1.11352,1.11349,1120000,1310000
2017-06-01 14:34:48.007000,1.11353,1.11351,3000000,1000000
2017-06-01 14:34:48.314000,1.1135,1.11349,1000000,1120000
2017-06-01 14:34:48.622000,1.1135,1.11347,3820000,1250000
2017-06-01 14:34:48.826000,1.11351,1.11347,1500000,2440000
2017-06-01 14:34:49.031000,1.11353,1.1135,5620000,1000000
2017-06-01 14:34:49.491000,1.11354,1.11352,2250000,1000000
2017-06-01 14:34:50.139000,1.11354,1.11352,1000000,1000000
2017-06-01 14:34:53.052000,1.11356,1.11354,2250000,1000000
2017-06-01 14:34:53.104000,1.11354,1.11352,1120000,4160000
2017-06-01 14:34:54.129000,1.11354,1.11352,4120000,1000000
2017-06-01 14:34:54.487000,1.11355,1.11353,1120000,1000000
2017-06-01 14:34:55.003000,1.11353,1.11351,1000000,1690000
2017-06-01 14:34:56.133000,1.11353,1.11352,1000000,1000000
2017-06-01 14:34:56.794000,1.11354,1.11351,1120000,1870000
2017-06-01 14:34:56.845000,1.11354,1.11352,1000000,2440000
2017-06-01 14:34:56.949000,1.11355,1.11354,1500000,1000000
2017-06-01 14:34:57.887000,1.11353,1.11352,1120000,1250000
2017-06-01 14:34:59.862000,1.11353,1.1135,1500000,4120000
2017-06-01 14:35:01.501000,1.11353,1.1135,1870000,3750000
2017-06-01 14:35:02.132000,1.11352,1.1135,1120000,3190000
2017-06-01 14:35:02.791000,1.11351,1.1135,1000000,1690000
2017-06-01 14:35:03.301000,1.11351,1.11349,1000000,3190000
2017-06-01 14:35:03.847000,1.11352,1.1135,1500000,1310000
2017-06-01 14:35:04.843000,1.11351,1.1135,1000000,1000000
2017-06-01 14:35:05.353000,1.1135,1.11348,1000000,2440000
2017-06-01 14:35:06.499000,1.1135,1.11348,3750000,2060000
2017-06-01 14:35:07.018000,1.11348,1.11346,1500000,1190000
2017-06-01 14:35:07.990000,1.11349,1.11347,1500000,1190000
2017-06-01 14:35:10.173000,1.11348,1.11346,1120000,1690000
2017-06-01 14:35:10.438000,1.11351,1.11349,1000000,1190000
2017-06-01 14:35:10.949000,1.11352,1.11349,1500000,1310000
2017-06-01 14:35:11.492000,1.11352,1.11348,1870000,3190000
2017-06-01 14:35:11.929000,1.11352,1.11349,1500000,2810000
2017-06-01 14:35:12.452000,1.11353,1.1135,1500000,3190000
2017-06-01 14:35:14.680000,1.11355,1.11352,3370000,1000000
2017-06-01 14:35:15.189000,1.11353,1.1135,1500000,2810000
2017-06-01 14:35:15.647000,1.11355,1.11352,1500000,1690000
2017-06-01 14:35:15.800000,1.11358,1.11354,4160000,2060000
2017-06-01 14:35:15.953000,1.11358,1.11355,3040000,1310000
2017-06-01 14:35:18.061000,1.11358,1.11355,1500000,1690000
2017-06-01 14:35:18.708000,1.11358,1.11355,1500000,2440000
2017-06-01 14:35:19.884000,1.11359,1.11355,4160000,3190000
2017-06-01 14:35:20.392000,1.11359,1.11357,1540000,1000000
2017-06-01 14:35:20.598000,1.11361,1.11358,4870000,1000000
2017-06-01 14:35:21.145000,1.1136,1.11357,2250000,1250000
2017-06-01 14:35:21.654000,1.1136,1.11358,4120000,1000000
2017-06-01 14:35:21.705000,1.11359,1.11357,1870000,1250000
2017-06-01 14:35:24.323000,1.11359,1.11356,1500000,1250000
2017-06-01 14:35:24.858000,1.11359,1.11356,1500000,1690000
2017-06-01 14:35:25.369000,1.11361,1.11358,2620000,1250000
2017-06-01 14:35:25.884000,1.1136,1.11357,1500000,1250000
2017-06-01 14:35:27.482000,1.1136,1.11357,1500000,1250000
2017-06-01 14:35:28.001000,1.1136,1.11357,1500000,1250000
2017-06-01 14:35:28.052000,1.1136,1.11359,1120000,1000000
2017-06-01 14:35:28.356000,1.11362,1.11359,1120000,5620000
2017-06-01 14:35:28.408000,1.11362,1.11359,2620000,1500000
2017-06-01 14:35:28.921000,1.11361,1.11359,1000000,4310000
2017-06-01 14:35:28.973000,1.11363,1.11362,1000000,1250000
2017-06-01 14:35:29.284000,1.11365,1.11363,1000000,1250000
2017-06-01 14:35:29.834000,1.11366,1.11363,3370000,1250000
2017-06-01 14:35:30.344000,1.11367,1.11364,1500000,1250000
2017-06-01 14:35:30.852000,1.11367,1.11365,1000000,4540000
2017-06-01 14:35:30.903000,1.11369,1.11367,1370000,1000000
2017-06-01 14:35:31.005000,1.11371,1.11368,1870000,1690000
2017-06-01 14:35:31.534000,1.11371,1.11368,1500000,1690000
2017-06-01 14:35:32.103000,1.11374,1.11373,1000000,1000000
2017-06-01 14:35:32.256000,1.11374,1.11371,2250000,2060000
2017-06-01 14:35:32.766000,1.11372,1.11371,1000000,1250000
2017-06-01 14:35:33.298000,1.11373,1.11371,1000000,1250000
2017-06-01 14:35:33.604000,1.11373,1.1137,9000000,1000000
2017-06-01 14:35:34.158000,1.11372,1.11369,1500000,2060000
2017-06-01 14:35:34.709000,1.11372,1.1137,1000000,2440000
2017-06-01 14:35:36.401000,1.11368,1.11366,1370000,22690001
2017-06-01 14:35:36.915000,1.11366,1.11363,1500000,4310000
2017-06-01 14:35:37.431000,1.11366,1.11363,1120000,1690000
2017-06-01 14:35:37.999000,1.11367,1.11365,1870000,1690000
2017-06-01 14:35:39.522000,1.11366,1.11365,1120000,1500000
2017-06-01 14:35:40.038000,1.11366,1.11363,1500000,2440000
2017-06-01 14:35:41.741000,1.11365,1.11363,1370000,1250000
2017-06-01 14:35:43.051000,1.11364,1.11361,1120000,4310000
2017-06-01 14:35:43.103000,1.11361,1.1136,1000000,2810000
2017-06-01 14:35:43.154000,1.1136,1.11358,1000000,1560000
2017-06-01 14:35:43.409000,1.11359,1.11357,1120000,1310000
2017-06-01 14:35:43.919000,1.11359,1.11357,1120000,1310000
2017-06-01 14:35:44.958000,1.1136,1.11357,3750000,1310000
2017-06-01 14:35:45.493000,1.1136,1.11358,1370000,1310000
2017-06-01 14:35:46.134000,1.11359,1.11358,1120000,1310000
2017-06-01 14:35:46.695000,1.11359,1.11356,1370000,3560000
2017-06-01 14:35:47.103000,1.1135,1.11348,1500000,3000000
2017-06-01 14:35:47.261000,1.11348,1.11346,1000000,1190000
2017-06-01 14:35:47.572000,1.11347,1.11345,1120000,1690000
2017-06-01 14:35:49.543000,1.11346,1.11344,1000000,1250000
2017-06-01 14:35:50.053000,1.11345,1.11343,1000000,2810000
2017-06-01 14:35:50.606000,1.11348,1.11346,6000000,1540000
2017-06-01 14:35:51.148000,1.11348,1.11346,1500000,1250000
2017-06-01 14:35:52.497000,1.11347,1.11345,1000000,1190000
2017-06-01 14:35:55.124000,1.11346,1.11345,1000000,1250000
2017-06-01 14:35:55.488000,1.11345,1.11343,1120000,3790000
2017-06-01 14:35:56.004000,1.11346,1.11344,2250000,1190000
2017-06-01 14:35:56.419000,1.11347,1.11346,1500000,1250000
2017-06-01 14:35:56.523000,1.11349,1.11347,2250000,1250000
2017-06-01 14:35:57.480000,1.11349,1.11348,1120000,1690000
2017-06-01 14:35:57.736000,1.1135,1.11349,1120000,1250000
2017-06-01 14:35:58.283000,1.11351,1.11349,1120000,1000000
2017-06-01 14:35:58.806000,1.11351,1.11349,1500000,1690000
2017-06-01 14:35:59.257000,1.1135,1.11348,1120000,1310000
2017-06-01 14:35:59.798000,1.1135,1.11347,1500000,1250000
2017-06-01 14:36:00.182000,1.11352,1.11349,3000000,1250000
2017-06-01 14:36:00.641000,1.11357,1.11354,19309999,1000000
2017-06-01 14:36:01.063000,1.11356,1.11353,2250000,1310000
2017-06-01 14:36:01.369000,1.11353,1.11351,1120000,2060000
2017-06-01 14:36:01.880000,1.11354,1.11351,1000000,2060000
2017-06-01 14:36:02.873000,1.11353,1.11351,1120000,2060000
2017-06-01 14:36:03.189000,1.11354,1.11351,1000000,2060000
2017-06-01 14:36:03.480000,1.11353,1.1135,1870000,2440000
2017-06-01 14:36:03.689000,1.11353,1.1135,1870000,1310000
2017-06-01 14:36:04.198000,1.11352,1.11349,1500000,1000000
2017-06-01 14:36:04.753000,1.11349,1.11347,1000000,1690000
2017-06-01 14:36:05.276000,1.11351,1.11349,3000000,1190000
2017-06-01 14:36:05.328000,1.11352,1.11349,1500000,1690000
2017-06-01 14:36:05.431000,1.11351,1.11348,1000000,2060000
2017-06-01 14:36:06.644000,1.1135,1.11347,1000000,3190000
2017-06-01 14:36:06.746000,1.11348,1.11347,1000000,1000000
2017-06-01 14:36:07.364000,1.11348,1.11346,1120000,1310000
2017-06-01 14:36:07.874000,1.11347,1.11346,1120000,1250000
2017-06-01 14:36:08.393000,1.11346,1.11345,1120000,1250000
2017-06-01 14:36:08.701000,1.11349,1.11346,1000000,3190000
2017-06-01 14:36:09.290000,1.1135,1.11347,1500000,1250000
2017-06-01 14:36:10.826000,1.1135,1.11347,1370000,6190000
2017-06-01 14:36:10.878000,1.11351,1.11349,1120000,1190000
2017-06-01 14:36:11.810000,1.11352,1.11349,3000000,2060000
2017-06-01 14:36:12.454000,1.11351,1.11349,1000000,1310000
2017-06-01 14:36:13.474000,1.11352,1.11349,1500000,2060000
2017-06-01 14:36:13.640000,1.11352,1.11349,1870000,2060000
2017-06-01 14:36:14.091000,1.11348,1.11347,1000000,1000000
2017-06-01 14:36:14.194000,1.11347,1.11344,1120000,3560000
2017-06-01 14:36:14.655000,1.11345,1.11344,1000000,3000000
2017-06-01 14:36:15.201000,1.11344,1.11342,1370000,1690000
2017-06-01 14:36:17.160000,1.11347,1.11343,4120000,1310000
2017-06-01 14:36:17.670000,1.11347,1.11344,3000000,2810000
2017-06-01 14:36:22.576000,1.11347,1.11343,2620000,2810000
2017-06-01 14:36:23.106000,1.11347,1.11344,2620000,1310000
2017-06-01 14:36:24.871000,1.11349,1.11346,1120000,3190000
2017-06-01 14:36:25.184000,1.11352,1.11349,3000000,1000000
2017-06-01 14:36:25.693000,1.1135,1.11347,1500000,2440000
2017-06-01 14:36:26.111000,1.1135,1.11346,3000000,1500000
2017-06-01 14:36:27.785000,1.11349,1.11346,1870000,1310000
2017-06-01 14:36:28.402000,1.11349,1.11347,1370000,1000000
2017-06-01 14:36:28.904000,1.11349,1.11345,1500000,2440000
2017-06-01 14:36:29.413000,1.11347,1.11346,1120000,1000000
2017-06-01 14:36:30.385000,1.11349,1.11345,1870000,2060000
2017-06-01 14:36:30.904000,1.1135,1.11348,1370000,1000000
2017-06-01 14:36:31.482000,1.11352,1.11348,1370000,3940000
2017-06-01 14:36:32.031000,1.11352,1.11349,1370000,2440000
2017-06-01 14:36:34.406000,1.11352,1.11349,1370000,2060000
2017-06-01 14:36:35.230000,1.11353,1.1135,1500000,1250000
2017-06-01 14:36:35.757000,1.11352,1.11349,2250000,1250000
2017-06-01 14:36:37.751000,1.11353,1.1135,1870000,1000000
2017-06-01 14:36:41.699000,1.11353,1.11351,1870000,1000000
2017-06-01 14:36:42.188000,1.11355,1.11353,1370000,1000000
2017-06-01 14:36:42.698000,1.11356,1.11352,3000000,1500000
2017-06-01 14:36:45.598000,1.11356,1.11353,1500000,1500000
2017-06-01 14:36:45.761000,1.11357,1.11355,1500000,1310000
2017-06-01 14:36:46.294000,1.11357,1.11354,1370000,6040000
2017-06-01 14:36:46.856000,1.11358,1.11355,1370000,2440000
2017-06-01 14:36:47.361000,1.11358,1.11355,4240000,1310000
2017-06-01 14:36:47.910000,1.11355,1.11354,1000000,1000000
2017-06-01 14:36:47.961000,1.11355,1.11352,1000000,2440000
2017-06-01 14:36:48.500000,1.11356,1.11352,1120000,2440000
2017-06-01 14:36:49.002000,1.11354,1.11352,1000000,1690000
2017-06-01 14:36:49.947000,1.11356,1.11352,1120000,2440000
2017-06-01 14:36:52.452000,1.11354,1.11351,1000000,3560000
2017-06-01 14:36:52.959000,1.11354,1.11351,1120000,1000000
2017-06-01 14:36:54.094000,1.11354,1.11351,1500000,1690000
2017-06-01 14:36:55.155000,1.11354,1.11352,1000000,2060000
2017-06-01 14:36:55.207000,1.11356,1.11353,1120000,1250000
2017-06-01 14:36:55.578000,1.11358,1.11355,3370000,1690000
2017-06-01 14:36:55.630000,1.11359,1.11355,1500000,2660000
2017-06-01 14:36:55.836000,1.11359,1.11357,1120000,1250000
2017-06-01 14:36:58.318000,1.11359,1.11356,1120000,1250000
2017-06-01 14:36:58.859000,1.11358,1.11355,2620000,1690000
2017-06-01 14:36:59.267000,1.11358,1.11355,3000000,1690000
2017-06-01 14:37:00.162000,1.11358,1.11355,1120000,1250000
2017-06-01 14:37:00.672000,1.11359,1.11356,1500000,1250000
2017-06-01 14:37:01.460000,1.11359,1.11357,1120000,1250000
2017-06-01 14:37:02.930000,1.11359,1.11356,1120000,2440000
2017-06-01 14:37:03.676000,1.11359,1.11357,1000000,1250000
2017-06-01 14:37:04.819000,1.11358,1.11356,1000000,1310000
2017-06-01 14:37:04.973000,1.1136,1.11357,1120000,1250000
2017-06-01 14:37:05.231000,1.11361,1.1136,1000000,2060000
2017-06-01 14:37:05.333000,1.11363,1.1136,1000000,2060000
2017-06-01 14:37:05.846000,1.11362,1.1136,1950000,1310000
2017-06-01 14:37:07.298000,1.11363,1.1136,1000000,2440000
2017-06-01 14:37:07.805000,1.11364,1.11361,1120000,1000000
2017-06-01 14:37:09.379000,1.11365,1.11362,4870000,1000000
2017-06-01 14:37:09.929000,1.11364,1.11362,1000000,2060000
2017-06-01 14:37:10.371000,1.11366,1.11365,1000000,1250000
2017-06-01 14:37:10.422000,1.11365,1.11363,1000000,1690000
2017-06-01 14:37:10.730000,1.11367,1.11365,1000000,1190000
2017-06-01 14:37:11.011000,1.11368,1.11365,2620000,1190000
2017-06-01 14:37:11.114000,1.11366,1.11364,1000000,1310000
2017-06-01 14:37:11.616000,1.11365,1.11363,1000000,3560000
2017-06-01 14:37:11.668000,1.11368,1.11365,5290000,2440000
2017-06-01 14:37:11.822000,1.11366,1.11364,1000000,1690000
2017-06-01 14:37:12.129000,1.11367,1.11365,1120000,1190000
2017-06-01 14:37:12.360000,1.11369,1.11367,1000000,2060000
2017-06-01 14:37:12.665000,1.11372,1.11369,3860000,1000000
2017-06-01 14:37:13.313000,1.11372,1.11371,1000000,1000000
2017-06-01 14:37:13.364000,1.11374,1.11371,6680000,1000000
2017-06-01 14:37:13.693000,1.11371,1.11369,1150000,1120000
2017-06-01 14:37:14.205000,1.11371,1.11368,6300000,1000000
2017-06-01 14:37:14.739000,1.11372,1.1137,4120000,1000000
2017-06-01 14:37:15.373000,1.11372,1.1137,4120000,1000000
2017-06-01 14:37:15.890000,1.11374,1.11371,8740000,1250000
2017-06-01 14:37:16.043000,1.11375,1.11373,1500000,1000000
2017-06-01 14:37:16.566000,1.11375,1.11372,5620000,1310000
2017-06-01 14:37:17.121000,1.11375,1.11372,7420000,1250000
2017-06-01 14:37:17.641000,1.11373,1.11371,1000000,1690000
2017-06-01 14:37:24.143000,1.1137,1.11368,2620000,3940000
2017-06-01 14:37:24.195000,1.11367,1.11365,2100000,2060000
2017-06-01 14:37:24.350000,1.11363,1.11361,2100000,3940000
2017-06-01 14:37:24.657000,1.11365,1.11364,3000000,1000000
2017-06-01 14:37:25.310000,1.11366,1.11364,1500000,1000000
2017-06-01 14:37:25.612000,1.1136,1.11358,1870000,1000000
2017-06-01 14:37:26.121000,1.1136,1.11358,3000000,1000000
2017-06-01 14:37:27.825000,1.11359,1.11357,2620000,1000000
2017-06-01 14:37:28.385000,1.11359,1.11355,1370000,1250000
2017-06-01 14:37:28.710000,1.1136,1.11358,4120000,1000000
2017-06-01 14:37:30.030000,1.11358,1.11355,1000000,4310000
2017-06-01 14:37:30.133000,1.11356,1.11353,2470000,5060000
2017-06-01 14:37:30.185000,1.11356,1.11353,7350000,1000000
2017-06-01 14:37:30.237000,1.11356,1.11354,8100000,1000000
2017-06-01 14:37:30.289000,1.11356,1.11353,2850000,2440000
2017-06-01 14:37:30.778000,1.11358,1.11356,1870000,1000000
2017-06-01 14:37:31.293000,1.11359,1.11357,4500000,1000000
2017-06-01 14:37:31.396000,1.11361,1.11359,3000000,3000000
2017-06-01 14:37:31.592000,1.11363,1.11359,1000000,9940000
2017-06-01 14:37:31.746000,1.11364,1.11361,12370000,1000000
2017-06-01 14:37:32.207000,1.11362,1.1136,1000000,1000000
2017-06-01 14:37:32.414000,1.11363,1.11361,1500000,1000000
2017-06-01 14:37:32.967000,1.11364,1.11362,11620000,1000000
2017-06-01 14:37:34.086000,1.11364,1.11362,1000000,1500000
2017-06-01 14:37:34.625000,1.11365,1.11362,1120000,1500000
2017-06-01 14:37:35.150000,1.11366,1.11363,3750000,1000000
2017-06-01 14:37:38.555000,1.11366,1.11363,1870000,1000000
2017-06-01 14:37:42.595000,1.11367,1.11365,1870000,1000000
2017-06-01 14:37:42.698000,1.11367,1.11364,2100000,1500000
2017-06-01 14:37:43.361000,1.11366,1.11363,1500000,1250000
2017-06-01 14:37:43.821000,1.11364,1.11361,6220000,1500000
2017-06-01 14:37:44.332000,1.11363,1.1136,1870000,1120000
2017-06-01 14:37:44.688000,1.11361,1.11359,1870000,1000000
2017-06-01 14:37:45.233000,1.1136,1.11358,1000000,1310000
2017-06-01 14:37:58.207000,1.1136,1.11358,1500000,1000000
2017-06-01 14:37:58.522000,1.11364,1.11362,1500000,1000000
2017-06-01 14:37:59.033000,1.11364,1.11361,2250000,1000000
2017-06-01 14:37:59.338000,1.11361,1.11358,1120000,1500000
2017-06-01 14:38:00.271000,1.11361,1.11357,4500000,1690000
2017-06-01 14:38:01.053000,1.1136,1.11357,1000000,1250000
2017-06-01 14:38:01.584000,1.11359,1.11356,1000000,1310000
2017-06-01 14:38:02.879000,1.11359,1.11356,1000000,2810000
2017-06-01 14:38:03.795000,1.11357,1.11355,2620000,2250000
2017-06-01 14:38:03.951000,1.11357,1.11353,4120000,1120000
2017-06-01 14:38:06.360000,1.11357,1.11354,2250000,1000000
2017-06-01 14:38:06.914000,1.11357,1.11354,1870000,1000000
2017-06-01 14:38:07.604000,1.11358,1.11357,1000000,1000000
2017-06-01 14:38:07.758000,1.1136,1.11356,3750000,2060000
2017-06-01 14:38:10.433000,1.1136,1.11356,1500000,2810000
2017-06-01 14:38:11.959000,1.11361,1.11358,1500000,1000000
2017-06-01 14:38:12.214000,1.11363,1.1136,1870000,1500000
2017-06-01 14:38:12.723000,1.11364,1.11361,3750000,1500000
2017-06-01 14:38:13.377000,1.11365,1.11361,5440000,1500000
2017-06-01 14:38:14.904000,1.11365,1.11362,2620000,1000000
2017-06-01 14:38:15.550000,1.11364,1.11361,1120000,3190000
2017-06-01 14:38:15.999000,1.11361,1.11359,1120000,1870000
2017-06-01 14:38:16.254000,1.11359,1.11356,1000000,3940000
2017-06-01 14:38:18.107000,1.11361,1.11358,3450000,1690000
2017-06-01 14:38:18.996000,1.1136,1.11358,1120000,4690000
2017-06-01 14:38:19.048000,1.11359,1.11356,1000000,2440000
2017-06-01 14:38:20.723000,1.11359,1.11355,1120000,5440000
2017-06-01 14:38:23.338000,1.11359,1.11356,1120000,1000000
2017-06-01 14:38:23.845000,1.11359,1.11355,1120000,4690000
2017-06-01 14:38:24.649000,1.11359,1.11356,1120000,1000000
2017-06-01 14:38:25.158000,1.11359,1.11355,1120000,5440000
2017-06-01 14:38:28.646000,1.11359,1.11356,1120000,3560000
2017-06-01 14:38:29.003000,1.11358,1.11355,1000000,4500000
2017-06-01 14:38:29.520000,1.11359,1.11356,1310000,1000000
2017-06-01 14:38:30.006000,1.11357,1.11355,1000000,1500000
2017-06-01 14:38:30.446000,1.11357,1.11353,3190000,1500000
2017-06-01 14:38:30.957000,1.11355,1.11351,1310000,2620000
2017-06-01 14:38:35.305000,1.11354,1.1135,1720000,2250000
2017-06-01 14:38:35.845000,1.11353,1.1135,1690000,1000000
2017-06-01 14:38:37.561000,1.11354,1.1135,5660000,1500000
2017-06-01 14:38:39.355000,1.11354,1.1135,2060000,1870000
2017-06-01 14:38:39.406000,1.11355,1.11353,1500000,1000000
2017-06-01 14:38:39.458000,1.11357,1.11353,2810000,1120000
2017-06-01 14:38:39.968000,1.11357,1.11354,2060000,1000000
2017-06-01 14:38:41.758000,1.11355,1.11353,3410000,1000000
2017-06-01 14:38:42.273000,1.11354,1.11352,4350000,1000000
2017-06-01 14:38:46.285000,1.11349,1.11348,1310000,1870000
2017-06-01 14:38:46.500000,1.11341,1.11339,1000000,1570000
2017-06-01 14:38:46.552000,1.11337,1.11335,1690000,1870000
2017-06-01 14:38:46.859000,1.11336,1.11334,2440000,2850000
2017-06-01 14:38:47.286000,1.11336,1.11332,3940000,1500000
2017-06-01 14:38:47.827000,1.11333,1.11331,1000000,1870000
2017-06-01 14:38:48.332000,1.11333,1.11331,1000000,1500000
2017-06-01 14:38:51.129000,1.11334,1.11331,1120000,3000000
2017-06-01 14:38:56.268000,1.11336,1.11333,2440000,1000000
2017-06-01 14:38:57.162000,1.11337,1.11336,1000000,1500000
2017-06-01 14:38:57.315000,1.1134,1.11338,1620000,1000000
2017-06-01 14:38:57.897000,1.1134,1.11338,1570000,1000000
2017-06-01 14:38:58.123000,1.11341,1.11339,1760000,1000000
2017-06-01 14:38:58.225000,1.11343,1.1134,5060000,1000000
2017-06-01 14:38:58.951000,1.11343,1.1134,1310000,2850000
2017-06-01 14:38:59.054000,1.11348,1.11344,5440000,1120000
2017-06-01 14:38:59.564000,1.11348,1.11344,4730000,1500000
2017-06-01 14:39:00.129000,1.11346,1.11342,3940000,1500000
2017-06-01 14:39:00.538000,1.11342,1.1134,1000000,1620000
2017-06-01 14:39:00.973000,1.1134,1.11339,1000000,2440000
2017-06-01 14:39:01.484000,1.11339,1.11338,1000000,1000000
2017-06-01 14:39:02.030000,1.11339,1.11337,1120000,1000000
2017-06-01 14:39:02.552000,1.11339,1.11336,1000000,4690000
2017-06-01 14:39:04.749000,1.11339,1.11337,1000000,1000000
2017-06-01 14:39:05.294000,1.11339,1.11336,1000000,6190000
2017-06-01 14:39:05.600000,1.11339,1.11337,1000000,2100000
2017-06-01 14:39:06.112000,1.1134,1.11337,1000000,4160000
2017-06-01 14:39:06.419000,1.11338,1.11336,1000000,1120000
2017-06-01 14:39:07.832000,1.11339,1.11336,1000000,4310000
2017-06-01 14:39:10.175000,1.11336,1.11335,1000000,1120000
2017-06-01 14:39:10.380000,1.11338,1.11335,1500000,7910000
2017-06-01 14:39:10.919000,1.11338,1.11336,1000000,2660000
2017-06-01 14:39:11.446000,1.1134,1.11336,1000000,9040000
2017-06-01 14:39:13.925000,1.1134,1.11337,1000000,1000000
2017-06-01 14:39:14.434000,1.1134,1.11336,1120000,3940000
2017-06-01 14:39:14.956000,1.11339,1.11336,1000000,3190000
2017-06-01 14:39:15.733000,1.11338,1.11335,1000000,6940000
2017-06-01 14:39:16.243000,1.11338,1.11335,1000000,2250000
2017-06-01 14:39:17.780000,1.11339,1.11335,1690000,6750000
2017-06-01 14:39:18.308000,1.11339,1.11336,1000000,1310000
2017-06-01 14:39:19.709000,1.1134,1.11337,1120000,1300000
2017-06-01 14:39:20.221000,1.1134,1.11337,1000000,1720000
2017-06-01 14:39:21.157000,1.11341,1.11338,1310000,1120000
2017-06-01 14:39:22.430000,1.1134,1.11337,1000000,5850000
2017-06-01 14:39:23.578000,1.1134,1.11337,1000000,7610000
2017-06-01 14:39:23.932000,1.11344,1.11343,2700000,1250000
2017-06-01 14:39:23.984000,1.11345,1.11343,1120000,3040000
2017-06-01 14:39:24.507000,1.11346,1.11342,1250000,2470000
2017-06-01 14:39:24.559000,1.11344,1.11342,1000000,2470000
2017-06-01 14:39:24.611000,1.11344,1.1134,7880000,2250000
2017-06-01 14:39:24.713000,1.11341,1.11338,1000000,2060000
2017-06-01 14:39:25.431000,1.1134,1.11338,1000000,1000000
2017-06-01 14:39:26.159000,1.1134,1.11338,1000000,2660000
2017-06-01 14:39:26.670000,1.11339,1.11338,1000000,1000000
2017-06-01 14:39:27.181000,1.1134,1.11337,1000000,2000000
2017-06-01 14:39:27.693000,1.11339,1.11338,1000000,1000000
2017-06-01 14:39:28.642000,1.1134,1.11337,1000000,3560000
2017-06-01 14:39:29.546000,1.11341,1.11337,1000000,6410000
2017-06-01 14:39:30.348000,1.1134,1.11337,1000000,7160000
2017-06-01 14:39:31.010000,1.11341,1.11338,1000000,4540000
2017-06-01 14:39:31.316000,1.11342,1.11339,1000000,5660000
2017-06-01 14:39:31.847000,1.11342,1.1134,1000000,1000000
2017-06-01 14:39:31.898000,1.11344,1.11338,11890000,5810000
2017-06-01 14:39:31.950000,1.11341,1.11338,1000000,2440000
2017-06-01 14:39:32.850000,1.11342,1.1134,1000000,4720000
2017-06-01 14:39:33.105000,1.11345,1.11342,1500000,2290000
2017-06-01 14:39:33.273000,1.11344,1.1134,6190000,3750000
2017-06-01 14:39:33.580000,1.1134,1.11337,1000000,4690000
2017-06-01 14:39:34.123000,1.11341,1.11337,1000000,3940000
2017-06-01 14:39:34.574000,1.11343,1.1134,2440000,1000000
2017-06-01 14:39:34.627000,1.11343,1.11341,1310000,1000000
2017-06-01 14:39:34.679000,1.11342,1.11339,1000000,1120000
2017-06-01 14:39:34.782000,1.11341,1.11339,1000000,1000000
2017-06-01 14:39:35.293000,1.11341,1.11338,1000000,1690000
2017-06-01 14:39:36.227000,1.11342,1.1134,1000000,2100000
2017-06-01 14:39:36.737000,1.11341,1.11338,1000000,3190000
2017-06-01 14:39:36.789000,1.11341,1.11338,1000000,1310000
2017-06-01 14:39:36.841000,1.11339,1.11337,1000000,3000000
2017-06-01 14:39:36.946000,1.11338,1.11336,1000000,1250000
2017-06-01 14:39:37.467000,1.11337,1.11335,1000000,1370000
2017-06-01 14:39:37.927000,1.11335,1.11332,1120000,1760000
2017-06-01 14:39:38.234000,1.11333,1.11331,1000000,1120000
2017-06-01 14:39:38.503000,1.1133,1.11327,1000000,2810000
2017-06-01 14:39:38.555000,1.11332,1.11328,1500000,5440000
2017-06-01 14:39:39.068000,1.11332,1.11329,1000000,3600000
2017-06-01 14:39:40.878000,1.11334,1.11331,2250000,4310000
2017-06-01 14:39:41.294000,1.11334,1.11332,1000000,1370000
2017-06-01 14:39:41.815000,1.11334,1.11331,1000000,5740000
2017-06-01 14:39:42.498000,1.11333,1.11331,1000000,2890000
2017-06-01 14:39:44.258000,1.11334,1.11332,1000000,1000000
2017-06-01 14:39:44.767000,1.11334,1.11332,1000000,1370000
2017-06-01 14:39:45.314000,1.11335,1.11332,1000000,1870000
2017-06-01 14:39:45.990000,1.11336,1.11333,1310000,1120000
2017-06-01 14:39:46.909000,1.11337,1.11336,1000000,1000000
2017-06-01 14:39:47.062000,1.11339,1.11336,1000000,2470000
2017-06-01 14:39:47.649000,1.11341,1.11337,1690000,1500000
2017-06-01 14:39:49.157000,1.11338,1.11335,1100000,3000000
2017-06-01 14:39:49.210000,1.11339,1.11336,2320000,1500000
2017-06-01 14:39:49.787000,1.11341,1.11337,1760000,1120000
2017-06-01 14:39:51.041000,1.11341,1.11337,2060000,1120000
2017-06-01 14:39:51.588000,1.11342,1.11338,4760000,1120000
2017-06-01 14:39:52.135000,1.11341,1.11337,1500000,1690000
2017-06-01 14:39:52.639000,1.11342,1.11338,5140000,1120000
2017-06-01 14:39:53.190000,1.11341,1.11337,2440000,1500000
2017-06-01 14:39:53.702000,1.1134,1.11337,1000000,1500000
2017-06-01 14:39:54.726000,1.1134,1.11336,1500000,2440000
2017-06-01 14:39:55.347000,1.11338,1.11335,1870000,3560000
2017-06-01 14:39:55.551000,1.1134,1.11337,1690000,1000000
2017-06-01 14:40:00.371000,1.11342,1.1134,3980000,1000000
2017-06-01 14:40:00.475000,1.11344,1.11342,2060000,1000000
2017-06-01 14:40:00.577000,1.11345,1.11343,1250000,1000000
2017-06-01 14:40:01.126000,1.11346,1.11342,2060000,1500000
2017-06-01 14:40:01.666000,1.11346,1.11343,1690000,1000000
2017-06-01 14:40:02.139000,1.11344,1.11341,1120000,1500000
2017-06-01 14:40:02.706000,1.11344,1.1134,2060000,1120000
2017-06-01 14:40:03.243000,1.11343,1.1134,1000000,1120000
2017-06-01 14:40:04.241000,1.11342,1.11339,1000000,1500000
2017-06-01 14:40:05.442000,1.11344,1.11341,3560000,1500000
2017-06-01 14:40:06.014000,1.11344,1.11341,2440000,1500000
2017-06-01 14:40:06.567000,1.11345,1.11342,1690000,1000000
2017-06-01 14:40:07.095000,1.11344,1.11341,1250000,1120000
2017-06-01 14:40:07.606000,1.11345,1.11342,1310000,1000000
2017-06-01 14:40:08.138000,1.11346,1.11343,1730000,1000000
2017-06-01 14:40:10.461000,1.11346,1.11342,1690000,1000000
2017-06-01 14:40:13.051000,1.11348,1.11347,1000000,1350000
2017-06-01 14:40:13.436000,1.11356,1.11354,2100000,1500000
2017-06-01 14:40:13.488000,1.11358,1.11354,1120000,4910000
2017-06-01 14:40:14.026000,1.11359,1.11355,1500000,1690000
2017-06-01 14:40:14.989000,1.11359,1.11356,1120000,1250000
2017-06-01 14:40:15.542000,1.1136,1.11357,1120000,1120000
2017-06-01 14:40:16.156000,1.1136,1.11356,3560000,1120000
2017-06-01 14:40:16.575000,1.11358,1.11355,1000000,1620000
2017-06-01 14:40:17.112000,1.11358,1.11355,1000000,1250000
2017-06-01 14:40:20.603000,1.11358,1.11356,1000000,1120000
2017-06-01 14:40:20.808000,1.1136,1.11356,1310000,4870000
2017-06-01 14:40:21.351000,1.1136,1.11357,1120000,1000000
2017-06-01 14:40:21.456000,1.11358,1.11356,1000000,2440000
2017-06-01 14:40:21.968000,1.11358,1.11355,1000000,1500000
2017-06-01 14:40:23.621000,1.11357,1.11354,1000000,3190000
2017-06-01 14:40:23.779000,1.11356,1.11353,1000000,1500000
2017-06-01 14:40:24.290000,1.11355,1.11352,1000000,3000000
2017-06-01 14:40:24.820000,1.11354,1.11352,1000000,1000000
2017-06-01 14:40:25.113000,1.11353,1.11351,1000000,1120000
2017-06-01 14:40:25.634000,1.11352,1.1135,1000000,1250000
2017-06-01 14:40:27.700000,1.1135,1.11349,1000000,1000000
2017-06-01 14:40:27.751000,1.1135,1.11348,1000000,3370000
2017-06-01 14:40:28.572000,1.1135,1.11348,1000000,1870000
2017-06-01 14:40:29.202000,1.11349,1.11347,3560000,1120000
2017-06-01 14:40:30.262000,1.1135,1.11347,1310000,3000000
2017-06-01 14:40:30.570000,1.11348,1.11347,1000000,1000000
2017-06-01 14:40:30.673000,1.1135,1.11346,1310000,3750000
2017-06-01 14:40:32.217000,1.1135,1.11347,1250000,4120000
2017-06-01 14:40:33.036000,1.1135,1.11348,1250000,1370000
2017-06-01 14:40:33.351000,1.1135,1.11347,1690000,2250000
2017-06-01 14:40:33.860000,1.11349,1.11346,1000000,2470000
2017-06-01 14:40:34.166000,1.1135,1.11348,1310000,1000000
2017-06-01 14:40:34.793000,1.1135,1.11347,1690000,1120000
2017-06-01 14:40:35.306000,1.11349,1.11347,1000000,1120000
2017-06-01 14:40:35.854000,1.1135,1.11348,1000000,1000000
2017-06-01 14:40:36.418000,1.11351,1.11347,2060000,8100000
2017-06-01 14:40:36.726000,1.11356,1.11354,1870000,2100000
2017-06-01 14:40:37.084000,1.11357,1.11355,1000000,1070000
2017-06-01 14:40:37.627000,1.11358,1.11355,1000000,5660000
2017-06-01 14:40:38.636000,1.11358,1.11355,1000000,2060000
2017-06-01 14:40:40.019000,1.11359,1.11357,2620000,1000000
2017-06-01 14:40:41.296000,1.11358,1.11356,2810000,1000000
2017-06-01 14:40:41.806000,1.11358,1.11356,2810000,1000000
2017-06-01 14:40:42.336000,1.11358,1.11355,5060000,1000000
2017-06-01 14:40:44.863000,1.11356,1.11352,3940000,1500000
2017-06-01 14:40:45.760000,1.11356,1.11355,1000000,1000000
2017-06-01 14:40:45.812000,1.11356,1.11353,1000000,4870000
2017-06-01 14:40:45.863000,1.11358,1.11356,1250000,1000000
2017-06-01 14:40:49.687000,1.11359,1.11357,5440000,1000000
2017-06-01 14:40:50.597000,1.11359,1.11356,4690000,1000000
2017-06-01 14:40:50.801000,1.11354,1.11351,1870000,1000000
2017-06-01 14:40:51.033000,1.11353,1.1135,1190000,1000000
2017-06-01 14:40:51.633000,1.11353,1.11349,1690000,1120000
2017-06-01 14:40:52.143000,1.11351,1.11348,1000000,1120000
2017-06-01 14:40:52.488000,1.11353,1.1135,2440000,1000000
2017-06-01 14:40:52.997000,1.11353,1.1135,1310000,1500000
2017-06-01 14:40:53.970000,1.11353,1.1135,1000000,1500000
2017-06-01 14:40:54.596000,1.11353,1.1135,1000000,1750000
2017-06-01 14:40:54.997000,1.11356,1.11354,3000000,1000000
2017-06-01 14:40:55.199000,1.11358,1.11355,1000000,1000000
2017-06-01 14:40:55.802000,1.11357,1.11355,1000000,1250000
2017-06-01 14:40:56.008000,1.11358,1.11355,1870000,2000000
2017-06-01 14:40:56.474000,1.11356,1.11353,1000000,4760000
2017-06-01 14:40:56.888000,1.11356,1.11355,1120000,1000000
2017-06-01 14:40:57.394000,1.11358,1.11355,1120000,2060000
2017-06-01 14:40:58.153000,1.11359,1.11355,1500000,2060000
2017-06-01 14:40:59.002000,1.11357,1.11356,1000000,1000000
2017-06-01 14:41:00.274000,1.11357,1.11355,1000000,1310000
2017-06-01 14:41:00.581000,1.11357,1.11356,1120000,1000000
2017-06-01 14:41:00.943000,1.11356,1.11354,1000000,1690000
2017-06-01 14:41:01.492000,1.11357,1.11354,1120000,2440000
2017-06-01 14:41:02.514000,1.11357,1.11355,1000000,2060000
2017-06-01 14:41:02.769000,1.11359,1.11355,4870000,2060000
2017-06-01 14:41:03.280000,1.11358,1.11355,1500000,2060000
2017-06-01 14:41:04.354000,1.11357,1.11355,1000000,1620000
2017-06-01 14:41:08.391000,1.11357,1.11355,1000000,1690000
2017-06-01 14:41:10.125000,1.11355,1.11354,2250000,1000000
2017-06-01 14:41:10.332000,1.11355,1.11351,7310000,1370000
2017-06-01 14:41:10.589000,1.11353,1.11351,1000000,1120000
2017-06-01 14:41:10.743000,1.11355,1.11351,8060000,1370000
2017-06-01 14:41:11.290000,1.11354,1.11351,1870000,4870000
2017-06-01 14:41:11.421000,1.11355,1.11352,4310000,1120000
2017-06-01 14:41:11.966000,1.11356,1.11355,1000000,1000000
2017-06-01 14:41:12.225000,1.11357,1.11355,1000000,1250000
2017-06-01 14:41:12.707000,1.11359,1.11355,6750000,1620000
2017-06-01 14:41:12.860000,1.11358,1.11353,4390000,1750000
2017-06-01 14:41:13.166000,1.11355,1.11352,1000000,2440000
2017-06-01 14:41:15.369000,1.11357,1.11354,1000000,3410000
2017-06-01 14:41:15.731000,1.11356,1.11354,1000000,2810000
2017-06-01 14:41:16.041000,1.11355,1.11353,1000000,1870000
2017-06-01 14:41:17.267000,1.11356,1.11353,1000000,1870000
2017-06-01 14:41:20.018000,1.11355,1.11353,1000000,1500000
2017-06-01 14:41:20.528000,1.11356,1.11354,1000000,1000000
2017-06-01 14:41:21.058000,1.11356,1.11352,1000000,5660000
2017-06-01 14:41:21.578000,1.11355,1.11352,3000000,1500000
2017-06-01 14:41:23.621000,1.11356,1.11353,1000000,8440000
2017-06-01 14:41:24.143000,1.11356,1.11354,1000000,1500000
2017-06-01 14:41:25.838000,1.11357,1.11355,1000000,1000000
2017-06-01 14:41:26.582000,1.11356,1.11354,1000000,1120000
2017-06-01 14:41:27.370000,1.11357,1.11354,1500000,1000000
2017-06-01 14:41:28.332000,1.11356,1.11353,1000000,1500000
2017-06-01 14:41:28.638000,1.11354,1.11353,1000000,1000000
2017-06-01 14:41:28.689000,1.11354,1.11351,1000000,1500000
2017-06-01 14:41:29.383000,1.11353,1.1135,1120000,6370000
2017-06-01 14:41:31.255000,1.11352,1.11349,1400000,1690000
2017-06-01 14:41:31.766000,1.11352,1.11349,1000000,1000000
2017-06-01 14:41:32.370000,1.11352,1.11349,1370000,1000000
2017-06-01 14:41:32.887000,1.11351,1.11348,1000000,1310000
2017-06-01 14:41:33.389000,1.11351,1.11349,1000000,1000000
2017-06-01 14:41:34.478000,1.11352,1.11349,1000000,1120000
2017-06-01 14:41:36.462000,1.1135,1.11348,1000000,1620000
2017-06-01 14:41:36.972000,1.1135,1.11347,1000000,1370000
2017-06-01 14:41:37.482000,1.1135,1.11346,1000000,5060000
2017-06-01 14:41:38.692000,1.11351,1.11348,1310000,1120000
2017-06-01 14:41:39.195000,1.1135,1.11347,1000000,1500000
2017-06-01 14:41:39.721000,1.11349,1.11347,1000000,1000000
2017-06-01 14:41:42.442000,1.11348,1.11346,1000000,1000000
2017-06-01 14:41:42.952000,1.11348,1.11345,1000000,1370000
2017-06-01 14:41:43.479000,1.11349,1.11345,4310000,1870000
2017-06-01 14:41:43.983000,1.11348,1.11345,1120000,1500000
2017-06-01 14:41:44.527000,1.11349,1.11345,3190000,2250000
2017-06-01 14:41:45.002000,1.11351,1.11347,2060000,4500000
2017-06-01 14:41:45.512000,1.11352,1.11347,1870000,8890000
2017-06-01 14:41:46.042000,1.11352,1.11347,1870000,13010000
2017-06-01 14:41:46.553000,1.11351,1.11347,1120000,5810000
2017-06-01 14:41:46.963000,1.11349,1.11346,2620000,1370000
2017-06-01 14:41:47.066000,1.11348,1.11345,1500000,1000000
2017-06-01 14:41:47.540000,1.11347,1.11344,1870000,1500000
2017-06-01 14:41:48.256000,1.11345,1.11343,1120000,1000000
2017-06-01 14:41:48.560000,1.11343,1.1134,1500000,2620000
2017-06-01 14:41:49.066000,1.11343,1.1134,1500000,1120000
2017-06-01 14:41:50.484000,1.11344,1.1134,1000000,8160000
2017-06-01 14:41:50.637000,1.11346,1.11341,2250000,8100000
2017-06-01 14:41:50.791000,1.11347,1.11343,2060000,2620000
2017-06-01 14:41:53.736000,1.11344,1.11342,2250000,4870000
2017-06-01 14:41:53.788000,1.11342,1.11341,1500000,3000000
2017-06-01 14:41:53.839000,1.11342,1.11339,1500000,1690000
2017-06-01 14:41:54.348000,1.11342,1.1134,1000000,1250000
2017-06-01 14:41:54.892000,1.11343,1.1134,1000000,1250000
2017-06-01 14:41:55.394000,1.11344,1.1134,2250000,2060000
2017-06-01 14:41:55.987000,1.11343,1.1134,1000000,2060000
2017-06-01 14:41:56.546000,1.11344,1.11341,1870000,1120000
2017-06-01 14:41:59.517000,1.11344,1.11341,1160000,1120000
2017-06-01 14:41:59.569000,1.11344,1.11343,1000000,1000000
2017-06-01 14:41:59.672000,1.11346,1.11343,1690000,1870000
2017-06-01 14:41:59.724000,1.11344,1.11343,1000000,1120000
2017-06-01 14:42:00.157000,1.11346,1.11343,1690000,1500000
2017-06-01 14:42:08.702000,1.11347,1.11344,1500000,1720000
2017-06-01 14:42:08.855000,1.11348,1.11344,1310000,2620000
2017-06-01 14:42:09.407000,1.11347,1.11344,1000000,1870000
2017-06-01 14:42:09.510000,1.11349,1.11346,3750000,1120000
2017-06-01 14:42:09.995000,1.11347,1.11345,1000000,1120000
2017-06-01 14:42:10.097000,1.11346,1.11344,1250000,3750000
2017-06-01 14:42:10.606000,1.11345,1.11343,3000000,1000000
2017-06-01 14:42:12.249000,1.11347,1.11345,1310000,2250000
2017-06-01 14:42:12.759000,1.11346,1.11344,1000000,1000000
2017-06-01 14:42:13.064000,1.11349,1.11347,1000000,1000000
2017-06-01 14:42:13.373000,1.11346,1.11344,1000000,1000000
2017-06-01 14:42:13.887000,1.11346,1.11343,1000000,3750000
2017-06-01 14:42:14.575000,1.11346,1.11343,1000000,5440000
2017-06-01 14:42:14.678000,1.11348,1.11345,1000000,1120000
2017-06-01 14:42:15.201000,1.11348,1.11345,1000000,1090000
2017-06-01 14:42:16.119000,1.11347,1.11345,1000000,1090000
2017-06-01 14:42:16.221000,1.1135,1.11346,6560000,1590000
2017-06-01 14:42:16.323000,1.11347,1.11344,1690000,1970000
2017-06-01 14:42:16.786000,1.11346,1.11343,1310000,1000000
2017-06-01 14:42:18.106000,1.11343,1.11342,1870000,1120000
2017-06-01 14:42:18.211000,1.11341,1.11339,3970000,1000000
2017-06-01 14:42:18.372000,1.1134,1.11336,1000000,4310000
2017-06-01 14:42:19.211000,1.11339,1.11336,1120000,2620000
2017-06-01 14:42:19.365000,1.11337,1.11335,2590000,3370000
2017-06-01 14:42:19.537000,1.11335,1.11331,1310000,2620000
2017-06-01 14:42:19.639000,1.11336,1.11332,1000000,2440000
2017-06-01 14:42:19.945000,1.11337,1.11335,1000000,1120000
2017-06-01 14:42:20.200000,1.11339,1.11336,1310000,1500000
2017-06-01 14:42:20.673000,1.11337,1.11336,1000000,1000000
2017-06-01 14:42:20.725000,1.11337,1.11334,1250000,1000000
2017-06-01 14:42:21.266000,1.11337,1.11333,1310000,1500000
2017-06-01 14:42:21.564000,1.11338,1.11335,1500000,2620000
2017-06-01 14:42:21.615000,1.11339,1.11335,1310000,4500000
2017-06-01 14:42:22.133000,1.1134,1.11337,1310000,1120000
2017-06-01 14:42:22.883000,1.11336,1.11335,1000000,1500000
2017-06-01 14:42:22.937000,1.11335,1.11333,1310000,1370000
2017-06-01 14:42:22.990000,1.11335,1.11332,2810000,1000000
2017-06-01 14:42:23.509000,1.11336,1.11332,1250000,2250000
2017-06-01 14:42:24.237000,1.11337,1.11334,3190000,1000000
2017-06-01 14:42:24.999000,1.11336,1.11333,1250000,1120000
2017-06-01 14:42:25.513000,1.11337,1.11334,5060000,1000000
2017-06-01 14:42:26.082000,1.11336,1.11333,2810000,1000000
2017-06-01 14:42:26.617000,1.11336,1.11334,1310000,1000000
2017-06-01 14:42:27.419000,1.11337,1.11334,3940000,1000000
2017-06-01 14:42:27.951000,1.11337,1.11334,2060000,1000000
2017-06-01 14:42:28.105000,1.11336,1.11333,4690000,1000000
2017-06-01 14:42:28.410000,1.11334,1.11332,1690000,1000000
2017-06-01 14:42:31.686000,1.11331,1.1133,4690000,3000000
2017-06-01 14:42:31.792000,1.11328,1.11326,1000000,4870000
2017-06-01 14:42:32.306000,1.11329,1.11325,7310000,1120000
2017-06-01 14:42:35.259000,1.11326,1.11324,1000000,1500000
2017-06-01 14:42:35.311000,1.11323,1.1132,4120000,3940000
2017-06-01 14:42:35.363000,1.1132,1.11319,1000000,1000000
2017-06-01 14:42:35.709000,1.11315,1.11314,1000000,1000000
2017-06-01 14:42:36.214000,1.11316,1.11313,6190000,1000000
2017-06-01 14:42:37.171000,1.11316,1.11315,3370000,1000000
2017-06-01 14:42:37.682000,1.11317,1.11314,6940000,1000000
2017-06-01 14:42:38.212000,1.11315,1.11313,3940000,1000000
2017-06-01 14:42:40.694000,1.11315,1.11313,2810000,1000000
2017-06-01 14:42:41.245000,1.11315,1.11313,1690000,1000000
2017-06-01 14:42:42.552000,1.11313,1.11311,1000000,1870000
2017-06-01 14:42:44.210000,1.11313,1.1131,1000000,4880000
2017-06-01 14:42:44.264000,1.11311,1.11309,1120000,1370000
2017-06-01 14:42:44.471000,1.11308,1.11305,1120000,6450000
2017-06-01 14:42:44.573000,1.11307,1.11305,1370000,1000000
2017-06-01 14:42:44.894000,1.11303,1.11301,1120000,1570000
2017-06-01 14:42:45.098000,1.11303,1.11301,1000000,1500000
2017-06-01 14:42:45.753000,1.11302,1.113,1000000,2510000
2017-06-01 14:42:45.857000,1.11299,1.11297,1000000,1120000
2017-06-01 14:42:45.960000,1.11296,1.11293,1000000,4010000
2017-06-01 14:42:46.422000,1.11298,1.11296,1120000,1690000
2017-06-01 14:42:46.577000,1.11301,1.11297,3600000,6750000
2017-06-01 14:42:47.126000,1.113,1.11298,1120000,2060000
2017-06-01 14:42:47.178000,1.11301,1.11299,3750000,1000000
2017-06-01 14:42:47.714000,1.113,1.11299,1000000,1250000
2017-06-01 14:42:48.226000,1.11301,1.11299,1120000,1250000
2017-06-01 14:42:48.730000,1.11301,1.11299,1120000,2810000
2017-06-01 14:42:49.037000,1.11304,1.11302,2250000,1000000
2017-06-01 14:42:50.141000,1.11304,1.11303,1000000,1500000
2017-06-01 14:42:50.192000,1.11308,1.11307,1120000,1000000
2017-06-01 14:42:50.793000,1.11309,1.11308,1500000,1000000
2017-06-01 14:42:51.305000,1.11309,1.11306,2620000,1870000
2017-06-01 14:42:52.968000,1.11309,1.11306,1500000,2140000
2017-06-01 14:42:53.606000,1.1131,1.11306,1870000,2890000
2017-06-01 14:42:55.081000,1.11309,1.11306,1000000,1570000
2017-06-01 14:42:57.220000,1.11309,1.11307,1000000,1120000
2017-06-01 14:42:57.272000,1.1131,1.11308,1120000,2290000
2017-06-01 14:42:57.803000,1.11311,1.11308,1120000,2510000
2017-06-01 14:42:58.294000,1.11312,1.11311,1000000,1000000
2017-06-01 14:42:58.448000,1.11314,1.11313,1000000,1000000
2017-06-01 14:42:59.185000,1.11316,1.11314,2620000,1000000
2017-06-01 14:42:59.694000,1.11317,1.11314,3750000,1000000
2017-06-01 14:43:00.277000,1.11316,1.11314,1120000,1100000
2017-06-01 14:43:00.786000,1.11316,1.11314,1000000,1000000
2017-06-01 14:43:01.318000,1.11316,1.11314,1500000,1000000
2017-06-01 14:43:01.826000,1.11312,1.1131,1350000,2250000
2017-06-01 14:43:02.234000,1.11314,1.11311,1120000,1250000
2017-06-01 14:43:02.439000,1.11313,1.1131,9820000,1690000
2017-06-01 14:43:03.089000,1.11311,1.11309,1500000,1000000
2017-06-01 14:43:03.598000,1.11312,1.1131,3000000,1000000
2017-06-01 14:43:04.320000,1.11312,1.11309,1870000,1690000
2017-06-01 14:43:04.834000,1.11312,1.11309,5470000,1000000
2017-06-01 14:43:05.355000,1.1131,1.11309,1120000,1000000
2017-06-01 14:43:06.913000,1.11307,1.11305,1000000,1390000
2017-06-01 14:43:07.272000,1.11306,1.11304,1870000,1000000
2017-06-01 14:43:07.786000,1.11305,1.11303,1870000,1000000
2017-06-01 14:43:08.245000,1.11307,1.11303,3000000,1310000
2017-06-01 14:43:09.228000,1.11307,1.11305,2620000,1000000
2017-06-01 14:43:10.354000,1.11308,1.11305,1000000,1310000
2017-06-01 14:43:10.865000,1.11308,1.11305,1000000,1760000
2017-06-01 14:43:11.358000,1.11309,1.11307,1250000,1000000
2017-06-01 14:43:11.512000,1.11309,1.11306,1250000,1100000
2017-06-01 14:43:12.776000,1.11309,1.11307,1000000,1120000
2017-06-01 14:43:13.612000,1.1131,1.11308,2440000,1120000
2017-06-01 14:43:14.122000,1.11311,1.11307,4690000,1200000
2017-06-01 14:43:17.571000,1.1131,1.11306,3370000,2140000
2017-06-01 14:43:19.018000,1.1131,1.11306,1870000,1760000
2017-06-01 14:43:19.527000,1.11309,1.11306,1000000,1310000
2017-06-01 14:43:21.728000,1.11309,1.11306,1000000,2250000
2017-06-01 14:43:22.247000,1.1131,1.11307,3190000,1000000
2017-06-01 14:43:23.389000,1.1131,1.11308,3190000,1120000
2017-06-01 14:43:23.898000,1.1131,1.11307,3190000,1870000
2017-06-01 14:43:24.774000,1.1131,1.11308,3190000,1120000
2017-06-01 14:43:25.289000,1.1131,1.11307,3190000,1870000
2017-06-01 14:43:25.798000,1.1131,1.11308,3190000,1120000
2017-06-01 14:43:26.347000,1.1131,1.11307,3190000,1120000
2017-06-01 14:43:27.173000,1.1131,1.11308,3190000,1120000
2017-06-01 14:43:27.949000,1.1131,1.11307,3190000,1120000
2017-06-01 14:43:30.218000,1.11309,1.11307,1000000,1120000
2017-06-01 14:43:32.255000,1.11309,1.11307,1370000,1120000
2017-06-01 14:43:32.410000,1.11304,1.11303,1000000,1500000
2017-06-01 14:43:32.617000,1.11304,1.11302,1310000,1120000
2017-06-01 14:43:32.923000,1.11305,1.11303,3560000,1120000
2017-06-01 14:43:33.433000,1.11304,1.11302,1250000,1120000
2017-06-01 14:43:34.458000,1.11305,1.11303,3560000,1120000
2017-06-01 14:43:34.612000,1.11302,1.11299,1000000,4120000
2017-06-01 14:43:37.038000,1.11303,1.11299,1500000,4350000
2017-06-01 14:43:37.635000,1.11302,1.11299,1000000,3600000
2017-06-01 14:43:38.262000,1.11302,1.11299,1000000,2850000
2017-06-01 14:43:38.466000,1.11303,1.11301,1120000,1120000
2017-06-01 14:43:39.322000,1.11304,1.11302,1120000,4370000
2017-06-01 14:43:39.374000,1.11306,1.11304,2250000,1270000
2017-06-01 14:43:39.476000,1.11307,1.11306,1000000,1120000
2017-06-01 14:43:39.989000,1.11308,1.11306,1120000,1120000
2017-06-01 14:43:40.537000,1.11309,1.11307,3190000,1120000
2017-06-01 14:43:41.922000,1.11308,1.11307,1120000,1120000
2017-06-01 14:43:42.459000,1.11309,1.11306,4690000,1120000
2017-06-01 14:43:43.062000,1.11309,1.11306,4310000,1870000
2017-06-01 14:43:43.565000,1.11309,1.11307,4310000,1120000
2017-06-01 14:43:44.145000,1.11309,1.11307,2250000,1870000
2017-06-01 14:43:44.987000,1.11309,1.11308,2250000,1000000
2017-06-01 14:43:46.154000,1.11312,1.1131,7500000,1000000
2017-06-01 14:43:46.386000,1.11313,1.11312,3940000,1000000
2017-06-01 14:43:46.695000,1.11312,1.1131,2440000,1870000
2017-06-01 14:43:47.268000,1.11313,1.1131,1750000,1120000
2017-06-01 14:43:47.321000,1.11314,1.11312,2440000,1870000
2017-06-01 14:43:47.476000,1.11312,1.1131,1250000,2250000
2017-06-01 14:43:47.782000,1.11309,1.11308,1310000,1000000
2017-06-01 14:43:50.427000,1.1131,1.11307,5060000,1000000
2017-06-01 14:43:51.025000,1.1131,1.11308,3190000,1120000
2017-06-01 14:43:52.169000,1.1131,1.11308,1120000,3970000
2017-06-01 14:43:52.629000,1.11312,1.11309,4690000,1870000
2017-06-01 14:43:53.246000,1.11313,1.1131,3190000,1120000
2017-06-01 14:43:53.707000,1.11313,1.1131,1000000,2250000
2017-06-01 14:43:54.501000,1.11314,1.11311,3190000,1870000
2017-06-01 14:43:54.815000,1.11312,1.1131,1000000,1370000
2017-06-01 14:43:54.918000,1.11312,1.11308,1250000,2250000
2017-06-01 14:43:54.970000,1.1131,1.11307,1000000,2620000
2017-06-01 14:43:55.505000,1.11311,1.11308,1000000,1500000
2017-06-01 14:43:56.127000,1.11313,1.1131,2440000,1870000
2017-06-01 14:43:56.316000,1.11314,1.11311,5060000,1120000
2017-06-01 14:43:56.370000,1.11315,1.11311,4310000,1500000
2017-06-01 14:43:56.679000,1.11318,1.11316,2440000,1000000
2017-06-01 14:43:56.883000,1.11319,1.11316,1310000,1370000
2017-06-01 14:43:57.291000,1.11318,1.11315,1690000,1500000
2017-06-01 14:43:57.839000,1.11316,1.11313,1690000,1370000
2017-06-01 14:43:58.376000,1.11316,1.11313,1690000,1370000
2017-06-01 14:43:59.069000,1.11316,1.11313,2440000,1120000
2017-06-01 14:43:59.576000,1.11316,1.11313,2440000,1370000
2017-06-01 14:44:00.135000,1.11316,1.11313,2060000,1120000
2017-06-01 14:44:00.695000,1.11316,1.11314,1690000,1120000
2017-06-01 14:44:01.671000,1.11316,1.11314,1120000,1120000
2017-06-01 14:44:03.072000,1.11316,1.11314,1000000,1000000
2017-06-01 14:44:03.713000,1.11315,1.11314,1250000,1000000
2017-06-01 14:44:05.755000,1.11313,1.1131,3040000,2620000
2017-06-01 14:44:06.257000,1.11311,1.1131,2620000,1000000
2017-06-01 14:44:07.491000,1.11311,1.11309,4690000,1000000
2017-06-01 14:44:08.005000,1.11311,1.11309,4310000,1000000
2017-06-01 14:44:08.897000,1.11312,1.1131,1010000,1000000
2017-06-01 14:44:09.502000,1.11314,1.11311,4310000,1120000
2017-06-01 14:44:09.912000,1.11312,1.1131,4540000,1120000
2017-06-01 14:44:10.016000,1.1131,1.11309,1000000,1120000
2017-06-01 14:44:10.830000,1.11307,1.11304,3600000,3370000
2017-06-01 14:44:11.242000,1.11306,1.11303,3560000,1120000
2017-06-01 14:44:11.788000,1.11306,1.11303,3560000,1370000
2017-06-01 14:44:11.992000,1.11303,1.11301,4350000,1000000
2017-06-01 14:44:12.472000,1.11303,1.113,2620000,1120000
2017-06-01 14:44:12.981000,1.11303,1.113,2620000,1500000
2017-06-01 14:44:13.878000,1.11303,1.113,4160000,1120000
2017-06-01 14:44:14.391000,1.11303,1.113,4910000,1370000
2017-06-01 14:44:16.713000,1.11303,1.11299,5440000,2250000
2017-06-01 14:44:16.867000,1.11302,1.11299,7310000,1500000
2017-06-01 14:44:17.177000,1.11301,1.11298,5740000,1870000
2017-06-01 14:44:17.230000,1.11301,1.11298,3040000,2250000
2017-06-01 14:44:17.908000,1.11302,1.11299,5440000,1000000
2017-06-01 14:44:18.414000,1.11301,1.11298,1690000,1120000
2017-06-01 14:44:18.942000,1.11301,1.11298,1250000,1500000
2017-06-01 14:44:20.446000,1.11299,1.11298,1000000,1000000
2017-06-01 14:44:20.852000,1.11303,1.11301,1250000,2010000
2017-06-01 14:44:21.381000,1.11302,1.11299,1000000,1500000
2017-06-01 14:44:22.808000,1.11301,1.11298,2250000,2250000
2017-06-01 14:44:22.860000,1.113,1.11297,1690000,3000000
2017-06-01 14:44:23.466000,1.113,1.11299,1000000,1000000
2017-06-01 14:44:24.245000,1.11301,1.11298,1690000,1120000
2017-06-01 14:44:24.297000,1.11302,1.113,2810000,1000000
2017-06-01 14:44:25.472000,1.11303,1.113,3560000,1500000
2017-06-01 14:44:26.023000,1.11302,1.11299,2810000,1370000
2017-06-01 14:44:26.383000,1.113,1.11297,1250000,1500000
2017-06-01 14:44:27.257000,1.11302,1.11298,8440000,3000000
2017-06-01 14:44:27.766000,1.11302,1.11299,8440000,1000000
2017-06-01 14:44:28.452000,1.11302,1.11298,8440000,1370000
2017-06-01 14:44:29.005000,1.11302,1.11299,6940000,1000000
2017-06-01 14:44:29.696000,1.11302,1.11299,1500000,1120000
2017-06-01 14:44:29.798000,1.11302,1.11299,1000000,3940000
2017-06-01 14:44:30.359000,1.11303,1.113,1000000,1370000
2017-06-01 14:44:32.705000,1.11304,1.113,2440000,1500000
2017-06-01 14:44:33.215000,1.11305,1.11301,5810000,1370000
2017-06-01 14:44:33.729000,1.11304,1.11301,1690000,1120000
2017-06-01 14:44:34.238000,1.11304,1.11301,1910000,1120000
2017-06-01 14:44:34.553000,1.11305,1.11301,2810000,1370000
2017-06-01 14:44:35.106000,1.11305,1.11301,2060000,1370000
2017-06-01 14:44:35.737000,1.11305,1.11302,1310000,1370000
2017-06-01 14:44:36.348000,1.11306,1.11304,1620000,1120000
2017-06-01 14:44:36.851000,1.11306,1.11303,3190000,1000000
2017-06-01 14:44:38.203000,1.11306,1.11303,2060000,1000000
2017-06-01 14:44:38.732000,1.11304,1.11301,1000000,1750000
2017-06-01 14:44:39.257000,1.11303,1.11301,1310000,1120000
2017-06-01 14:44:39.564000,1.113,1.11297,2060000,1500000
2017-06-01 14:44:40.952000,1.113,1.11297,4540000,1370000
2017-06-01 14:44:41.480000,1.11301,1.11298,2440000,1500000
2017-06-01 14:44:42.466000,1.11301,1.11297,1690000,4500000
2017-06-01 14:44:43.072000,1.11301,1.11297,2060000,5620000
2017-06-01 14:44:44.756000,1.11303,1.11301,1250000,1000000
2017-06-01 14:44:45.273000,1.11304,1.11302,6190000,1000000
2017-06-01 14:44:46.129000,1.11304,1.11302,4310000,1000000
2017-06-01 14:44:47.258000,1.11304,1.11302,3560000,1000000
2017-06-01 14:44:47.766000,1.11304,1.11302,4310000,1000000
2017-06-01 14:44:50.966000,1.11304,1.11302,3940000,1000000
