time,ask,bid,ask_volume,bid_volume
2017-09-19 12:25:00.014000,1.11449,1.11447,1000000,3000000
2017-09-19 12:25:00.620000,1.11449,1.11447,1000000,4120000
2017-09-19 12:25:01.242000,1.11449,1.11447,1000000,2620000
2017-09-19 12:25:01.549000,1.11448,1.11446,1000000,1500000
2017-09-19 12:25:02.055000,1.11446,1.11444,1500000,2620000
2017-09-19 12:25:02.107000,1.11445,1.11443,1000000,1200000
2017-09-19 12:25:02.415000,1.11443,1.1144,2250000,3560000
2017-09-19 12:25:02.920000,1.11442,1.1144,2250000,1000000
2017-09-19 12:25:03.228000,1.11447,1.11445,1870000,3000000
2017-09-19 12:25:03.738000,1.11447,1.11445,1000000,1870000
2017-09-19 12:25:04.484000,1.11448,1.11447,1000000,1000000
2017-09-19 12:25:04.536000,1.11449,1.11448,1000000,2250000
2017-09-19 12:25:05.149000,1.11452,1.1145,1120000,1000000
2017-09-19 12:25:05.661000,1.11452,1.1145,1000000,2440000
2017-09-19 12:25:05.870000,1.11451,1.11449,1000000,3370000
2017-09-19 12:25:05.922000,1.11451,1.11448,1310000,3750000
2017-09-19 12:25:06.334000,1.1145,1.11447,1000000,2620000
2017-09-19 12:25:06.857000,1.1145,1.11448,1000000,1000000
2017-09-19 12:25:08.299000,1.1145,1.11448,1000000,1500000
2017-09-19 12:25:08.819000,1.11449,1.11447,1000000,9370000
2017-09-19 12:25:11.241000,1.11449,1.11447,1000000,1120000
2017-09-19 12:25:11.765000,1.11449,1.11447,1000000,1500000
2017-09-19 12:25:12.326000,1.11449,1.11446,1000000,7310000
2017-09-19 12:25:12.854000,1.11449,1.11447,1000000,1500000
2017-09-19 12:25:13.366000,1.11449,1.11447,1000000,1120000
2017-09-19 12:25:14.345000,1.11449,1.11446,1000000,5890000
2017-09-19 12:25:14.856000,1.11448,1.11447,1000000,1000000
2017-09-19 12:25:15.369000,1.1145,1.11448,1120000,1000000
2017-09-19 12:25:15.989000,1.1145,1.11449,1000000,1000000
2017-09-19 12:25:16.509000,1.1145,1.11448,1120000,1120000
2017-09-19 12:25:18.340000,1.11449,1.11448,1250000,1000000
2017-09-19 12:25:18.851000,1.11449,1.11447,1690000,1000000
2017-09-19 12:25:20.426000,1.11448,1.11446,1690000,1000000
2017-09-19 12:25:20.938000,1.11447,1.11445,1870000,1000000
2017-09-19 12:25:21.489000,1.11445,1.11443,1120000,1500000
2017-09-19 12:25:21.899000,1.11444,1.11442,1690000,1000000
2017-09-19 12:25:22.239000,1.11441,1.11438,1870000,8060000
2017-09-19 12:25:22.291000,1.11441,1.11438,5060000,3000000
2017-09-19 12:25:22.343000,1.11438,1.11437,1120000,3370000
2017-09-19 12:25:22.704000,1.11438,1.11436,1690000,3000000
2017-09-19 12:25:23.872000,1.11439,1.11438,1500000,1000000
2017-09-19 12:25:24.102000,1.11441,1.11438,1000000,1870000
2017-09-19 12:25:25.171000,1.11441,1.1144,1000000,2250000
2017-09-19 12:25:25.836000,1.11443,1.1144,2810000,2250000
2017-09-19 12:25:26.048000,1.11441,1.11439,2250000,1000000
2017-09-19 12:25:27.254000,1.1144,1.11438,1000000,1870000
2017-09-19 12:25:27.560000,1.11441,1.11438,1000000,1500000
2017-09-19 12:25:28.071000,1.11441,1.11439,1000000,1000000
2017-09-19 12:25:29.127000,1.11441,1.11438,1000000,1120000
2017-09-19 12:25:29.179000,1.11438,1.11436,1000000,6750000
2017-09-19 12:25:29.694000,1.11437,1.11436,1000000,2250000
2017-09-19 12:25:30.204000,1.11437,1.11435,1000000,1120000
2017-09-19 12:25:30.613000,1.11435,1.11433,1000000,1870000
2017-09-19 12:25:31.149000,1.11435,1.11433,1000000,3370000
2017-09-19 12:25:31.661000,1.11436,1.11434,1000000,1500000
2017-09-19 12:25:31.967000,1.11437,1.11436,1000000,1000000
2017-09-19 12:25:32.020000,1.1144,1.11437,1870000,2060000
2017-09-19 12:25:32.124000,1.11442,1.11438,2440000,1000000
2017-09-19 12:25:32.383000,1.11442,1.1144,1310000,1500000
2017-09-19 12:25:33.578000,1.11441,1.11438,1000000,2810000
2017-09-19 12:25:35.896000,1.11438,1.11436,1000000,1120000
2017-09-19 12:25:36.435000,1.11437,1.11434,3750000,3190000
2017-09-19 12:25:36.948000,1.11437,1.11434,1120000,1690000
2017-09-19 12:25:38.704000,1.11436,1.11434,1000000,1690000
2017-09-19 12:25:40.302000,1.11436,1.11433,1120000,1870000
2017-09-19 12:25:40.942000,1.11437,1.11435,1620000,1000000
2017-09-19 12:25:41.528000,1.11436,1.11433,1500000,1000000
2017-09-19 12:25:42.414000,1.11436,1.11433,1120000,1370000
2017-09-19 12:25:42.987000,1.11435,1.11433,1000000,1370000
2017-09-19 12:25:43.040000,1.11434,1.11432,1000000,1500000
2017-09-19 12:25:43.542000,1.11434,1.11432,1000000,1500000
2017-09-19 12:25:44.042000,1.11434,1.1143,6190000,1500000
2017-09-19 12:25:44.531000,1.11427,1.11425,1250000,2810000
2017-09-19 12:25:44.686000,1.1143,1.11427,3560000,1500000
2017-09-19 12:25:45.151000,1.11428,1.11425,1620000,1500000
2017-09-19 12:25:45.307000,1.11424,1.11422,1000000,2100000
2017-09-19 12:25:45.835000,1.11424,1.1142,1120000,2440000
2017-09-19 12:25:45.937000,1.11425,1.11424,1000000,1500000
2017-09-19 12:25:46.040000,1.11428,1.11426,3000000,1310000
2017-09-19 12:25:46.298000,1.11429,1.11428,1870000,1000000
2017-09-19 12:25:46.543000,1.11433,1.11431,1000000,3000000
2017-09-19 12:25:46.801000,1.11428,1.11425,1000000,4760000
2017-09-19 12:25:46.906000,1.11427,1.11424,2620000,1560000
2017-09-19 12:25:46.958000,1.11427,1.11423,1500000,1690000
2017-09-19 12:25:47.010000,1.11426,1.11422,1310000,5250000
2017-09-19 12:25:47.127000,1.11424,1.11422,3000000,4500000
2017-09-19 12:25:47.382000,1.11422,1.11421,1000000,1000000
2017-09-19 12:25:47.912000,1.11422,1.11419,1000000,4690000
2017-09-19 12:25:48.321000,1.11424,1.1142,1500000,4690000
2017-09-19 12:25:48.817000,1.11425,1.11422,3190000,1500000
2017-09-19 12:25:49.375000,1.11424,1.11421,1000000,4120000
2017-09-19 12:25:49.886000,1.11426,1.11423,3560000,1120000
2017-09-19 12:25:50.664000,1.11427,1.11425,2620000,1000000
2017-09-19 12:25:50.716000,1.11429,1.11426,1760000,1000000
2017-09-19 12:25:51.217000,1.11429,1.11427,1250000,1000000
2017-09-19 12:25:51.720000,1.11429,1.11427,1250000,1000000
2017-09-19 12:25:54.146000,1.1143,1.11428,1250000,1000000
2017-09-19 12:25:56.340000,1.1143,1.11428,2810000,1000000
2017-09-19 12:25:56.884000,1.1143,1.11428,1250000,1000000
2017-09-19 12:25:58.524000,1.1143,1.11429,1000000,1000000
2017-09-19 12:26:00.787000,1.11433,1.11431,1000000,1000000
2017-09-19 12:26:01.297000,1.11435,1.11432,3560000,1120000
2017-09-19 12:26:02.728000,1.11435,1.11433,2440000,1000000
2017-09-19 12:26:03.085000,1.11436,1.11433,2060000,1500000
2017-09-19 12:26:06.303000,1.11437,1.11434,3940000,1500000
2017-09-19 12:26:06.813000,1.11437,1.11435,1870000,2250000
2017-09-19 12:26:06.866000,1.11438,1.11436,2250000,1000000
2017-09-19 12:26:06.917000,1.1144,1.11437,1690000,2620000
2017-09-19 12:26:07.270000,1.11441,1.11439,1310000,1870000
2017-09-19 12:26:07.918000,1.11441,1.11439,1310000,2250000
2017-09-19 12:26:08.452000,1.11441,1.11439,1310000,1870000
2017-09-19 12:26:09.089000,1.11441,1.1144,2060000,1000000
2017-09-19 12:26:09.810000,1.11442,1.1144,1310000,1120000
2017-09-19 12:26:10.407000,1.11442,1.1144,1310000,1120000
2017-09-19 12:26:10.516000,1.11438,1.11436,1250000,2060000
2017-09-19 12:26:10.705000,1.11438,1.11435,6940000,1120000
2017-09-19 12:26:11.632000,1.11437,1.11434,5900000,1120000
2017-09-19 12:26:13.723000,1.11436,1.11433,2060000,1500000
2017-09-19 12:26:14.257000,1.11436,1.11433,1250000,2120000
2017-09-19 12:26:14.760000,1.11436,1.11433,1250000,3250000
2017-09-19 12:26:17.713000,1.11436,1.11433,1250000,2990000
2017-09-19 12:26:18.387000,1.11437,1.11433,2810000,2500000
2017-09-19 12:26:20.341000,1.11437,1.11433,4310000,2620000
2017-09-19 12:26:20.870000,1.11437,1.11433,2810000,3740000
2017-09-19 12:26:22.017000,1.11438,1.11437,1120000,1120000
2017-09-19 12:26:22.120000,1.11442,1.11439,2060000,9370000
2017-09-19 12:26:22.630000,1.11442,1.1144,1690000,12370000
2017-09-19 12:26:24.731000,1.11443,1.1144,2810000,1870000
2017-09-19 12:26:25.447000,1.11443,1.1144,2810000,1500000
2017-09-19 12:26:25.858000,1.11443,1.11441,1120000,1500000
2017-09-19 12:26:26.115000,1.11445,1.11442,2440000,1500000
2017-09-19 12:26:26.653000,1.11445,1.11443,1250000,1500000
2017-09-19 12:26:27.163000,1.11446,1.11443,1560000,1500000
2017-09-19 12:26:28.355000,1.11444,1.11442,2060000,1870000
2017-09-19 12:26:28.891000,1.11444,1.1144,1310000,5250000
2017-09-19 12:26:29.429000,1.11444,1.11441,1690000,1000000
2017-09-19 12:26:31.612000,1.11443,1.11439,3000000,1500000
2017-09-19 12:26:31.715000,1.1144,1.11438,1120000,2250000
2017-09-19 12:26:32.085000,1.1144,1.11437,1750000,1000000
2017-09-19 12:26:32.980000,1.1144,1.11436,1370000,4690000
2017-09-19 12:26:35.307000,1.11441,1.11437,1620000,2620000
2017-09-19 12:26:35.512000,1.11443,1.11439,2060000,1500000
2017-09-19 12:26:36.022000,1.11445,1.11441,2440000,1120000
2017-09-19 12:26:36.598000,1.11445,1.11441,2060000,3370000
2017-09-19 12:26:38.124000,1.11445,1.11441,2810000,2250000
2017-09-19 12:26:38.635000,1.11445,1.11441,2810000,1870000
2017-09-19 12:26:39.157000,1.11446,1.11442,2440000,2250000
2017-09-19 12:26:39.514000,1.11445,1.11441,2440000,2250000
2017-09-19 12:26:40.023000,1.11445,1.11441,2440000,1500000
2017-09-19 12:26:41.498000,1.11442,1.1144,1370000,2250000
2017-09-19 12:26:42.022000,1.11442,1.11439,1250000,1120000
2017-09-19 12:26:43.057000,1.11442,1.11438,1690000,1870000
2017-09-19 12:26:43.564000,1.11442,1.11438,2810000,1500000
2017-09-19 12:26:44.136000,1.11442,1.11438,2060000,1500000
2017-09-19 12:26:45.435000,1.11442,1.11438,2060000,1000000
2017-09-19 12:26:47.817000,1.11443,1.11439,2060000,1000000
2017-09-19 12:26:48.350000,1.11443,1.11439,1690000,1370000
2017-09-19 12:26:49.047000,1.11442,1.11439,1000000,1000000
2017-09-19 12:26:49.583000,1.11442,1.11437,2440000,3000000
2017-09-19 12:26:49.891000,1.11438,1.11436,1120000,1000000
2017-09-19 12:26:49.994000,1.11437,1.11433,1000000,2440000
2017-09-19 12:26:50.578000,1.11438,1.11434,2060000,3750000
2017-09-19 12:26:51.426000,1.11437,1.11433,1000000,3000000
2017-09-19 12:26:51.935000,1.11436,1.11432,2060000,1370000
2017-09-19 12:26:52.921000,1.11436,1.11432,2440000,1120000
2017-09-19 12:26:53.785000,1.11436,1.11432,1310000,1870000
2017-09-19 12:26:54.879000,1.11435,1.11432,1000000,1370000
2017-09-19 12:26:55.388000,1.11435,1.11432,1000000,1000000
2017-09-19 12:26:56.139000,1.11436,1.11432,2810000,1000000
2017-09-19 12:26:56.705000,1.11437,1.11432,2440000,1500000
2017-09-19 12:26:57.800000,1.11434,1.11432,1000000,2250000
2017-09-19 12:26:59.341000,1.11435,1.11432,1000000,3750000
2017-09-19 12:26:59.849000,1.11434,1.11432,1000000,4120000
2017-09-19 12:27:02.457000,1.11436,1.11433,2060000,1120000
2017-09-19 12:27:04.707000,1.11434,1.11432,1000000,2620000
2017-09-19 12:27:05.208000,1.11434,1.11432,1000000,2620000
2017-09-19 12:27:06.220000,1.11434,1.11432,1000000,2620000
2017-09-19 12:27:06.820000,1.11435,1.11432,1120000,2620000
2017-09-19 12:27:12.967000,1.11435,1.11432,1120000,1120000
2017-09-19 12:27:16.692000,1.11435,1.11432,1000000,3000000
2017-09-19 12:27:20.493000,1.11435,1.11432,1000000,3370000
2017-09-19 12:27:21.104000,1.11435,1.11432,1000000,5250000
2017-09-19 12:27:25.350000,1.11439,1.11437,4120000,2250000
2017-09-19 12:27:25.452000,1.1144,1.11438,1000000,1000000
2017-09-19 12:27:25.961000,1.11442,1.11438,3940000,1000000
2017-09-19 12:27:26.746000,1.11442,1.11438,2810000,1120000
2017-09-19 12:27:26.849000,1.11439,1.11437,1000000,3000000
2017-09-19 12:27:27.207000,1.11436,1.11434,1120000,1000000
2017-09-19 12:27:27.309000,1.11434,1.11431,2060000,2810000
2017-09-19 12:27:27.361000,1.11432,1.1143,1000000,3940000
2017-09-19 12:27:27.413000,1.11432,1.11429,1120000,1500000
2017-09-19 12:27:27.618000,1.11434,1.11431,3750000,1000000
2017-09-19 12:27:27.722000,1.11434,1.11431,1000000,1120000
2017-09-19 12:27:28.234000,1.11435,1.11431,1310000,4870000
2017-09-19 12:27:31.940000,1.11435,1.11432,1000000,1500000
2017-09-19 12:27:35.579000,1.11435,1.11432,1000000,1120000
2017-09-19 12:27:36.536000,1.11435,1.11432,1000000,1500000
2017-09-19 12:27:36.841000,1.11432,1.11431,2100000,1000000
2017-09-19 12:27:36.893000,1.11431,1.11428,1310000,1500000
2017-09-19 12:27:37.105000,1.1143,1.11427,1000000,1870000
2017-09-19 12:27:38.809000,1.11429,1.11427,1000000,1500000
2017-09-19 12:27:42.069000,1.1143,1.11427,1000000,1000000
2017-09-19 12:27:42.581000,1.11431,1.11428,2060000,1000000
2017-09-19 12:27:43.238000,1.11431,1.11427,2440000,1500000
2017-09-19 12:27:44.197000,1.11431,1.11428,1690000,1000000
2017-09-19 12:27:44.700000,1.11432,1.11428,1250000,2250000
2017-09-19 12:27:45.210000,1.11432,1.11428,4310000,1000000
2017-09-19 12:27:46.017000,1.11432,1.11428,3190000,1870000
2017-09-19 12:27:48.058000,1.11432,1.11428,1690000,3000000
2017-09-19 12:27:48.938000,1.11433,1.1143,1620000,1720000
2017-09-19 12:27:48.989000,1.11435,1.11431,7010000,1000000
2017-09-19 12:27:49.195000,1.11436,1.11433,1190000,1000000
2017-09-19 12:27:49.469000,1.11436,1.11433,1250000,1000000
2017-09-19 12:27:51.881000,1.11435,1.11432,3000000,2620000
2017-09-19 12:27:52.034000,1.11431,1.11427,1690000,4120000
2017-09-19 12:27:52.583000,1.11431,1.11427,1690000,1870000
2017-09-19 12:27:53.216000,1.1143,1.11427,1000000,1870000
2017-09-19 12:27:54.734000,1.1143,1.11426,1690000,3750000
2017-09-19 12:27:56.831000,1.1143,1.11426,3260000,2250000
2017-09-19 12:27:57.369000,1.1143,1.11426,2440000,1500000
2017-09-19 12:28:01.091000,1.1143,1.11426,2100000,1500000
2017-09-19 12:28:01.636000,1.1143,1.11426,4910000,1500000
2017-09-19 12:28:03.026000,1.1143,1.11426,4540000,1500000
2017-09-19 12:28:03.566000,1.11429,1.11425,1690000,2250000
2017-09-19 12:28:04.077000,1.11428,1.11425,3410000,1000000
2017-09-19 12:28:04.588000,1.11428,1.11425,4460000,1000000
2017-09-19 12:28:05.216000,1.11427,1.11425,1000000,1000000
2017-09-19 12:28:05.718000,1.11427,1.11423,1310000,3000000
2017-09-19 12:28:06.277000,1.11426,1.11423,1690000,1120000
2017-09-19 12:28:06.537000,1.11422,1.11419,1310000,1870000
2017-09-19 12:28:06.691000,1.1142,1.11419,1310000,1000000
2017-09-19 12:28:06.742000,1.11419,1.11416,1000000,1870000
2017-09-19 12:28:07.253000,1.11419,1.11415,2360000,1120000
2017-09-19 12:28:07.762000,1.11418,1.11414,1250000,1870000
2017-09-19 12:28:08.007000,1.11419,1.11416,2250000,3040000
2017-09-19 12:28:08.059000,1.11421,1.11417,3190000,3490000
2017-09-19 12:28:08.111000,1.11421,1.11418,1500000,1690000
2017-09-19 12:28:08.665000,1.11421,1.11419,1000000,1370000
2017-09-19 12:28:09.200000,1.11421,1.11417,1690000,1500000
2017-09-19 12:28:11.972000,1.1142,1.11417,1000000,1500000
2017-09-19 12:28:12.483000,1.11421,1.11417,1690000,1500000
2017-09-19 12:28:13.121000,1.11421,1.11417,1690000,1000000
2017-09-19 12:28:13.665000,1.11423,1.11419,6560000,1000000
2017-09-19 12:28:14.921000,1.11423,1.11419,2360000,1870000
2017-09-19 12:28:24.474000,1.11424,1.11423,1350000,1000000
2017-09-19 12:28:24.628000,1.1143,1.11427,4350000,1120000
2017-09-19 12:28:25.178000,1.1143,1.11426,2850000,1000000
2017-09-19 12:28:28.468000,1.11429,1.11426,1000000,1500000
2017-09-19 12:28:28.972000,1.1143,1.11426,2660000,1500000
2017-09-19 12:28:29.178000,1.11429,1.11426,1540000,1120000
2017-09-19 12:28:29.536000,1.11428,1.11424,5100000,1500000
2017-09-19 12:28:30.044000,1.11428,1.11424,1160000,3000000
2017-09-19 12:28:30.554000,1.11428,1.11424,1050000,2620000
2017-09-19 12:28:31.066000,1.11429,1.11425,2890000,1500000
2017-09-19 12:28:31.546000,1.11429,1.11427,1350000,1000000
2017-09-19 12:28:31.701000,1.11432,1.11427,4310000,4120000
2017-09-19 12:28:32.803000,1.11432,1.11428,1690000,1000000
2017-09-19 12:28:33.313000,1.11432,1.11429,1690000,1000000
2017-09-19 12:28:34.392000,1.11432,1.11428,1310000,2250000
2017-09-19 12:28:34.650000,1.11434,1.11429,2510000,8170000
2017-09-19 12:28:34.959000,1.11436,1.11432,6190000,1120000
2017-09-19 12:28:35.724000,1.11436,1.11432,1160000,2620000
2017-09-19 12:28:36.234000,1.11436,1.11433,1540000,1120000
2017-09-19 12:28:38.370000,1.11436,1.11432,2660000,3000000
2017-09-19 12:28:38.880000,1.11436,1.11432,1540000,3000000
2017-09-19 12:28:39.400000,1.11436,1.11433,1250000,1500000
2017-09-19 12:28:40.066000,1.11437,1.11434,1540000,1000000
2017-09-19 12:28:40.807000,1.11438,1.11434,4160000,1370000
2017-09-19 12:28:43.190000,1.11442,1.11438,3560000,2250000
2017-09-19 12:28:43.294000,1.11442,1.11438,2440000,2250000
2017-09-19 12:28:43.806000,1.11442,1.11439,1250000,1500000
2017-09-19 12:28:44.419000,1.11444,1.11439,4160000,2620000
2017-09-19 12:28:44.576000,1.11444,1.11441,1250000,1370000
2017-09-19 12:28:45.398000,1.11445,1.11441,4310000,1120000
2017-09-19 12:28:45.607000,1.11446,1.11442,2060000,1870000
2017-09-19 12:28:45.659000,1.11446,1.11443,1160000,2250000
2017-09-19 12:28:46.169000,1.11446,1.11443,1000000,2620000
2017-09-19 12:28:46.679000,1.11446,1.11443,1540000,1870000
2017-09-19 12:28:47.210000,1.11446,1.11443,1420000,2250000
2017-09-19 12:28:47.741000,1.11446,1.11443,1160000,2250000
2017-09-19 12:28:48.281000,1.11446,1.11443,2630000,1870000
2017-09-19 12:28:48.754000,1.11448,1.11445,1120000,1500000
2017-09-19 12:28:49.267000,1.11449,1.11446,1540000,1500000
2017-09-19 12:28:51.033000,1.1145,1.11446,1690000,3000000
2017-09-19 12:28:51.553000,1.1145,1.11447,1690000,1250000
2017-09-19 12:28:52.743000,1.11449,1.11447,1000000,1870000
2017-09-19 12:28:53.293000,1.1145,1.11448,1690000,1000000
2017-09-19 12:28:54.622000,1.1145,1.11447,1690000,1500000
2017-09-19 12:28:55.423000,1.11451,1.11447,2060000,3000000
2017-09-19 12:28:55.929000,1.11451,1.11448,1500000,1120000
2017-09-19 12:28:58.166000,1.11451,1.11448,1000000,4120000
2017-09-19 12:28:59.267000,1.11452,1.11448,1160000,4500000
2017-09-19 12:28:59.897000,1.11452,1.11448,2290000,3750000
2017-09-19 12:29:00.490000,1.11452,1.11449,1160000,2250000
2017-09-19 12:29:01.070000,1.11452,1.11449,1160000,3000000
2017-09-19 12:29:01.891000,1.11454,1.11451,1620000,1500000
2017-09-19 12:29:02.441000,1.11454,1.11451,1000000,2620000
2017-09-19 12:29:05.591000,1.11454,1.11451,1300000,1500000
2017-09-19 12:29:06.101000,1.11454,1.1145,1160000,3370000
2017-09-19 12:29:07.592000,1.11451,1.1145,1300000,1870000
2017-09-19 12:29:07.773000,1.11451,1.11447,1540000,3000000
2017-09-19 12:29:08.283000,1.1145,1.11447,1000000,1000000
2017-09-19 12:29:08.855000,1.11449,1.11446,1000000,1870000
2017-09-19 12:29:09.806000,1.1145,1.11446,2470000,1000000
2017-09-19 12:29:11.223000,1.1145,1.11446,2290000,1000000
2017-09-19 12:29:11.734000,1.11449,1.11445,1720000,1870000
2017-09-19 12:29:13.800000,1.11452,1.11449,1120000,1000000
2017-09-19 12:29:13.903000,1.1146,1.11457,1370000,1120000
2017-09-19 12:29:14.056000,1.11462,1.11457,2660000,3410000
2017-09-19 12:29:14.617000,1.11462,1.11457,2060000,1690000
2017-09-19 12:29:14.969000,1.11465,1.11461,2660000,1120000
2017-09-19 12:29:15.022000,1.11465,1.11461,1250000,2250000
2017-09-19 12:29:15.533000,1.11467,1.11463,1540000,1120000
2017-09-19 12:29:16.509000,1.11467,1.11463,1160000,2250000
2017-09-19 12:29:20.113000,1.11467,1.11463,1160000,3000000
2017-09-19 12:29:21.238000,1.11467,1.11463,1250000,2620000
2017-09-19 12:29:21.777000,1.11467,1.11463,1160000,2620000
2017-09-19 12:29:22.301000,1.11467,1.11463,1160000,2250000
2017-09-19 12:29:22.917000,1.11467,1.11464,1160000,1000000
2017-09-19 12:29:24.037000,1.11467,1.11463,1160000,2250000
2017-09-19 12:29:24.588000,1.11467,1.11463,1050000,2620000
2017-09-19 12:29:26.385000,1.11467,1.11463,1160000,2250000
2017-09-19 12:29:26.694000,1.11465,1.11463,1870000,1000000
2017-09-19 12:29:26.848000,1.11463,1.1146,1500000,2250000
2017-09-19 12:29:30.092000,1.11465,1.11463,1870000,1000000
2017-09-19 12:29:30.401000,1.11462,1.1146,1690000,3450000
2017-09-19 12:29:30.621000,1.11461,1.11457,3790000,1000000
2017-09-19 12:29:31.132000,1.11461,1.11456,3790000,2060000
2017-09-19 12:29:35.676000,1.11461,1.11457,1690000,1000000
2017-09-19 12:29:35.779000,1.11461,1.11459,1000000,1000000
2017-09-19 12:29:36.287000,1.11463,1.11459,1690000,1870000
2017-09-19 12:29:36.902000,1.11463,1.1146,1620000,1000000
2017-09-19 12:29:37.314000,1.1147,1.11467,1390000,1000000
2017-09-19 12:29:37.367000,1.11472,1.11468,1190000,2250000
2017-09-19 12:29:37.880000,1.11473,1.11469,1310000,1120000
2017-09-19 12:29:38.313000,1.1147,1.11468,2890000,1100000
2017-09-19 12:29:39.213000,1.11472,1.11467,2060000,1200000
2017-09-19 12:29:40.150000,1.11471,1.11467,1120000,1000000
2017-09-19 12:29:41.769000,1.1147,1.11464,2810000,2320000
2017-09-19 12:29:41.821000,1.1147,1.11464,2810000,1950000
2017-09-19 12:29:42.081000,1.11468,1.11465,1120000,1000000
2017-09-19 12:29:42.773000,1.11468,1.11465,1370000,1000000
2017-09-19 12:29:43.287000,1.11469,1.11464,2060000,1100000
2017-09-19 12:29:46.263000,1.1147,1.11463,4310000,1390000
2017-09-19 12:29:46.571000,1.11465,1.1146,3940000,1000000
2017-09-19 12:29:47.097000,1.11465,1.11458,3190000,1100000
2017-09-19 12:29:47.770000,1.11465,1.11459,4010000,1000000
2017-09-19 12:29:50.076000,1.11466,1.11459,4570000,1000000
2017-09-19 12:29:50.179000,1.11466,1.11462,1200000,1000000
2017-09-19 12:29:50.231000,1.11469,1.11462,2510000,1000000
2017-09-19 12:29:50.925000,1.1147,1.11462,3260000,1000000
2017-09-19 12:29:51.496000,1.1147,1.11461,4390000,1250000
2017-09-19 12:29:52.081000,1.11469,1.1146,1390000,1250000
2017-09-19 12:29:53.616000,1.11464,1.1146,1000000,1000000
2017-09-19 12:29:54.084000,1.11464,1.11458,1250000,1000000
2017-09-19 12:29:55.205000,1.11465,1.11458,2140000,1000000
2017-09-19 12:29:55.521000,1.11463,1.11458,1000000,1000000
2017-09-19 12:29:55.829000,1.11468,1.11462,1370000,1370000
2017-09-19 12:29:55.881000,1.11468,1.11462,1000000,1370000
2017-09-19 12:29:55.934000,1.1147,1.11466,1500000,1000000
2017-09-19 12:29:57.430000,1.1147,1.11468,1000000,1000000
2017-09-19 12:29:57.532000,1.11474,1.11469,2700000,1000000
2017-09-19 12:29:57.635000,1.11475,1.11471,2250000,1000000
2017-09-19 12:29:57.687000,1.11477,1.11471,1200000,1000000
2017-09-19 12:29:58.496000,1.11473,1.11471,1000000,1000000
2017-09-19 12:29:58.548000,1.11471,1.11467,1000000,1000000
2017-09-19 12:29:58.802000,1.11471,1.11464,1760000,1000000
2017-09-19 12:29:59.314000,1.11473,1.11466,1010000,1000000
2017-09-19 12:29:59.468000,1.11475,1.11467,2140000,1250000
2017-09-19 12:30:00.017000,1.11475,1.11467,1690000,1000000
2017-09-19 12:30:00.068000,1.11469,1.11466,1000000,1250000
2017-09-19 12:30:00.120000,1.11466,1.11462,1690000,1000000
2017-09-19 12:30:00.173000,1.11465,1.11459,1190000,2250000
2017-09-19 12:30:00.275000,1.11466,1.1146,1500000,1250000
2017-09-19 12:30:00.327000,1.11466,1.11459,2250000,1390000
2017-09-19 12:30:00.378000,1.11465,1.11459,1000000,3190000
2017-09-19 12:30:00.818000,1.11468,1.11459,1100000,1000000
2017-09-19 12:30:00.975000,1.11468,1.11466,1100000,2250000
2017-09-19 12:30:01.027000,1.11478,1.11473,2620000,1000000
2017-09-19 12:30:01.079000,1.11489,1.1148,1500000,1690000
2017-09-19 12:30:01.223000,1.11489,1.11486,1120000,1190000
2017-09-19 12:30:01.380000,1.11497,1.11488,1250000,1000000
2017-09-19 12:30:01.433000,1.11492,1.11488,1500000,1000000
2017-09-19 12:30:01.690000,1.11497,1.11489,4690000,1000000
2017-09-19 12:30:01.793000,1.115,1.11489,1310000,1000000
2017-09-19 12:30:01.938000,1.11501,1.11492,1690000,1000000
2017-09-19 12:30:02.450000,1.11501,1.11497,1570000,1250000
2017-09-19 12:30:02.502000,1.11506,1.11497,1190000,1250000
2017-09-19 12:30:02.748000,1.11506,1.115,1000000,1000000
2017-09-19 12:30:03.211000,1.11508,1.115,1690000,1010000
2017-09-19 12:30:03.263000,1.11508,1.115,1190000,1000000
2017-09-19 12:30:03.815000,1.11506,1.115,1190000,1000000
2017-09-19 12:30:04.447000,1.11503,1.115,1000000,1000000
2017-09-19 12:30:04.757000,1.11505,1.115,1500000,1000000
2017-09-19 12:30:04.809000,1.11503,1.11497,1190000,1000000
2017-09-19 12:30:04.912000,1.11499,1.11492,1250000,1070000
2017-09-19 12:30:04.964000,1.11499,1.11492,1190000,3000000
2017-09-19 12:30:05.271000,1.11493,1.11489,1000000,1100000
2017-09-19 12:30:05.783000,1.11489,1.11486,1000000,2250000
2017-09-19 12:30:05.835000,1.11488,1.11484,1000000,1950000
2017-09-19 12:30:06.024000,1.1149,1.11486,1000000,1000000
2017-09-19 12:30:06.536000,1.11492,1.11486,1690000,1000000
2017-09-19 12:30:07.157000,1.11492,1.11487,1000000,1000000
2017-09-19 12:30:07.720000,1.11491,1.11487,1000000,1000000
2017-09-19 12:30:08.332000,1.11494,1.11489,1760000,1000000
2017-09-19 12:30:08.486000,1.11499,1.11493,1310000,1500000
2017-09-19 12:30:08.939000,1.115,1.11495,1190000,1000000
2017-09-19 12:30:09.195000,1.11494,1.11488,1000000,1070000
2017-09-19 12:30:09.247000,1.11496,1.11493,1000000,1000000
2017-09-19 12:30:09.602000,1.11499,1.11493,1000000,1000000
2017-09-19 12:30:09.960000,1.11496,1.11493,1250000,1000000
2017-09-19 12:30:10.013000,1.11496,1.11491,1250000,1000000
2017-09-19 12:30:10.116000,1.11496,1.11488,1190000,1000000
2017-09-19 12:30:10.837000,1.11497,1.11489,1950000,1100000
2017-09-19 12:30:10.890000,1.11497,1.11491,1760000,1000000
2017-09-19 12:30:11.407000,1.11497,1.11492,2250000,1120000
2017-09-19 12:30:12.046000,1.11497,1.11492,1000000,1000000
2017-09-19 12:30:12.549000,1.11498,1.11493,1000000,1000000
2017-09-19 12:30:13.117000,1.11499,1.11493,1310000,1570000
2017-09-19 12:30:13.220000,1.11503,1.11496,1010000,1500000
2017-09-19 12:30:13.573000,1.11505,1.115,1950000,1120000
2017-09-19 12:30:13.881000,1.11502,1.11498,1000000,1000000
2017-09-19 12:30:14.227000,1.11498,1.11495,1500000,1000000
2017-09-19 12:30:14.592000,1.11499,1.11497,1250000,1500000
2017-09-19 12:30:14.697000,1.11506,1.11499,3260000,1190000
2017-09-19 12:30:14.749000,1.11506,1.11499,1010000,1310000
2017-09-19 12:30:14.852000,1.11506,1.11499,2510000,1000000
2017-09-19 12:30:15.169000,1.11505,1.11501,2000000,1000000
2017-09-19 12:30:15.922000,1.11504,1.115,1000000,1000000
2017-09-19 12:30:16.229000,1.11505,1.11503,1000000,1000000
2017-09-19 12:30:16.754000,1.11505,1.11503,1370000,1000000
2017-09-19 12:30:17.116000,1.11505,1.11501,1370000,3000000
2017-09-19 12:30:18.642000,1.11506,1.11502,1500000,1120000
2017-09-19 12:30:18.799000,1.11507,1.11504,2060000,1000000
2017-09-19 12:30:19.111000,1.1151,1.11507,1690000,1000000
2017-09-19 12:30:19.438000,1.11507,1.11504,1250000,3070000
2017-09-19 12:30:19.540000,1.11506,1.11503,1000000,1000000
2017-09-19 12:30:20.052000,1.11506,1.11502,1250000,1500000
2017-09-19 12:30:20.266000,1.11508,1.11507,3000000,1120000
2017-09-19 12:30:20.322000,1.1151,1.11506,1690000,1120000
2017-09-19 12:30:20.681000,1.11512,1.11507,2440000,4690000
2017-09-19 12:30:21.174000,1.11511,1.11509,1870000,1120000
2017-09-19 12:30:21.381000,1.11511,1.11507,2810000,1500000
2017-09-19 12:30:21.535000,1.11511,1.11507,1870000,2060000
2017-09-19 12:30:22.063000,1.11511,1.11507,2060000,1870000
2017-09-19 12:30:22.947000,1.11511,1.11507,2060000,1870000
2017-09-19 12:30:23.052000,1.11506,1.11502,1500000,1620000
2017-09-19 12:30:23.574000,1.11506,1.11502,1500000,1310000
2017-09-19 12:30:25.951000,1.11506,1.11501,2060000,2060000
2017-09-19 12:30:26.461000,1.11506,1.11501,1690000,2440000
2017-09-19 12:30:27.135000,1.11503,1.11501,1000000,1620000
2017-09-19 12:30:27.189000,1.11503,1.11499,1870000,1310000
2017-09-19 12:30:27.740000,1.11503,1.11499,1570000,1250000
2017-09-19 12:30:28.254000,1.115,1.11497,1250000,1870000
2017-09-19 12:30:28.606000,1.11497,1.11494,1500000,2620000
2017-09-19 12:30:28.941000,1.11497,1.11493,1500000,1310000
2017-09-19 12:30:29.714000,1.11497,1.11492,2250000,1690000
2017-09-19 12:30:31.334000,1.11497,1.11493,3750000,1690000
2017-09-19 12:30:31.388000,1.11493,1.11491,1500000,1120000
2017-09-19 12:30:31.767000,1.11492,1.11489,1370000,1000000
2017-09-19 12:30:32.073000,1.1149,1.11486,2440000,3000000
2017-09-19 12:30:32.280000,1.11487,1.11484,1870000,1120000
2017-09-19 12:30:32.383000,1.11487,1.11483,2060000,2620000
2017-09-19 12:30:32.589000,1.11489,1.11486,1570000,1250000
2017-09-19 12:30:32.772000,1.11491,1.11487,1000000,2440000
2017-09-19 12:30:33.301000,1.11491,1.11488,1000000,2250000
2017-09-19 12:30:33.855000,1.11492,1.11489,1690000,1000000
2017-09-19 12:30:35.135000,1.11493,1.11491,2440000,1120000
2017-09-19 12:30:35.292000,1.11499,1.11497,1120000,2620000
2017-09-19 12:30:35.844000,1.11501,1.11497,2060000,2620000
2017-09-19 12:30:36.379000,1.11501,1.11497,1250000,1120000
2017-09-19 12:30:37.219000,1.11501,1.11496,2440000,2810000
2017-09-19 12:30:37.729000,1.11503,1.11499,3260000,1500000
2017-09-19 12:30:38.582000,1.115,1.11499,1000000,1000000
2017-09-19 12:30:38.634000,1.11499,1.11496,1310000,1120000
2017-09-19 12:30:39.141000,1.11499,1.11496,2060000,1000000
2017-09-19 12:30:39.676000,1.11499,1.11495,2060000,1120000
2017-09-19 12:30:39.881000,1.11497,1.11493,3190000,1120000
2017-09-19 12:30:40.286000,1.11495,1.11492,1690000,1000000
2017-09-19 12:30:41.127000,1.11493,1.1149,1310000,3370000
2017-09-19 12:30:41.490000,1.11493,1.1149,2440000,1000000
2017-09-19 12:30:41.993000,1.11493,1.11489,1940000,1870000
2017-09-19 12:30:42.098000,1.11498,1.11494,2510000,1120000
2017-09-19 12:30:42.614000,1.11498,1.11495,2060000,1500000
2017-09-19 12:30:43.149000,1.11498,1.11495,1690000,1500000
2017-09-19 12:30:44.161000,1.115,1.11496,1560000,1500000
2017-09-19 12:30:44.712000,1.115,1.11496,1560000,1500000
2017-09-19 12:30:45.550000,1.11501,1.11498,2810000,1000000
2017-09-19 12:30:45.653000,1.11503,1.115,2890000,1000000
2017-09-19 12:30:46.169000,1.11503,1.115,1690000,1000000
2017-09-19 12:30:48.780000,1.11504,1.11502,2060000,1000000
2017-09-19 12:30:48.832000,1.11505,1.11502,1120000,3000000
2017-09-19 12:30:50.086000,1.11504,1.11501,1120000,1500000
2017-09-19 12:30:50.189000,1.11503,1.11501,2250000,1000000
2017-09-19 12:30:50.344000,1.11505,1.11501,1690000,1120000
2017-09-19 12:30:51.263000,1.11505,1.11501,1690000,1120000
2017-09-19 12:30:51.924000,1.11504,1.115,1310000,3370000
2017-09-19 12:30:52.444000,1.11503,1.115,1120000,1120000
2017-09-19 12:30:52.751000,1.11502,1.11498,1690000,2620000
2017-09-19 12:30:53.272000,1.11502,1.11498,1500000,4690000
2017-09-19 12:30:53.324000,1.11504,1.115,1120000,3000000
2017-09-19 12:30:53.838000,1.11506,1.11502,2060000,2250000
2017-09-19 12:30:54.751000,1.11506,1.11502,1620000,3370000
2017-09-19 12:30:55.446000,1.11506,1.11502,1250000,3750000
2017-09-19 12:30:56.023000,1.11507,1.11503,2620000,2620000
2017-09-19 12:30:56.227000,1.11508,1.11504,1500000,1870000
2017-09-19 12:30:56.482000,1.11506,1.11504,2100000,1120000
2017-09-19 12:30:56.993000,1.11505,1.11502,1120000,3370000
2017-09-19 12:30:57.499000,1.11505,1.11502,1120000,1370000
2017-09-19 12:30:58.018000,1.11505,1.11502,1500000,1000000
2017-09-19 12:31:00.162000,1.11504,1.11501,1120000,1500000
2017-09-19 12:31:00.523000,1.11505,1.11502,1500000,2620000
2017-09-19 12:31:00.575000,1.11507,1.11504,1000000,1500000
2017-09-19 12:31:00.721000,1.11508,1.11507,1500000,1000000
2017-09-19 12:31:00.772000,1.11512,1.11509,2440000,1120000
2017-09-19 12:31:00.877000,1.11513,1.11511,2620000,2850000
2017-09-19 12:31:00.981000,1.11518,1.11514,2810000,1000000
2017-09-19 12:31:01.135000,1.11518,1.11516,1120000,1000000
2017-09-19 12:31:01.641000,1.11519,1.11517,1250000,2470000
2017-09-19 12:31:02.153000,1.11518,1.11516,1120000,1000000
2017-09-19 12:31:03.426000,1.11519,1.11517,2250000,1000000
2017-09-19 12:31:03.749000,1.11522,1.11518,3190000,2620000
2017-09-19 12:31:04.260000,1.11521,1.11517,3400000,1870000
2017-09-19 12:31:06.117000,1.11519,1.11518,1000000,1000000
2017-09-19 12:31:06.380000,1.11519,1.11517,4690000,1120000
2017-09-19 12:31:07.342000,1.1152,1.11519,1690000,1120000
2017-09-19 12:31:07.444000,1.11524,1.1152,2440000,3220000
2017-09-19 12:31:07.847000,1.11525,1.11523,1190000,1000000
2017-09-19 12:31:08.919000,1.11525,1.11523,1000000,1000000
2017-09-19 12:31:09.674000,1.11527,1.11523,1000000,3370000
2017-09-19 12:31:09.929000,1.1153,1.11525,5710000,2620000
2017-09-19 12:31:10.472000,1.1153,1.11527,4130000,1000000
2017-09-19 12:31:11.120000,1.1153,1.11527,2810000,1870000
2017-09-19 12:31:11.636000,1.1153,1.11527,3190000,1120000
2017-09-19 12:31:12.157000,1.11531,1.11527,2620000,3000000
2017-09-19 12:31:12.466000,1.11537,1.11533,5060000,5250000
2017-09-19 12:31:12.774000,1.11531,1.1153,1250000,1000000
2017-09-19 12:31:13.740000,1.11533,1.11529,1500000,2620000
2017-09-19 12:31:13.791000,1.11533,1.1153,1310000,1000000
2017-09-19 12:31:13.844000,1.11533,1.1153,1310000,1870000
2017-09-19 12:31:14.049000,1.11537,1.11533,6750000,1500000
2017-09-19 12:31:14.207000,1.11537,1.11533,2810000,3000000
2017-09-19 12:31:16.713000,1.1154,1.11539,2250000,1250000
2017-09-19 12:31:16.764000,1.11538,1.11536,1000000,2250000
2017-09-19 12:31:16.968000,1.11542,1.11539,1120000,1870000
2017-09-19 12:31:17.220000,1.11543,1.1154,4120000,1560000
2017-09-19 12:31:17.934000,1.11543,1.1154,3940000,1370000
2017-09-19 12:31:18.089000,1.11541,1.11539,2810000,1500000
2017-09-19 12:31:18.192000,1.11543,1.1154,2620000,1000000
2017-09-19 12:31:18.343000,1.11544,1.11543,1690000,2060000
2017-09-19 12:31:18.446000,1.11548,1.11545,2620000,5620000
2017-09-19 12:31:18.960000,1.11549,1.11546,1320000,9370000
2017-09-19 12:31:19.476000,1.11549,1.11546,2070000,1500000
2017-09-19 12:31:19.805000,1.11545,1.11544,18000000,1200000
2017-09-19 12:31:19.908000,1.11545,1.11542,9940000,1640000
2017-09-19 12:31:20.409000,1.11544,1.11541,10690000,1500000
2017-09-19 12:31:20.767000,1.11543,1.1154,9000000,1000000
2017-09-19 12:31:21.286000,1.11543,1.11539,10120000,3030000
2017-09-19 12:31:22.173000,1.11539,1.11538,8440000,2620000
2017-09-19 12:31:22.328000,1.11536,1.11533,1500000,2470000
2017-09-19 12:31:22.857000,1.11536,1.11532,2620000,1390000
2017-09-19 12:31:23.367000,1.11536,1.11532,3000000,1100000
2017-09-19 12:31:23.719000,1.11538,1.11534,3370000,3560000
2017-09-19 12:31:23.823000,1.11539,1.11535,3190000,1760000
2017-09-19 12:31:24.132000,1.11537,1.11534,2440000,1310000
2017-09-19 12:31:24.440000,1.11537,1.11533,2060000,2730000
2017-09-19 12:31:24.957000,1.11536,1.11533,1870000,2250000
2017-09-19 12:31:25.459000,1.11536,1.11533,1870000,2250000
2017-09-19 12:31:26.040000,1.11536,1.11533,1120000,1870000
2017-09-19 12:31:27.176000,1.11537,1.11533,3560000,1120000
2017-09-19 12:31:28.962000,1.11537,1.11533,4310000,1120000
2017-09-19 12:31:29.592000,1.11537,1.11534,3560000,1000000
2017-09-19 12:31:30.143000,1.11537,1.11534,2060000,1120000
2017-09-19 12:31:33.169000,1.11537,1.11535,1500000,1000000
2017-09-19 12:31:35.702000,1.11536,1.11534,1120000,1000000
2017-09-19 12:31:36.215000,1.11536,1.11533,1120000,1120000
2017-09-19 12:31:36.472000,1.11537,1.11535,1310000,1000000
2017-09-19 12:31:36.820000,1.11543,1.11541,2060000,1000000
2017-09-19 12:31:38.618000,1.11543,1.1154,1690000,1000000
2017-09-19 12:31:39.898000,1.11542,1.11539,1250000,1100000
2017-09-19 12:31:41.253000,1.11543,1.1154,2060000,1000000
2017-09-19 12:31:41.661000,1.11538,1.11537,1250000,1000000
2017-09-19 12:31:41.713000,1.11541,1.11537,3560000,1720000
2017-09-19 12:31:42.115000,1.11542,1.11538,2810000,1000000
2017-09-19 12:31:42.880000,1.11541,1.11537,1500000,2700000
2017-09-19 12:31:44.425000,1.11542,1.11539,2060000,1120000
2017-09-19 12:31:44.753000,1.11544,1.11543,1690000,1300000
2017-09-19 12:31:45.539000,1.11543,1.11542,1000000,4160000
2017-09-19 12:31:45.881000,1.11537,1.11535,1000000,1200000
2017-09-19 12:31:47.172000,1.11537,1.11536,1500000,1000000
2017-09-19 12:31:48.420000,1.11537,1.11535,4560000,1500000
2017-09-19 12:31:48.937000,1.11537,1.11535,1250000,1300000
2017-09-19 12:31:49.442000,1.11536,1.11534,1000000,3220000
2017-09-19 12:31:50.392000,1.11538,1.11536,2250000,1250000
2017-09-19 12:31:50.494000,1.11539,1.11538,7500000,1000000
2017-09-19 12:31:50.597000,1.11542,1.11538,3370000,4910000
2017-09-19 12:31:51.516000,1.11543,1.11539,1500000,3190000
2017-09-19 12:31:52.031000,1.11542,1.11539,1690000,2250000
2017-09-19 12:31:52.584000,1.11543,1.11539,3000000,3940000
2017-09-19 12:31:53.095000,1.11543,1.11539,4880000,3000000
2017-09-19 12:31:53.583000,1.11539,1.11538,11440000,1870000
2017-09-19 12:31:53.889000,1.11537,1.11536,1000000,1000000
2017-09-19 12:31:54.246000,1.11537,1.11535,1880000,1000000
2017-09-19 12:31:54.755000,1.11536,1.11535,1000000,1000000
2017-09-19 12:31:55.263000,1.11537,1.11534,4130000,1120000
2017-09-19 12:31:55.621000,1.11538,1.11537,1500000,1250000
2017-09-19 12:31:55.724000,1.1154,1.11538,1000000,1120000
2017-09-19 12:31:55.877000,1.11541,1.11539,1200000,3220000
2017-09-19 12:31:55.929000,1.11542,1.1154,1120000,1300000
2017-09-19 12:31:57.746000,1.11544,1.1154,8360000,1350000
2017-09-19 12:31:58.180000,1.11542,1.1154,1250000,1350000
2017-09-19 12:31:58.848000,1.11543,1.1154,2060000,1120000
2017-09-19 12:31:59.379000,1.11542,1.11539,1500000,2100000
2017-09-19 12:32:00.574000,1.11543,1.11539,2620000,3790000
2017-09-19 12:32:01.389000,1.11544,1.11542,9940000,1000000
2017-09-19 12:32:03.759000,1.11542,1.1154,1000000,1500000
2017-09-19 12:32:04.304000,1.11544,1.11542,7310000,1000000
2017-09-19 12:32:04.822000,1.11544,1.11542,7690000,1000000
2017-09-19 12:32:05.670000,1.11544,1.11542,7310000,1000000
2017-09-19 12:32:06.079000,1.11541,1.11539,3450000,1500000
2017-09-19 12:32:06.236000,1.11541,1.11538,6190000,1120000
2017-09-19 12:32:06.746000,1.11541,1.11539,1310000,1000000
2017-09-19 12:32:07.088000,1.11538,1.11537,1120000,1120000
2017-09-19 12:32:07.346000,1.11541,1.11538,1880000,1300000
2017-09-19 12:32:09.119000,1.11539,1.11537,1250000,2250000
2017-09-19 12:32:09.222000,1.11537,1.11535,1000000,1120000
2017-09-19 12:32:09.943000,1.11537,1.11535,1000000,1500000
2017-09-19 12:32:10.453000,1.11536,1.11534,1000000,1500000
2017-09-19 12:32:10.851000,1.11533,1.1153,1870000,3820000
2017-09-19 12:32:10.902000,1.11531,1.1153,1000000,1120000
2017-09-19 12:32:11.312000,1.1153,1.11528,1000000,1500000
2017-09-19 12:32:11.516000,1.11533,1.1153,1500000,3970000
2017-09-19 12:32:11.568000,1.11534,1.1153,1870000,4350000
2017-09-19 12:32:11.620000,1.11534,1.11531,1000000,1500000
2017-09-19 12:32:12.123000,1.11534,1.11532,5250000,1370000
2017-09-19 12:32:12.430000,1.11535,1.11532,5620000,2100000
2017-09-19 12:32:12.969000,1.11534,1.11532,3190000,2100000
2017-09-19 12:32:13.480000,1.11534,1.11532,5620000,1000000
2017-09-19 12:32:14.055000,1.11535,1.11532,1690000,1500000
2017-09-19 12:32:15.246000,1.11536,1.11533,6190000,1000000
2017-09-19 12:32:15.541000,1.11537,1.11534,3190000,1500000
2017-09-19 12:32:15.695000,1.11539,1.11536,10500000,1720000
2017-09-19 12:32:16.003000,1.11539,1.11536,3000000,6040000
2017-09-19 12:32:16.105000,1.11548,1.11545,2810000,3220000
2017-09-19 12:32:16.157000,1.1155,1.11549,18520000,1120000
2017-09-19 12:32:16.494000,1.11554,1.11552,1620000,1000000
2017-09-19 12:32:17.065000,1.11554,1.11552,18559999,1000000
2017-09-19 12:32:17.677000,1.11556,1.11553,10690000,1120000
2017-09-19 12:32:18.497000,1.11551,1.1155,1500000,1000000
2017-09-19 12:32:19.043000,1.11551,1.11549,1000000,1120000
2017-09-19 12:32:19.562000,1.1155,1.11549,1000000,1000000
2017-09-19 12:32:19.971000,1.11552,1.11549,1120000,1120000
2017-09-19 12:32:20.207000,1.1155,1.11549,1000000,1120000
2017-09-19 12:32:20.940000,1.11551,1.11549,1000000,2440000
2017-09-19 12:32:21.441000,1.11552,1.1155,1000000,2440000
2017-09-19 12:32:21.706000,1.11554,1.11552,3190000,1120000
2017-09-19 12:32:22.216000,1.11555,1.11552,1000000,6220000
2017-09-19 12:32:23.573000,1.11553,1.11551,1870000,3000000
2017-09-19 12:32:23.729000,1.11552,1.11548,1690000,2700000
2017-09-19 12:32:23.832000,1.1155,1.11548,1500000,1500000
2017-09-19 12:32:25.172000,1.11549,1.11547,1000000,1000000
2017-09-19 12:32:26.059000,1.11548,1.11545,1000000,5060000
2017-09-19 12:32:26.368000,1.11545,1.11543,1000000,1870000
2017-09-19 12:32:26.747000,1.11542,1.11541,1000000,1000000
2017-09-19 12:32:26.813000,1.11542,1.1154,1000000,1000000
2017-09-19 12:32:27.324000,1.11543,1.11541,1000000,1620000
2017-09-19 12:32:27.883000,1.11543,1.11541,1000000,2810000
2017-09-19 12:32:28.425000,1.11544,1.11542,1000000,1870000
2017-09-19 12:32:28.963000,1.11545,1.11543,1000000,1250000
2017-09-19 12:32:29.272000,1.11549,1.11547,1000000,1120000
2017-09-19 12:32:30.468000,1.11553,1.11552,4870000,1120000
2017-09-19 12:32:30.696000,1.11556,1.11553,1000000,4720000
2017-09-19 12:32:30.849000,1.11555,1.11552,1000000,1690000
2017-09-19 12:32:30.902000,1.11553,1.11551,2440000,2620000
2017-09-19 12:32:30.954000,1.11551,1.11548,3000000,1870000
2017-09-19 12:32:31.008000,1.11554,1.11553,4310000,1000000
2017-09-19 12:32:31.571000,1.11554,1.11552,1000000,1000000
2017-09-19 12:32:32.337000,1.11557,1.11555,8810000,1500000
2017-09-19 12:32:32.389000,1.11559,1.11556,1200000,1500000
2017-09-19 12:32:32.543000,1.11557,1.11555,1000000,5440000
2017-09-19 12:32:32.734000,1.11561,1.11559,4870000,1120000
2017-09-19 12:32:32.940000,1.1156,1.11558,1000000,1000000
2017-09-19 12:32:33.350000,1.11561,1.11559,1000000,1500000
2017-09-19 12:32:33.610000,1.1156,1.11558,1000000,1870000
2017-09-19 12:32:34.112000,1.1156,1.11557,1000000,2810000
2017-09-19 12:32:34.267000,1.1156,1.11557,1000000,2800000
2017-09-19 12:32:34.421000,1.11558,1.11557,1000000,1000000
2017-09-19 12:32:34.936000,1.11557,1.11555,1000000,2440000
2017-09-19 12:32:34.988000,1.1156,1.11557,2440000,1120000
2017-09-19 12:32:35.091000,1.1156,1.11557,2000000,2250000
2017-09-19 12:32:35.451000,1.11562,1.1156,1200000,4160000
2017-09-19 12:32:35.989000,1.11563,1.11562,1000000,1120000
2017-09-19 12:32:36.554000,1.11562,1.11561,1000000,1310000
2017-09-19 12:32:36.707000,1.11564,1.11562,1120000,1500000
2017-09-19 12:32:37.004000,1.11568,1.11565,1620000,1120000
2017-09-19 12:32:37.056000,1.11569,1.11566,1000000,1500000
2017-09-19 12:32:37.618000,1.11569,1.11565,1310000,1870000
2017-09-19 12:32:38.206000,1.1157,1.11566,4500000,1120000
2017-09-19 12:32:38.518000,1.11571,1.11567,1120000,2060000
2017-09-19 12:32:38.673000,1.1157,1.11566,4310000,1500000
2017-09-19 12:32:38.827000,1.11569,1.11564,2810000,3370000
2017-09-19 12:32:39.140000,1.11567,1.11563,6560000,1000000
2017-09-19 12:32:40.723000,1.11565,1.11562,1000000,1690000
2017-09-19 12:32:41.029000,1.11562,1.11559,1690000,1120000
2017-09-19 12:32:41.497000,1.11558,1.11557,2250000,1000000
2017-09-19 12:32:41.548000,1.11557,1.11555,3560000,1000000
2017-09-19 12:32:41.807000,1.11559,1.11556,1310000,1000000
2017-09-19 12:32:42.402000,1.11561,1.11557,1620000,1120000
2017-09-19 12:32:42.962000,1.11561,1.11559,1370000,1120000
2017-09-19 12:32:43.270000,1.11557,1.11554,2060000,1120000
2017-09-19 12:32:43.399000,1.11557,1.11553,3000000,3000000
2017-09-19 12:32:43.909000,1.11557,1.11553,1310000,3000000
2017-09-19 12:32:46.045000,1.11557,1.11553,1620000,1870000
2017-09-19 12:32:46.548000,1.11557,1.11553,1310000,1870000
2017-09-19 12:32:47.160000,1.11557,1.11553,1370000,2060000
2017-09-19 12:32:47.775000,1.11557,1.11553,2060000,1370000
2017-09-19 12:32:48.291000,1.11556,1.11552,1370000,2060000
2017-09-19 12:32:48.444000,1.11555,1.11551,4310000,1870000
2017-09-19 12:32:48.956000,1.11554,1.11551,2510000,1000000
2017-09-19 12:32:49.485000,1.11555,1.11551,1570000,3040000
2017-09-19 12:32:49.995000,1.11555,1.11552,1570000,1000000
2017-09-19 12:32:51.110000,1.11555,1.11552,1000000,1720000
2017-09-19 12:32:51.449000,1.11555,1.11554,1000000,2100000
2017-09-19 12:32:51.614000,1.11561,1.11558,1950000,1000000
2017-09-19 12:32:51.926000,1.11563,1.11559,1690000,1500000
2017-09-19 12:32:52.432000,1.11563,1.11559,2440000,1000000
2017-09-19 12:32:53.620000,1.11563,1.1156,1370000,2100000
2017-09-19 12:32:53.722000,1.11564,1.1156,1370000,2660000
2017-09-19 12:32:53.927000,1.11565,1.11563,1000000,1500000
2017-09-19 12:32:54.439000,1.11566,1.11562,2060000,2250000
2017-09-19 12:32:54.745000,1.11565,1.11562,2060000,1000000
2017-09-19 12:32:55.280000,1.11563,1.1156,1120000,1370000
2017-09-19 12:32:55.384000,1.11562,1.11558,1000000,5440000
2017-09-19 12:32:55.901000,1.11562,1.11559,1370000,2440000
2017-09-19 12:32:56.512000,1.11563,1.11559,1870000,1620000
2017-09-19 12:32:57.079000,1.11562,1.11558,1310000,1870000
2017-09-19 12:32:57.131000,1.11562,1.11558,2000000,1870000
2017-09-19 12:32:58.189000,1.11554,1.11551,3750000,1120000
2017-09-19 12:32:58.292000,1.11552,1.1155,1000000,1000000
2017-09-19 12:33:00.774000,1.11555,1.11554,1000000,2850000
2017-09-19 12:33:00.825000,1.11558,1.11555,2250000,1540000
2017-09-19 12:33:00.877000,1.11558,1.11555,2620000,2850000
2017-09-19 12:33:00.929000,1.11558,1.11556,2250000,1870000
2017-09-19 12:33:01.455000,1.11561,1.11557,2440000,1000000
2017-09-19 12:33:01.965000,1.11561,1.11557,4420000,1000000
2017-09-19 12:33:02.170000,1.11558,1.11554,2810000,3370000
2017-09-19 12:33:02.272000,1.11557,1.11553,1000000,2250000
2017-09-19 12:33:02.786000,1.11558,1.11553,3040000,3000000
2017-09-19 12:33:03.402000,1.11558,1.11554,2290000,1000000
2017-09-19 12:33:04.397000,1.11558,1.11554,5290000,1000000
2017-09-19 12:33:04.550000,1.11555,1.11551,1500000,4310000
2017-09-19 12:33:04.909000,1.11555,1.11552,1120000,1120000
2017-09-19 12:33:04.961000,1.11556,1.11553,1000000,1120000
2017-09-19 12:33:05.177000,1.11556,1.11552,1750000,2250000
2017-09-19 12:33:05.535000,1.11553,1.1155,3940000,1100000
2017-09-19 12:33:05.588000,1.11552,1.11549,1370000,1250000
2017-09-19 12:33:05.691000,1.11551,1.11547,1120000,1690000
2017-09-19 12:33:06.105000,1.11551,1.11547,1750000,2060000
2017-09-19 12:33:06.463000,1.11549,1.11546,1750000,1500000
2017-09-19 12:33:06.975000,1.11548,1.11545,1750000,2250000
2017-09-19 12:33:07.515000,1.11548,1.11545,3750000,1000000
2017-09-19 12:33:08.025000,1.11547,1.11544,1870000,1310000
2017-09-19 12:33:08.595000,1.11545,1.11543,1120000,1870000
2017-09-19 12:33:08.646000,1.11545,1.11542,2060000,1500000
2017-09-19 12:33:09.158000,1.11545,1.11542,1310000,1120000
2017-09-19 12:33:09.835000,1.11543,1.11541,1500000,1870000
2017-09-19 12:33:10.295000,1.11545,1.11543,1500000,1690000
2017-09-19 12:33:10.346000,1.11545,1.11543,1120000,2060000
2017-09-19 12:33:10.916000,1.11546,1.11543,1000000,2810000
2017-09-19 12:33:11.464000,1.11545,1.11543,1000000,2250000
2017-09-19 12:33:12.720000,1.11547,1.11544,1500000,1620000
2017-09-19 12:33:13.316000,1.1155,1.11546,2250000,3190000
2017-09-19 12:33:13.374000,1.1155,1.11547,1870000,2250000
2017-09-19 12:33:14.480000,1.11549,1.11545,2060000,5700000
2017-09-19 12:33:14.686000,1.11547,1.11545,1500000,1000000
2017-09-19 12:33:15.598000,1.11547,1.11544,2250000,1000000
2017-09-19 12:33:16.110000,1.11546,1.11544,1500000,1000000
2017-09-19 12:33:16.263000,1.11547,1.11545,3370000,2620000
2017-09-19 12:33:16.766000,1.11546,1.11544,1120000,1620000
2017-09-19 12:33:17.278000,1.11547,1.11544,1120000,1310000
2017-09-19 12:33:17.800000,1.11547,1.11545,1370000,2250000
2017-09-19 12:33:18.346000,1.11547,1.11544,1120000,1310000
2017-09-19 12:33:19.254000,1.11547,1.11543,1120000,2810000
2017-09-19 12:33:20.533000,1.11549,1.11547,1000000,1000000
2017-09-19 12:33:20.585000,1.11549,1.11546,1370000,1870000
2017-09-19 12:33:20.946000,1.11552,1.11548,3000000,4880000
2017-09-19 12:33:21.104000,1.11553,1.1155,1750000,1120000
2017-09-19 12:33:21.620000,1.11553,1.1155,1500000,1120000
2017-09-19 12:33:21.673000,1.11551,1.11549,1000000,1500000
2017-09-19 12:33:21.776000,1.11549,1.11546,1500000,3000000
2017-09-19 12:33:22.323000,1.11549,1.11546,1500000,2250000
2017-09-19 12:33:23.120000,1.11549,1.11547,1370000,1000000
2017-09-19 12:33:23.631000,1.11549,1.11546,1870000,1870000
2017-09-19 12:33:24.326000,1.11547,1.11545,1000000,1690000
2017-09-19 12:33:26.609000,1.11547,1.11544,1750000,1690000
2017-09-19 12:33:27.120000,1.11547,1.11544,2620000,1500000
2017-09-19 12:33:27.827000,1.11545,1.11542,3970000,2060000
2017-09-19 12:33:27.929000,1.11544,1.11541,2620000,1120000
2017-09-19 12:33:27.981000,1.11544,1.11543,1120000,1000000
2017-09-19 12:33:28.288000,1.11547,1.11545,1370000,1000000
2017-09-19 12:33:28.558000,1.11548,1.11545,1370000,1120000
2017-09-19 12:33:28.969000,1.1155,1.11547,2440000,1000000
2017-09-19 12:33:29.317000,1.11551,1.11549,1370000,2250000
2017-09-19 12:33:29.731000,1.11548,1.11546,1000000,1070000
2017-09-19 12:33:29.834000,1.11546,1.11544,1120000,1390000
2017-09-19 12:33:30.386000,1.11545,1.11543,1000000,2700000
2017-09-19 12:33:30.614000,1.11544,1.11542,1690000,1120000
2017-09-19 12:33:30.717000,1.11537,1.11534,4160000,2510000
2017-09-19 12:33:30.769000,1.11536,1.11533,1000000,2250000
2017-09-19 12:33:30.904000,1.11534,1.11532,18000000,2890000
2017-09-19 12:33:31.163000,1.11536,1.11533,1500000,2440000
2017-09-19 12:33:31.267000,1.11535,1.11533,1000000,2810000
2017-09-19 12:33:31.625000,1.11533,1.11531,1000000,3750000
2017-09-19 12:33:31.883000,1.11532,1.1153,1350000,1870000
2017-09-19 12:33:32.244000,1.11533,1.11532,1500000,1690000
2017-09-19 12:33:33.081000,1.11533,1.11531,1000000,4690000
2017-09-19 12:33:33.395000,1.11535,1.11533,1120000,1870000
2017-09-19 12:33:33.500000,1.11537,1.11536,1000000,1310000
2017-09-19 12:33:33.655000,1.1154,1.11538,1870000,1370000
2017-09-19 12:33:33.757000,1.11538,1.11537,1000000,2060000
2017-09-19 12:33:34.062000,1.1154,1.11538,1120000,1370000
2017-09-19 12:33:34.576000,1.11539,1.11538,1000000,1500000
2017-09-19 12:33:35.121000,1.11539,1.11538,1000000,1870000
2017-09-19 12:33:35.805000,1.1154,1.11538,1000000,1500000
2017-09-19 12:33:36.316000,1.11542,1.11539,2810000,1000000
2017-09-19 12:33:36.971000,1.11544,1.1154,3190000,2470000
2017-09-19 12:33:37.125000,1.11543,1.1154,3000000,1000000
2017-09-19 12:33:37.635000,1.11542,1.11539,1000000,2060000
2017-09-19 12:33:38.150000,1.11543,1.11539,3000000,1690000
2017-09-19 12:33:38.767000,1.11544,1.11541,2250000,1000000
2017-09-19 12:33:38.819000,1.11545,1.11542,2620000,1500000
2017-09-19 12:33:38.870000,1.11546,1.11543,1120000,1120000
2017-09-19 12:33:39.392000,1.11547,1.11544,1500000,1500000
2017-09-19 12:33:40.932000,1.11546,1.11543,1120000,2810000
2017-09-19 12:33:41.844000,1.11548,1.11544,1870000,7120000
2017-09-19 12:33:43.039000,1.11547,1.11544,1120000,2810000
2017-09-19 12:33:43.193000,1.11549,1.11548,1500000,1500000
2017-09-19 12:33:43.296000,1.11552,1.11549,2250000,1500000
2017-09-19 12:33:43.553000,1.11552,1.11549,1120000,5440000
2017-09-19 12:33:45.046000,1.11552,1.11549,1120000,3940000
2017-09-19 12:33:45.655000,1.11552,1.11549,1120000,3560000
2017-09-19 12:33:46.365000,1.11552,1.11549,1500000,3190000
2017-09-19 12:33:47.895000,1.11552,1.11549,1500000,3190000
2017-09-19 12:33:48.660000,1.11552,1.11549,2810000,3190000
2017-09-19 12:33:48.713000,1.11551,1.11547,3370000,1310000
2017-09-19 12:33:48.866000,1.11549,1.11547,3370000,1250000
2017-09-19 12:33:49.326000,1.1155,1.11548,1000000,1000000
2017-09-19 12:33:49.877000,1.11551,1.11548,2250000,1000000
2017-09-19 12:33:50.255000,1.11552,1.11551,1000000,1000000
2017-09-19 12:33:50.358000,1.11555,1.11552,3190000,1120000
2017-09-19 12:33:50.409000,1.11556,1.11552,5510000,2250000
2017-09-19 12:33:50.461000,1.11557,1.11553,6940000,1500000
2017-09-19 12:33:50.512000,1.11556,1.11554,1000000,1500000
2017-09-19 12:33:51.034000,1.11557,1.11554,3370000,1690000
2017-09-19 12:33:52.400000,1.11557,1.11554,1870000,1690000
2017-09-19 12:33:52.556000,1.11554,1.11552,1000000,1500000
2017-09-19 12:33:52.710000,1.11554,1.11551,1750000,2250000
2017-09-19 12:33:53.235000,1.11554,1.11551,1500000,2620000
2017-09-19 12:33:53.607000,1.11552,1.11549,1500000,3750000
2017-09-19 12:33:54.125000,1.11552,1.11549,1120000,3940000
2017-09-19 12:33:54.644000,1.11553,1.11549,3940000,2440000
2017-09-19 12:33:54.746000,1.1155,1.11548,2660000,1120000
2017-09-19 12:33:54.798000,1.1155,1.11546,3410000,2320000
2017-09-19 12:33:54.952000,1.1155,1.11547,2470000,1870000
2017-09-19 12:33:55.208000,1.11549,1.11546,1500000,1500000
2017-09-19 12:33:55.727000,1.11549,1.11546,1750000,5250000
2017-09-19 12:33:56.245000,1.11548,1.11545,2620000,35250000
2017-09-19 12:33:56.298000,1.11545,1.11542,3370000,1000000
2017-09-19 12:33:56.350000,1.11545,1.11542,3750000,1000000
2017-09-19 12:33:57.287000,1.1154,1.11537,1120000,6370000
2017-09-19 12:33:57.338000,1.11539,1.11537,1000000,1370000
2017-09-19 12:33:57.848000,1.1154,1.11538,1000000,1120000
2017-09-19 12:33:58.312000,1.11543,1.1154,1750000,1870000
2017-09-19 12:33:58.365000,1.11544,1.11541,3070000,4870000
2017-09-19 12:33:58.419000,1.11545,1.11543,1370000,4690000
2017-09-19 12:33:58.524000,1.11546,1.11544,1120000,8620000
2017-09-19 12:33:59.034000,1.11547,1.11544,1120000,1120000
2017-09-19 12:33:59.630000,1.11547,1.11544,1500000,1120000
2017-09-19 12:34:00.248000,1.11545,1.11543,1500000,5250000
2017-09-19 12:34:00.760000,1.11544,1.11542,1120000,1620000
2017-09-19 12:34:00.914000,1.11544,1.11541,1500000,1500000
2017-09-19 12:34:01.119000,1.11542,1.1154,3000000,1000000
2017-09-19 12:34:02.040000,1.11542,1.1154,1000000,1000000
2017-09-19 12:34:02.689000,1.11542,1.1154,1000000,1870000
2017-09-19 12:34:03.203000,1.11542,1.1154,1000000,1500000
2017-09-19 12:34:04.099000,1.11541,1.11539,1000000,3190000
2017-09-19 12:34:04.409000,1.11537,1.11535,1000000,2250000
2017-09-19 12:34:04.950000,1.11537,1.11536,1870000,1310000
2017-09-19 12:34:05.478000,1.11537,1.11535,2120000,1310000
2017-09-19 12:34:05.883000,1.11533,1.11532,1000000,1500000
2017-09-19 12:34:05.987000,1.11531,1.1153,1120000,1000000
2017-09-19 12:34:06.090000,1.11529,1.11527,1000000,2440000
2017-09-19 12:34:06.625000,1.11531,1.1153,1870000,1250000
2017-09-19 12:34:06.730000,1.11532,1.11531,1120000,2250000
2017-09-19 12:34:07.084000,1.1153,1.11529,1500000,2810000
2017-09-19 12:34:07.136000,1.11528,1.11527,1000000,1120000
2017-09-19 12:34:07.712000,1.11524,1.11522,1000000,3370000
2017-09-19 12:34:07.936000,1.11522,1.1152,1000000,1000000
2017-09-19 12:34:08.089000,1.11521,1.11519,1120000,1000000
2017-09-19 12:34:08.447000,1.11518,1.11517,1250000,1000000
2017-09-19 12:34:08.498000,1.11516,1.11514,2250000,1000000
2017-09-19 12:34:08.868000,1.11515,1.11513,1500000,1000000
2017-09-19 12:34:09.412000,1.11515,1.11513,1120000,1000000
2017-09-19 12:34:10.396000,1.11515,1.11513,1000000,1000000
2017-09-19 12:34:10.603000,1.1152,1.11518,2620000,1000000
2017-09-19 12:34:11.124000,1.11521,1.11519,6560000,1000000
2017-09-19 12:34:11.178000,1.11519,1.11517,1000000,1000000
2017-09-19 12:34:11.280000,1.11517,1.11515,1120000,1000000
2017-09-19 12:34:11.383000,1.11515,1.11514,1000000,1000000
2017-09-19 12:34:11.894000,1.11515,1.11513,1120000,1000000
2017-09-19 12:34:12.281000,1.11516,1.11515,1000000,2620000
2017-09-19 12:34:12.437000,1.11519,1.11516,1310000,3560000
2017-09-19 12:34:12.591000,1.11521,1.11519,3000000,3220000
2017-09-19 12:34:12.745000,1.11527,1.11524,8890000,1120000
2017-09-19 12:34:13.585000,1.11526,1.11524,1000000,1870000
2017-09-19 12:34:14.109000,1.11527,1.11524,2250000,2250000
2017-09-19 12:34:14.417000,1.1153,1.11527,1690000,1120000
2017-09-19 12:34:14.928000,1.11529,1.11526,1000000,3000000
2017-09-19 12:34:15.294000,1.11528,1.11525,1000000,1870000
2017-09-19 12:34:15.399000,1.11527,1.11524,2440000,2250000
2017-09-19 12:34:15.977000,1.11526,1.11524,1000000,2060000
2017-09-19 12:34:16.703000,1.11527,1.11526,1000000,1000000
2017-09-19 12:34:16.755000,1.11528,1.11526,1000000,1540000
2017-09-19 12:34:18.374000,1.11528,1.11525,1000000,1310000
2017-09-19 12:34:18.680000,1.11525,1.11524,1000000,2620000
2017-09-19 12:34:18.884000,1.11522,1.1152,1120000,1010000
2017-09-19 12:34:20.446000,1.11521,1.11519,1000000,1200000
2017-09-19 12:34:20.682000,1.11519,1.11513,1000000,7760000
2017-09-19 12:34:20.990000,1.11515,1.11513,1000000,1870000
2017-09-19 12:34:21.458000,1.11513,1.11511,2500000,1500000
2017-09-19 12:34:21.562000,1.11513,1.1151,1870000,2250000
2017-09-19 12:34:22.073000,1.11513,1.1151,3000000,1000000
2017-09-19 12:34:22.446000,1.11515,1.11512,3370000,1120000
2017-09-19 12:34:22.497000,1.11514,1.11512,1000000,1870000
2017-09-19 12:34:22.652000,1.11512,1.11511,1000000,1500000
2017-09-19 12:34:23.558000,1.11512,1.1151,1870000,1000000
2017-09-19 12:34:23.917000,1.11512,1.11508,1500000,1690000
2017-09-19 12:34:23.969000,1.11512,1.1151,1500000,1000000
2017-09-19 12:34:24.187000,1.11513,1.1151,3190000,1500000
2017-09-19 12:34:24.291000,1.11515,1.11512,3370000,1000000
2017-09-19 12:34:24.802000,1.11515,1.11512,2810000,2810000
2017-09-19 12:34:25.316000,1.11514,1.11512,2470000,1000000
2017-09-19 12:34:25.419000,1.11513,1.1151,1000000,1310000
2017-09-19 12:34:25.573000,1.11513,1.11511,1000000,1000000
2017-09-19 12:34:26.110000,1.11514,1.11511,2620000,1000000
2017-09-19 12:34:26.625000,1.11514,1.11512,1000000,1000000
2017-09-19 12:34:26.933000,1.11515,1.11513,1120000,1000000
2017-09-19 12:34:27.442000,1.11515,1.11513,1000000,1120000
2017-09-19 12:34:27.980000,1.11516,1.11514,1000000,1000000
2017-09-19 12:34:28.324000,1.11514,1.11513,1000000,1000000
2017-09-19 12:34:28.835000,1.11515,1.11513,1000000,1000000
2017-09-19 12:34:30.279000,1.11514,1.11512,1000000,1000000
2017-09-19 12:34:30.534000,1.11515,1.11513,1120000,1000000
2017-09-19 12:34:32.731000,1.11513,1.11512,1000000,1500000
2017-09-19 12:34:33.894000,1.11514,1.11512,1000000,2250000
2017-09-19 12:34:34.780000,1.11513,1.11511,1000000,3370000
2017-09-19 12:34:35.859000,1.11512,1.11509,1310000,1500000
2017-09-19 12:34:36.110000,1.11508,1.11506,1870000,2250000
2017-09-19 12:34:36.420000,1.11505,1.11503,1310000,1000000
2017-09-19 12:34:36.728000,1.11507,1.11505,1000000,5660000
2017-09-19 12:34:37.062000,1.11513,1.11509,1500000,1870000
2017-09-19 12:34:37.568000,1.11513,1.11511,1000000,1000000
2017-09-19 12:34:38.303000,1.11512,1.11509,1000000,3560000
2017-09-19 12:34:38.558000,1.1151,1.11508,1000000,2810000
2017-09-19 12:34:40.248000,1.11508,1.11506,1120000,4500000
2017-09-19 12:34:40.392000,1.11507,1.11504,1000000,1000000
2017-09-19 12:34:40.443000,1.11505,1.11504,1500000,1000000
2017-09-19 12:34:40.597000,1.11504,1.11502,1000000,1310000
2017-09-19 12:34:41.110000,1.11503,1.11501,1000000,2810000
2017-09-19 12:34:41.352000,1.11504,1.11502,1500000,1120000
2017-09-19 12:34:41.864000,1.11503,1.11501,1000000,1870000
2017-09-19 12:34:42.590000,1.11503,1.11501,1000000,1000000
2017-09-19 12:34:42.897000,1.11501,1.115,1000000,1500000
2017-09-19 12:34:43.335000,1.11498,1.11496,1000000,1570000
2017-09-19 12:34:43.855000,1.11498,1.11495,1000000,2440000
2017-09-19 12:34:44.370000,1.11497,1.11495,1000000,1310000
2017-09-19 12:34:44.792000,1.11495,1.11494,1000000,1120000
2017-09-19 12:34:45.051000,1.1149,1.11488,1000000,1870000
2017-09-19 12:34:45.156000,1.11494,1.11493,1000000,1000000
2017-09-19 12:34:45.610000,1.11496,1.11493,1870000,3370000
2017-09-19 12:34:45.865000,1.11497,1.11495,2250000,1000000
2017-09-19 12:34:46.229000,1.115,1.11499,4120000,1000000
2017-09-19 12:34:46.484000,1.115,1.11497,4310000,1690000
2017-09-19 12:34:46.690000,1.11498,1.11495,1500000,1310000
2017-09-19 12:34:47.345000,1.11497,1.11495,1120000,1120000
2017-09-19 12:34:49.593000,1.11497,1.11495,1120000,1000000
2017-09-19 12:34:50.174000,1.11498,1.11496,4120000,1000000
2017-09-19 12:34:50.683000,1.11498,1.11496,3370000,1000000
2017-09-19 12:34:51.209000,1.11497,1.11496,1500000,1000000
2017-09-19 12:34:51.757000,1.11498,1.11496,3000000,1000000
2017-09-19 12:34:52.168000,1.115,1.11499,1870000,1120000
2017-09-19 12:34:52.378000,1.11502,1.11499,3190000,1000000
2017-09-19 12:34:52.481000,1.11502,1.115,1870000,4500000
2017-09-19 12:34:52.583000,1.115,1.11498,1690000,1120000
2017-09-19 12:34:53.130000,1.115,1.11498,2590000,1000000
2017-09-19 12:34:53.181000,1.11502,1.11499,3000000,1870000
2017-09-19 12:34:53.541000,1.11502,1.115,2250000,6000000
2017-09-19 12:34:53.850000,1.11495,1.11491,9560000,8620000
2017-09-19 12:34:54.312000,1.11497,1.11493,10310000,4500000
2017-09-19 12:34:54.666000,1.11497,1.11496,1120000,2250000
2017-09-19 12:34:54.967000,1.11494,1.11493,1000000,1000000
2017-09-19 12:34:55.276000,1.11493,1.11491,1000000,1310000
2017-09-19 12:34:55.786000,1.11492,1.11491,1000000,1250000
2017-09-19 12:34:56.327000,1.11492,1.1149,1120000,1120000
2017-09-19 12:34:57.164000,1.11491,1.11489,2440000,1120000
2017-09-19 12:34:57.341000,1.11488,1.11485,1870000,3190000
2017-09-19 12:34:57.393000,1.11488,1.11486,1500000,1870000
2017-09-19 12:34:57.653000,1.11489,1.11488,1000000,1120000
2017-09-19 12:34:58.223000,1.1149,1.11489,1120000,1120000
2017-09-19 12:34:58.742000,1.11491,1.11489,1870000,1120000
2017-09-19 12:35:00.132000,1.11491,1.11488,6750000,1500000
2017-09-19 12:35:00.668000,1.11492,1.11489,12560000,1500000
2017-09-19 12:35:01.363000,1.11491,1.1149,1000000,1120000
2017-09-19 12:35:01.620000,1.1149,1.11488,2250000,1000000
2017-09-19 12:35:01.724000,1.11489,1.11487,1870000,1370000
2017-09-19 12:35:02.254000,1.11489,1.11487,3220000,1000000
2017-09-19 12:35:02.357000,1.11487,1.11485,2620000,1500000
2017-09-19 12:35:02.715000,1.11486,1.11484,2440000,1120000
2017-09-19 12:35:03.269000,1.11486,1.11483,1690000,1000000
2017-09-19 12:35:03.782000,1.11486,1.11482,1690000,1500000
2017-09-19 12:35:04.436000,1.11486,1.11483,1690000,14250000
2017-09-19 12:35:04.488000,1.11487,1.11484,1120000,5480000
2017-09-19 12:35:04.593000,1.1149,1.11488,3370000,1000000
2017-09-19 12:35:05.107000,1.11489,1.11487,1120000,1000000
2017-09-19 12:35:07.065000,1.1149,1.11487,1690000,1000000
2017-09-19 12:35:07.371000,1.11491,1.11488,2060000,1000000
2017-09-19 12:35:10.246000,1.11492,1.11489,1000000,3370000
2017-09-19 12:35:10.560000,1.11493,1.11491,1120000,1000000
2017-09-19 12:35:11.070000,1.11493,1.11491,1120000,1000000
2017-09-19 12:35:12.663000,1.11494,1.11492,2140000,1000000
2017-09-19 12:35:12.715000,1.11495,1.11493,1000000,1000000
2017-09-19 12:35:12.767000,1.11496,1.11494,1000000,1000000
2017-09-19 12:35:13.295000,1.11497,1.11493,1310000,4120000
2017-09-19 12:35:13.924000,1.11494,1.11492,1690000,1000000
2017-09-19 12:35:14.441000,1.11494,1.11493,1310000,1000000
2017-09-19 12:35:14.998000,1.11495,1.11493,2700000,1000000
2017-09-19 12:35:15.356000,1.11497,1.11494,2440000,1870000
2017-09-19 12:35:15.458000,1.11497,1.11496,1250000,2250000
2017-09-19 12:35:17.140000,1.11499,1.11497,3070000,1000000
2017-09-19 12:35:17.460000,1.11501,1.11499,1310000,2620000
2017-09-19 12:35:17.768000,1.115,1.11497,9820000,1870000
2017-09-19 12:35:18.282000,1.11499,1.11497,2250000,1870000
2017-09-19 12:35:18.538000,1.115,1.11498,2320000,2120000
2017-09-19 12:35:19.049000,1.115,1.11498,1620000,1870000
2017-09-19 12:35:19.757000,1.115,1.11498,1620000,1870000
2017-09-19 12:35:20.584000,1.115,1.11497,7950000,2620000
2017-09-19 12:35:21.094000,1.115,1.11498,16309999,1120000
2017-09-19 12:35:21.653000,1.11499,1.11497,10870000,1120000
2017-09-19 12:35:22.200000,1.11498,1.11496,3940000,1870000
2017-09-19 12:35:22.775000,1.11499,1.11497,8250000,1120000
2017-09-19 12:35:23.591000,1.115,1.11498,1620000,1120000
2017-09-19 12:35:24.829000,1.11501,1.11499,7880000,2990000
2017-09-19 12:35:26.585000,1.11501,1.11499,1620000,1870000
2017-09-19 12:35:27.106000,1.11499,1.11497,37310001,2250000
2017-09-19 12:35:27.549000,1.11503,1.11499,1390000,3940000
2017-09-19 12:35:27.600000,1.11504,1.11502,1870000,1120000
2017-09-19 12:35:28.026000,1.11502,1.115,1000000,1870000
2017-09-19 12:35:28.540000,1.11503,1.11499,1120000,6940000
2017-09-19 12:35:30.045000,1.11502,1.11501,1000000,1000000
2017-09-19 12:35:30.592000,1.11502,1.11498,1000000,2250000
2017-09-19 12:35:30.900000,1.11506,1.11505,4310000,1120000
2017-09-19 12:35:31.105000,1.11505,1.11503,1000000,1500000
2017-09-19 12:35:31.632000,1.11505,1.11502,1000000,3190000
2017-09-19 12:35:32.146000,1.11505,1.11502,1120000,2060000
2017-09-19 12:35:32.659000,1.11505,1.11502,1120000,2060000
2017-09-19 12:35:32.762000,1.11505,1.11502,1120000,1690000
2017-09-19 12:35:33.091000,1.11506,1.11503,3940000,8250000
2017-09-19 12:35:33.601000,1.11507,1.11504,1690000,1370000
2017-09-19 12:35:34.481000,1.11506,1.11503,7120000,1870000
2017-09-19 12:35:34.984000,1.11505,1.11502,3370000,1750000
2017-09-19 12:35:35.587000,1.11506,1.11502,2440000,1870000
2017-09-19 12:35:37.170000,1.11504,1.11503,1120000,1500000
2017-09-19 12:35:37.688000,1.11505,1.11504,1120000,1120000
2017-09-19 12:35:39.185000,1.11502,1.115,1000000,4690000
2017-09-19 12:35:39.289000,1.11499,1.11498,1000000,1500000
2017-09-19 12:35:39.341000,1.11502,1.115,1500000,1000000
2017-09-19 12:35:39.698000,1.11502,1.11501,3560000,1000000
2017-09-19 12:35:42.498000,1.11502,1.115,3370000,1370000
2017-09-19 12:35:43.020000,1.11503,1.115,12940000,1120000
2017-09-19 12:35:43.529000,1.11502,1.115,3370000,1370000
2017-09-19 12:35:44.065000,1.11503,1.115,19690001,1120000
2017-09-19 12:35:44.744000,1.11502,1.115,37119999,1370000
2017-09-19 12:35:45.309000,1.11503,1.115,51189999,1120000
2017-09-19 12:35:45.832000,1.11502,1.115,68620003,1370000
2017-09-19 12:35:46.337000,1.11503,1.115,3940000,1120000
2017-09-19 12:35:47.653000,1.11502,1.11499,2440000,1870000
2017-09-19 12:35:47.961000,1.115,1.11497,6000000,1120000
2017-09-19 12:35:48.620000,1.11499,1.11496,1000000,3380000
2017-09-19 12:35:49.200000,1.11498,1.11497,1000000,1000000
2017-09-19 12:35:50.384000,1.11498,1.11496,1000000,1120000
2017-09-19 12:35:50.895000,1.11497,1.11495,1000000,1870000
2017-09-19 12:35:51.419000,1.11497,1.11495,1000000,1120000
2017-09-19 12:35:52.583000,1.11497,1.11495,1000000,1120000
2017-09-19 12:35:53.302000,1.11497,1.11494,1120000,3940000
2017-09-19 12:35:53.964000,1.11496,1.11494,1000000,1000000
2017-09-19 12:35:54.272000,1.11492,1.11488,2440000,3000000
2017-09-19 12:35:54.777000,1.1149,1.11488,3370000,2250000
2017-09-19 12:35:55.202000,1.11489,1.11487,1000000,6940000
2017-09-19 12:35:55.375000,1.11486,1.11484,1000000,1010000
2017-09-19 12:35:56.039000,1.11488,1.11487,1000000,1000000
2017-09-19 12:35:56.143000,1.11489,1.11487,1120000,2250000
2017-09-19 12:35:56.667000,1.11491,1.11489,1500000,1120000
2017-09-19 12:35:56.822000,1.11492,1.1149,1500000,1120000
2017-09-19 12:35:57.271000,1.11494,1.11492,3560000,1120000
2017-09-19 12:35:57.581000,1.11498,1.11495,6750000,2810000
2017-09-19 12:35:58.105000,1.11497,1.11496,7500000,1120000
2017-09-19 12:35:58.637000,1.11496,1.11494,1000000,2620000
2017-09-19 12:35:59.168000,1.11495,1.11494,1000000,3190000
2017-09-19 12:35:59.679000,1.11497,1.11495,10870000,2440000
2017-09-19 12:36:00.551000,1.11496,1.11495,3000000,1500000
2017-09-19 12:36:00.705000,1.11495,1.11494,3000000,1310000
2017-09-19 12:36:00.910000,1.11497,1.11494,1120000,6560000
2017-09-19 12:36:01.399000,1.11498,1.11497,3560000,1000000
2017-09-19 12:36:01.812000,1.11497,1.11495,1000000,2440000
2017-09-19 12:36:02.114000,1.11495,1.11494,3000000,1500000
2017-09-19 12:36:02.167000,1.11484,1.11482,1120000,1690000
2017-09-19 12:36:02.271000,1.11482,1.11481,1000000,2250000
2017-09-19 12:36:02.782000,1.11483,1.11482,1000000,1000000
2017-09-19 12:36:03.247000,1.11487,1.11486,1870000,11250000
2017-09-19 12:36:03.350000,1.11486,1.11483,2620000,2440000
2017-09-19 12:36:03.402000,1.11485,1.11483,1000000,1250000
2017-09-19 12:36:03.911000,1.11484,1.11482,1000000,1690000
2017-09-19 12:36:04.217000,1.11481,1.11479,1370000,1000000
2017-09-19 12:36:04.268000,1.11481,1.11477,1500000,4120000
2017-09-19 12:36:04.797000,1.11478,1.11476,2250000,2440000
2017-09-19 12:36:04.850000,1.11473,1.11471,1000000,2890000
2017-09-19 12:36:05.213000,1.11472,1.1147,1120000,1250000
2017-09-19 12:36:05.317000,1.11471,1.11468,1000000,7310000
2017-09-19 12:36:05.915000,1.11471,1.11469,1000000,1000000
2017-09-19 12:36:06.017000,1.11472,1.1147,2620000,1000000
2017-09-19 12:36:06.325000,1.11477,1.11474,2440000,1500000
2017-09-19 12:36:06.431000,1.11477,1.11475,1870000,1000000
2017-09-19 12:36:06.534000,1.11479,1.11478,1000000,1500000
2017-09-19 12:36:06.636000,1.11482,1.1148,1000000,1000000
2017-09-19 12:36:06.828000,1.1148,1.11478,6000000,1310000
2017-09-19 12:36:06.879000,1.1148,1.11476,7870000,1120000
2017-09-19 12:36:07.135000,1.11477,1.11475,1500000,4690000
2017-09-19 12:36:07.649000,1.11479,1.11478,1390000,1500000
2017-09-19 12:36:07.809000,1.11483,1.11481,3190000,1500000
2017-09-19 12:36:08.621000,1.11483,1.11482,5620000,1500000
2017-09-19 12:36:09.138000,1.11483,1.11481,5620000,4120000
2017-09-19 12:36:09.682000,1.11483,1.11481,20250000,3000000
2017-09-19 12:36:10.847000,1.11484,1.11483,1000000,1000000
2017-09-19 12:36:11.710000,1.11483,1.11482,1000000,1120000
2017-09-19 12:36:11.815000,1.11483,1.11479,5890000,1500000
2017-09-19 12:36:11.969000,1.11481,1.11478,1120000,1310000
2017-09-19 12:36:12.122000,1.11479,1.11478,3000000,1310000
2017-09-19 12:36:13.932000,1.1148,1.11478,1000000,2630000
2017-09-19 12:36:14.248000,1.11478,1.11476,1000000,3560000
2017-09-19 12:36:14.762000,1.11477,1.11475,1000000,4310000
2017-09-19 12:36:15.267000,1.11477,1.11475,1000000,2440000
2017-09-19 12:36:16.023000,1.11476,1.11475,1000000,2440000
2017-09-19 12:36:17.351000,1.11477,1.11475,1000000,2440000
2017-09-19 12:36:17.402000,1.11478,1.11476,2250000,1120000
2017-09-19 12:36:17.919000,1.11478,1.11477,1120000,1500000
2017-09-19 12:36:18.022000,1.11477,1.11475,1500000,4690000
2017-09-19 12:36:19.171000,1.11478,1.11477,1120000,1000000
2017-09-19 12:36:23.365000,1.1148,1.11478,2250000,20059999
2017-09-19 12:36:23.417000,1.11481,1.11479,1570000,2250000
2017-09-19 12:36:23.520000,1.11482,1.11481,2250000,1000000
2017-09-19 12:36:25.444000,1.11479,1.11477,1000000,1250000
2017-09-19 12:36:27.338000,1.11479,1.11478,1120000,2250000
2017-09-19 12:36:27.595000,1.11481,1.11479,4870000,1870000
2017-09-19 12:36:27.749000,1.11482,1.1148,1500000,2060000
2017-09-19 12:36:29.598000,1.11479,1.11478,1000000,2620000
2017-09-19 12:36:29.803000,1.11479,1.11475,5320000,2440000
2017-09-19 12:36:30.351000,1.11476,1.11475,1000000,4310000
2017-09-19 12:36:30.861000,1.11478,1.11477,1500000,1500000
2017-09-19 12:36:31.411000,1.11478,1.11477,1000000,1500000
2017-09-19 12:36:31.936000,1.11478,1.11476,1120000,1690000
2017-09-19 12:36:32.461000,1.11478,1.11477,1120000,1000000
2017-09-19 12:36:36.706000,1.11479,1.11478,1000000,15940000
2017-09-19 12:36:37.012000,1.11482,1.11481,1500000,1500000
2017-09-19 12:36:37.218000,1.11479,1.11477,1500000,1310000
2017-09-19 12:36:41.207000,1.11478,1.11477,1000000,1000000
2017-09-19 12:36:41.734000,1.11477,1.11475,1120000,1190000
2017-09-19 12:36:42.178000,1.11474,1.11472,1120000,1250000
2017-09-19 12:36:42.230000,1.11472,1.11471,1000000,1120000
2017-09-19 12:36:42.552000,1.11471,1.11469,1120000,2250000
2017-09-19 12:36:43.062000,1.1147,1.11469,1000000,1250000
2017-09-19 12:36:43.628000,1.11471,1.11469,1120000,1000000
2017-09-19 12:36:45.607000,1.11472,1.11469,2250000,1250000
2017-09-19 12:36:46.141000,1.11471,1.11469,1000000,1000000
2017-09-19 12:36:47.440000,1.11471,1.11469,1370000,1250000
2017-09-19 12:36:47.959000,1.11471,1.11469,1870000,1000000
2017-09-19 12:36:49.093000,1.11471,1.11469,1870000,1000000
2017-09-19 12:36:49.715000,1.11471,1.11469,1500000,1000000
2017-09-19 12:36:50.226000,1.11471,1.11469,1500000,1500000
2017-09-19 12:36:51.968000,1.11471,1.11469,1870000,1000000
2017-09-19 12:36:53.001000,1.11471,1.11469,2250000,1000000
2017-09-19 12:36:54.991000,1.11472,1.1147,1870000,1000000
2017-09-19 12:36:55.997000,1.11471,1.11469,1370000,1120000
2017-09-19 12:37:00.161000,1.11471,1.11469,1870000,1000000
2017-09-19 12:37:02.045000,1.1147,1.11468,1120000,3370000
2017-09-19 12:37:02.147000,1.11467,1.11464,3750000,3370000
2017-09-19 12:37:02.658000,1.11466,1.11464,1000000,1000000
2017-09-19 12:37:03.163000,1.11466,1.11463,1500000,1000000
2017-09-19 12:37:04.694000,1.11464,1.11462,1870000,2250000
2017-09-19 12:37:04.950000,1.11465,1.11462,1120000,2620000
2017-09-19 12:37:05.461000,1.11465,1.11463,1000000,1000000
2017-09-19 12:37:05.679000,1.11461,1.1146,1310000,1870000
2017-09-19 12:37:05.986000,1.1146,1.11457,1500000,3750000
2017-09-19 12:37:06.514000,1.11459,1.11457,1000000,1500000
2017-09-19 12:37:07.034000,1.11459,1.11456,1120000,5810000
2017-09-19 12:37:07.946000,1.11459,1.11456,1000000,4500000
2017-09-19 12:37:08.450000,1.11459,1.11456,1370000,4120000
2017-09-19 12:37:08.705000,1.11457,1.11455,1000000,4500000
2017-09-19 12:37:08.757000,1.11456,1.11453,2620000,1120000
2017-09-19 12:37:08.913000,1.11453,1.11451,1000000,1690000
2017-09-19 12:37:09.168000,1.11452,1.1145,1000000,2060000
2017-09-19 12:37:10.297000,1.11449,1.11446,1500000,1950000
2017-09-19 12:37:10.400000,1.11445,1.11443,6370000,1500000
2017-09-19 12:37:10.452000,1.11443,1.1144,1750000,2060000
2017-09-19 12:37:10.670000,1.11445,1.11444,2250000,1500000
2017-09-19 12:37:10.722000,1.11443,1.11441,3600000,1000000
2017-09-19 12:37:10.825000,1.11441,1.11439,1000000,1120000
2017-09-19 12:37:11.198000,1.11439,1.11438,1000000,1500000
2017-09-19 12:37:11.763000,1.11439,1.11437,2500000,1870000
2017-09-19 12:37:11.913000,1.11434,1.11433,1000000,1000000
2017-09-19 12:37:12.068000,1.11438,1.11437,15000000,1690000
2017-09-19 12:37:12.120000,1.1144,1.11437,9370000,3940000
2017-09-19 12:37:12.380000,1.11443,1.1144,2440000,12790000
2017-09-19 12:37:12.573000,1.11447,1.11445,4120000,1000000
2017-09-19 12:37:13.181000,1.11446,1.11444,3000000,1690000
2017-09-19 12:37:13.719000,1.11448,1.11445,3370000,1000000
2017-09-19 12:37:14.190000,1.11447,1.11444,1120000,1310000
2017-09-19 12:37:14.497000,1.11443,1.11441,1310000,1500000
2017-09-19 12:37:14.754000,1.11442,1.11439,1000000,3450000
2017-09-19 12:37:15.060000,1.11442,1.1144,2250000,1000000
2017-09-19 12:37:15.353000,1.11441,1.11438,1370000,1500000
2017-09-19 12:37:16.279000,1.11439,1.11438,1000000,1000000
2017-09-19 12:37:16.537000,1.11445,1.11443,12820000,2250000
2017-09-19 12:37:16.692000,1.11441,1.11439,1000000,2890000
2017-09-19 12:37:17.154000,1.11443,1.11441,2250000,1000000
2017-09-19 12:37:17.620000,1.11445,1.11444,2250000,1000000
2017-09-19 12:37:17.673000,1.11445,1.11441,3560000,2250000
2017-09-19 12:37:17.826000,1.11446,1.11444,1500000,1500000
2017-09-19 12:37:18.340000,1.11448,1.11445,4120000,1000000
2017-09-19 12:37:18.846000,1.11446,1.11444,1000000,2510000
2017-09-19 12:37:19.357000,1.11445,1.11443,1120000,3750000
2017-09-19 12:37:19.409000,1.11443,1.11441,1310000,1100000
2017-09-19 12:37:19.538000,1.11441,1.1144,5620000,1120000
2017-09-19 12:37:20.052000,1.11441,1.1144,1000000,1000000
2017-09-19 12:37:20.326000,1.1144,1.11438,4500000,1870000
2017-09-19 12:37:20.378000,1.11444,1.11441,3750000,9560000
2017-09-19 12:37:20.685000,1.11445,1.11443,3560000,1000000
2017-09-19 12:37:21.096000,1.11442,1.11439,1500000,2700000
2017-09-19 12:37:21.606000,1.11442,1.11441,1120000,1000000
2017-09-19 12:37:21.709000,1.11445,1.11443,3370000,2250000
2017-09-19 12:37:22.114000,1.11443,1.11441,3000000,2250000
2017-09-19 12:37:22.422000,1.11439,1.11437,4310000,1000000
2017-09-19 12:37:22.948000,1.11441,1.11438,3750000,1120000
2017-09-19 12:37:23.464000,1.11441,1.11438,2620000,1120000
2017-09-19 12:37:24.310000,1.11439,1.11438,1000000,1120000
2017-09-19 12:37:25.009000,1.11438,1.11437,6750000,1000000
2017-09-19 12:37:25.062000,1.11437,1.11434,1310000,2620000
2017-09-19 12:37:25.165000,1.11435,1.11433,1000000,1570000
2017-09-19 12:37:25.667000,1.11434,1.11432,1000000,3450000
2017-09-19 12:37:26.515000,1.11432,1.11431,1000000,3640000
2017-09-19 12:37:26.722000,1.11434,1.11433,5250000,1870000
2017-09-19 12:37:27.273000,1.11437,1.11435,1000000,1250000
2017-09-19 12:37:27.325000,1.11438,1.11437,1000000,1120000
2017-09-19 12:37:27.838000,1.11439,1.11437,1120000,1870000
2017-09-19 12:37:28.102000,1.11435,1.11431,1000000,8700000
2017-09-19 12:37:28.519000,1.11433,1.11431,1000000,6450000
2017-09-19 12:37:28.828000,1.11432,1.11428,1690000,4010000
2017-09-19 12:37:29.185000,1.11429,1.11427,1000000,5700000
2017-09-19 12:37:29.493000,1.11431,1.1143,2250000,1120000
2017-09-19 12:37:29.545000,1.11432,1.11431,1500000,2620000
2017-09-19 12:37:29.649000,1.11434,1.11432,2060000,1120000
2017-09-19 12:37:29.874000,1.11429,1.11428,1310000,2620000
2017-09-19 12:37:29.977000,1.11429,1.11427,1120000,1000000
2017-09-19 12:37:30.488000,1.11428,1.11427,2250000,1870000
2017-09-19 12:37:30.738000,1.11431,1.1143,1000000,1250000
2017-09-19 12:37:30.790000,1.11432,1.11431,3370000,1120000
2017-09-19 12:37:31.303000,1.11433,1.11431,1120000,2620000
2017-09-19 12:37:32.119000,1.11434,1.11432,1000000,17100000
2017-09-19 12:37:32.171000,1.11438,1.11436,7950000,1120000
2017-09-19 12:37:32.430000,1.11442,1.11439,1690000,1500000
2017-09-19 12:37:33.648000,1.1144,1.11438,1000000,4500000
2017-09-19 12:37:33.816000,1.11441,1.11438,2440000,3380000
2017-09-19 12:37:35.868000,1.11442,1.11441,1870000,2810000
2017-09-19 12:37:35.971000,1.11446,1.11443,14250000,4120000
2017-09-19 12:37:36.278000,1.11447,1.11446,1120000,2250000
2017-09-19 12:37:36.718000,1.11449,1.11446,2250000,1870000
2017-09-19 12:37:37.624000,1.1145,1.11448,2440000,9000000
2017-09-19 12:37:38.135000,1.1145,1.11447,1120000,2620000
2017-09-19 12:37:40.249000,1.1145,1.11448,2440000,1120000
2017-09-19 12:37:40.782000,1.11448,1.11447,1000000,1120000
2017-09-19 12:37:41.559000,1.11451,1.11448,3000000,18370001
2017-09-19 12:37:41.612000,1.11452,1.1145,1120000,1870000
2017-09-19 12:37:42.073000,1.11453,1.11452,1120000,1120000
2017-09-19 12:37:42.176000,1.11457,1.11454,4310000,1870000
2017-09-19 12:37:42.322000,1.11454,1.11453,1000000,1120000
2017-09-19 12:37:44.511000,1.11454,1.11452,1000000,1120000
2017-09-19 12:37:45.021000,1.11455,1.11452,1310000,3190000
2017-09-19 12:37:46.212000,1.11454,1.11452,1000000,2250000
2017-09-19 12:37:46.519000,1.11453,1.11451,1000000,2250000
2017-09-19 12:37:47.041000,1.11452,1.1145,1000000,4120000
2017-09-19 12:37:48.243000,1.11453,1.11452,2250000,1000000
2017-09-19 12:37:48.746000,1.11454,1.11452,1000000,2810000
2017-09-19 12:37:49.649000,1.11453,1.11452,1000000,2250000
2017-09-19 12:37:50.261000,1.11454,1.11452,1000000,3000000
2017-09-19 12:37:50.800000,1.11454,1.11452,5620000,5620000
2017-09-19 12:37:50.852000,1.11453,1.11451,1000000,1500000
2017-09-19 12:37:51.365000,1.11454,1.11452,2810000,2060000
2017-09-19 12:37:51.914000,1.11453,1.11452,1000000,1500000
2017-09-19 12:37:52.653000,1.11452,1.11451,1000000,1000000
2017-09-19 12:37:53.188000,1.11453,1.1145,1000000,4690000
2017-09-19 12:37:54.392000,1.11452,1.1145,1000000,2620000
2017-09-19 12:37:54.444000,1.1145,1.11448,1000000,3190000
2017-09-19 12:37:54.547000,1.1145,1.11446,4910000,2620000
2017-09-19 12:37:54.702000,1.11447,1.11445,1000000,3750000
2017-09-19 12:37:55.226000,1.1145,1.11449,1000000,1000000
2017-09-19 12:37:55.330000,1.11452,1.1145,8620000,1500000
2017-09-19 12:37:57.779000,1.11449,1.11447,1000000,2620000
2017-09-19 12:37:58.286000,1.11448,1.11446,1000000,2620000
2017-09-19 12:37:58.797000,1.11447,1.11445,1870000,1250000
2017-09-19 12:37:59.299000,1.11446,1.11444,1000000,1500000
2017-09-19 12:38:01.220000,1.11446,1.11444,1000000,4120000
2017-09-19 12:38:01.730000,1.11447,1.11445,1000000,1000000
2017-09-19 12:38:02.032000,1.11449,1.11448,2250000,2060000
2017-09-19 12:38:02.171000,1.11451,1.11448,1120000,3190000
2017-09-19 12:38:02.681000,1.11451,1.11449,12940000,2620000
2017-09-19 12:38:03.664000,1.11452,1.11449,3560000,3370000
2017-09-19 12:38:04.772000,1.11452,1.11451,3190000,1120000
2017-09-19 12:38:05.099000,1.1145,1.11448,1000000,2250000
2017-09-19 12:38:05.633000,1.11451,1.1145,1000000,1000000
2017-09-19 12:38:10.325000,1.1145,1.11449,1000000,1120000
2017-09-19 12:38:10.480000,1.11451,1.11449,1870000,1120000
2017-09-19 12:38:10.634000,1.11449,1.11447,1000000,1870000
2017-09-19 12:38:10.686000,1.11448,1.11446,1000000,7130000
2017-09-19 12:38:10.789000,1.11448,1.11444,1870000,3190000
2017-09-19 12:38:10.841000,1.11446,1.11444,1500000,1250000
2017-09-19 12:38:11.256000,1.11447,1.11446,1120000,3940000
2017-09-19 12:38:11.460000,1.11449,1.11447,1000000,1500000
2017-09-19 12:38:11.997000,1.11448,1.11447,1000000,1000000
2017-09-19 12:38:12.644000,1.11448,1.11446,1000000,2250000
2017-09-19 12:38:13.061000,1.11446,1.11444,1000000,2060000
2017-09-19 12:38:13.693000,1.11446,1.11444,1000000,1050000
2017-09-19 12:38:14.105000,1.11447,1.11446,1120000,1000000
2017-09-19 12:38:14.663000,1.11447,1.11444,1120000,3490000
2017-09-19 12:38:15.133000,1.11447,1.11446,1120000,2620000
2017-09-19 12:38:15.291000,1.1145,1.11448,1250000,1120000
2017-09-19 12:38:17.633000,1.11452,1.1145,3450000,34119999
2017-09-19 12:38:18.223000,1.11452,1.11449,4390000,34500000
2017-09-19 12:38:18.367000,1.11452,1.11448,4390000,2360000
2017-09-19 12:38:18.725000,1.11452,1.1145,1000000,1500000
2017-09-19 12:38:18.929000,1.11454,1.11453,1690000,1000000
2017-09-19 12:38:19.442000,1.11456,1.11453,3940000,1000000
2017-09-19 12:38:20.449000,1.11456,1.11454,3190000,1000000
2017-09-19 12:38:20.965000,1.11457,1.11454,1120000,1500000
2017-09-19 12:38:21.507000,1.11459,1.11456,2060000,1870000
2017-09-19 12:38:21.663000,1.11461,1.11457,5250000,2620000
2017-09-19 12:38:22.023000,1.11462,1.1146,1690000,1500000
2017-09-19 12:38:22.534000,1.11462,1.11459,1250000,1870000
2017-09-19 12:38:22.999000,1.1146,1.11458,1310000,1000000
2017-09-19 12:38:23.513000,1.11461,1.11459,5890000,1000000
2017-09-19 12:38:25.247000,1.11462,1.11459,1250000,1500000
2017-09-19 12:38:26.079000,1.11464,1.11461,2060000,1500000
2017-09-19 12:38:26.386000,1.11467,1.11465,1250000,1000000
2017-09-19 12:38:28.120000,1.11469,1.11467,2060000,1000000
2017-09-19 12:38:28.172000,1.11469,1.11466,2060000,1000000
2017-09-19 12:38:29.005000,1.11469,1.11468,1000000,1000000
2017-09-19 12:38:29.057000,1.11469,1.11467,2060000,1000000
2017-09-19 12:38:29.568000,1.11468,1.11466,4690000,1000000
2017-09-19 12:38:29.980000,1.11465,1.11463,2660000,5620000
2017-09-19 12:38:30.288000,1.11464,1.11462,5660000,1000000
2017-09-19 12:38:32.270000,1.11464,1.11462,2060000,1000000
2017-09-19 12:38:32.809000,1.11463,1.11461,1310000,1000000
2017-09-19 12:38:33.511000,1.11463,1.11461,4540000,1000000
2017-09-19 12:38:34.176000,1.11462,1.1146,1690000,1000000
2017-09-19 12:38:34.718000,1.11462,1.11459,3380000,1000000
2017-09-19 12:38:35.639000,1.11462,1.11459,4310000,1000000
2017-09-19 12:38:38.048000,1.1146,1.11458,1190000,1000000
2017-09-19 12:38:38.274000,1.11458,1.11455,2660000,1000000
2017-09-19 12:38:38.480000,1.11456,1.11454,1690000,1000000
2017-09-19 12:38:39.034000,1.11455,1.11453,1690000,1000000
2017-09-19 12:38:40.406000,1.11454,1.11452,1000000,1500000
2017-09-19 12:38:40.917000,1.11453,1.11451,1000000,2060000
2017-09-19 12:38:41.224000,1.11447,1.11445,1000000,2620000
2017-09-19 12:38:41.730000,1.11446,1.11444,1000000,2620000
2017-09-19 12:38:42.040000,1.11444,1.11441,3040000,2060000
2017-09-19 12:38:42.350000,1.11443,1.11439,2060000,1120000
2017-09-19 12:38:42.452000,1.11441,1.11439,8440000,1120000
2017-09-19 12:38:42.811000,1.11439,1.11437,1000000,2250000
2017-09-19 12:38:42.964000,1.11436,1.11433,1000000,6820000
2017-09-19 12:38:43.214000,1.11439,1.11437,1120000,10130000
2017-09-19 12:38:43.573000,1.11437,1.11436,1500000,1120000
2017-09-19 12:38:45.830000,1.11438,1.11436,1000000,2060000
2017-09-19 12:38:45.883000,1.11441,1.11439,1690000,1120000
2017-09-19 12:38:46.088000,1.11442,1.11441,1870000,3000000
2017-09-19 12:38:46.393000,1.11447,1.11446,3190000,1000000
2017-09-19 12:38:46.904000,1.11448,1.11446,1000000,1000000
2017-09-19 12:38:47.223000,1.11449,1.11447,1000000,2810000
2017-09-19 12:38:47.478000,1.1145,1.11448,1000000,1500000
2017-09-19 12:38:48.509000,1.11451,1.11449,1000000,1690000
2017-09-19 12:38:48.918000,1.11452,1.1145,7500000,2440000
2017-09-19 12:38:49.667000,1.11453,1.1145,3000000,3190000
2017-09-19 12:38:50.036000,1.11452,1.1145,3000000,1690000
2017-09-19 12:38:50.088000,1.1145,1.11449,1000000,1000000
2017-09-19 12:38:50.191000,1.11449,1.11447,1000000,2620000
2017-09-19 12:38:50.614000,1.11448,1.11446,1000000,2060000
2017-09-19 12:38:51.126000,1.11449,1.11447,1000000,1120000
2017-09-19 12:38:55.266000,1.11448,1.11446,1000000,2810000
2017-09-19 12:38:55.420000,1.11446,1.11443,1250000,1000000
2017-09-19 12:38:55.523000,1.11444,1.11442,1500000,1250000
2017-09-19 12:38:56.092000,1.11443,1.1144,1000000,3190000
2017-09-19 12:38:56.399000,1.11441,1.11439,1000000,1120000
2017-09-19 12:38:56.553000,1.11443,1.1144,1690000,1000000
2017-09-19 12:38:56.706000,1.11445,1.11442,3750000,3750000
2017-09-19 12:38:56.893000,1.11446,1.11443,1500000,3000000
2017-09-19 12:38:56.945000,1.11444,1.11442,1000000,1500000
2017-09-19 12:38:57.353000,1.11442,1.1144,1000000,1120000
2017-09-19 12:38:57.456000,1.11441,1.11438,1000000,2250000
2017-09-19 12:38:57.923000,1.11439,1.11437,1000000,3370000
2017-09-19 12:38:58.333000,1.11437,1.11434,1000000,1100000
2017-09-19 12:38:58.837000,1.11436,1.11434,1620000,1000000
2017-09-19 12:38:59.375000,1.11436,1.11433,2810000,1000000
2017-09-19 12:38:59.915000,1.11436,1.11434,1620000,1000000
2017-09-19 12:39:00.433000,1.11436,1.11434,1250000,1000000
2017-09-19 12:39:00.653000,1.11439,1.11436,4390000,1500000
2017-09-19 12:39:00.757000,1.1144,1.11437,1620000,2620000
2017-09-19 12:39:00.810000,1.11442,1.11439,5620000,1870000
2017-09-19 12:39:00.982000,1.11442,1.11439,4500000,1500000
2017-09-19 12:39:01.496000,1.1144,1.11438,3190000,1500000
2017-09-19 12:39:02.034000,1.1144,1.11438,1000000,1500000
2017-09-19 12:39:02.576000,1.1144,1.11438,1000000,1500000
2017-09-19 12:39:04.982000,1.11442,1.1144,1000000,1620000
2017-09-19 12:39:05.035000,1.11444,1.11441,1500000,1870000
2017-09-19 12:39:05.996000,1.11446,1.11443,2810000,1000000
2017-09-19 12:39:06.101000,1.11447,1.11445,1690000,1000000
2017-09-19 12:39:06.255000,1.11449,1.11447,1690000,1000000
2017-09-19 12:39:06.410000,1.1145,1.11447,1870000,1500000
2017-09-19 12:39:06.947000,1.1145,1.11447,1440000,1000000
2017-09-19 12:39:08.273000,1.1145,1.11447,1870000,16500000
2017-09-19 12:39:08.829000,1.1145,1.11447,1250000,37310001
2017-09-19 12:39:10.154000,1.11452,1.11449,2250000,35250000
2017-09-19 12:39:10.666000,1.11449,1.11448,1000000,3190000
2017-09-19 12:39:10.992000,1.11446,1.11444,1000000,2620000
2017-09-19 12:39:11.248000,1.1144,1.11438,1000000,1000000
2017-09-19 12:39:11.761000,1.1144,1.11437,1000000,4870000
2017-09-19 12:39:13.805000,1.1144,1.11438,1000000,2060000
2017-09-19 12:39:14.356000,1.1144,1.11439,1000000,1120000
2017-09-19 12:39:14.866000,1.1144,1.11437,1000000,3370000
2017-09-19 12:39:15.382000,1.1144,1.11437,1000000,3370000
2017-09-19 12:39:16.337000,1.11439,1.11438,1000000,1000000
2017-09-19 12:39:16.390000,1.11441,1.11437,2440000,1750000
2017-09-19 12:39:16.442000,1.11439,1.11437,1000000,1120000
2017-09-19 12:39:18.733000,1.11438,1.11437,1000000,1120000
2017-09-19 12:39:19.040000,1.11436,1.11433,1500000,2810000
2017-09-19 12:39:21.692000,1.11432,1.11429,2440000,1870000
2017-09-19 12:39:21.981000,1.11421,1.11418,9190000,2620000
2017-09-19 12:39:22.032000,1.11419,1.11417,8250000,1870000
2017-09-19 12:39:22.187000,1.11415,1.11414,1000000,1120000
2017-09-19 12:39:22.239000,1.11413,1.11412,1310000,1000000
2017-09-19 12:39:22.291000,1.1141,1.11408,1000000,4120000
2017-09-19 12:39:22.589000,1.11416,1.11413,1690000,4690000
2017-09-19 12:39:23.104000,1.11415,1.11413,1000000,3940000
2017-09-19 12:39:23.490000,1.11413,1.11412,1000000,1000000
2017-09-19 12:39:23.542000,1.11414,1.11409,6790000,1570000
2017-09-19 12:39:23.594000,1.1141,1.11408,4120000,1370000
2017-09-19 12:39:24.166000,1.1141,1.11407,1500000,3940000
2017-09-19 12:39:24.269000,1.11411,1.11409,1310000,1000000
2017-09-19 12:39:24.578000,1.11408,1.11406,1000000,2810000
2017-09-19 12:39:24.918000,1.1142,1.11418,8250000,1690000
2017-09-19 12:39:25.020000,1.11416,1.11413,1120000,1980000
2017-09-19 12:39:25.072000,1.11414,1.11413,1120000,1000000
2017-09-19 12:39:25.226000,1.1141,1.11408,1000000,1140000
2017-09-19 12:39:25.739000,1.11409,1.11406,1000000,3480000
2017-09-19 12:39:25.872000,1.11411,1.11408,1120000,1500000
2017-09-19 12:39:25.923000,1.11421,1.11419,15190000,1350000
2017-09-19 12:39:26.180000,1.11426,1.11422,1120000,20959999
2017-09-19 12:39:26.527000,1.11428,1.11427,3750000,1000000
2017-09-19 12:39:26.580000,1.11431,1.11429,1120000,1000000
2017-09-19 12:39:26.632000,1.11428,1.11426,1000000,3600000
2017-09-19 12:39:26.939000,1.11434,1.11432,1870000,1000000
2017-09-19 12:39:27.345000,1.11432,1.1143,1120000,3190000
2017-09-19 12:39:27.550000,1.11434,1.11432,1120000,1120000
2017-09-19 12:39:27.655000,1.11436,1.11433,1310000,1120000
2017-09-19 12:39:27.862000,1.1144,1.11437,2810000,1300000
2017-09-19 12:39:28.177000,1.11441,1.11439,1250000,1000000
2017-09-19 12:39:28.230000,1.11441,1.11437,1870000,1870000
2017-09-19 12:39:28.438000,1.11439,1.11436,2810000,1000000
2017-09-19 12:39:28.490000,1.11438,1.11434,2440000,1200000
2017-09-19 12:39:28.542000,1.11435,1.11433,1000000,1120000
2017-09-19 12:39:29.373000,1.11435,1.11432,1000000,3940000
2017-09-19 12:39:29.580000,1.11438,1.11435,3070000,4160000
2017-09-19 12:39:29.633000,1.11439,1.11437,2810000,1000000
2017-09-19 12:39:29.941000,1.11437,1.11434,1000000,1690000
2017-09-19 12:39:31.171000,1.11436,1.11433,1000000,2250000
2017-09-19 12:39:31.836000,1.11438,1.11436,1120000,2060000
2017-09-19 12:39:32.229000,1.11437,1.11434,1500000,2440000
2017-09-19 12:39:33.211000,1.11436,1.11434,1500000,1500000
2017-09-19 12:39:33.756000,1.11435,1.11433,1120000,1000000
2017-09-19 12:39:34.178000,1.11433,1.11432,1000000,1000000
2017-09-19 12:39:34.332000,1.11431,1.11429,1000000,1000000
2017-09-19 12:39:34.722000,1.1143,1.11428,1190000,2620000
2017-09-19 12:39:34.773000,1.11429,1.11426,1250000,1000000
2017-09-19 12:39:34.876000,1.11428,1.11425,3000000,3370000
2017-09-19 12:39:35.389000,1.11427,1.11425,1000000,1000000
2017-09-19 12:39:35.932000,1.11427,1.11426,1000000,1000000
2017-09-19 12:39:37.127000,1.11426,1.11425,1690000,1870000
2017-09-19 12:39:37.383000,1.11422,1.11419,5440000,1120000
2017-09-19 12:39:37.811000,1.11419,1.11416,2060000,6940000
2017-09-19 12:39:38.331000,1.11418,1.11414,5660000,1120000
2017-09-19 12:39:38.383000,1.11412,1.1141,2370000,1120000
2017-09-19 12:39:38.436000,1.11411,1.11409,2810000,1000000
2017-09-19 12:39:38.539000,1.1141,1.11407,2620000,1000000
2017-09-19 12:39:38.848000,1.11403,1.11401,1000000,1690000
2017-09-19 12:39:39.241000,1.11401,1.11399,1190000,2250000
2017-09-19 12:39:39.292000,1.11396,1.11394,1120000,1120000
2017-09-19 12:39:39.344000,1.11394,1.11393,8440000,1200000
2017-09-19 12:39:39.436000,1.11391,1.11388,1000000,10010000
2017-09-19 12:39:39.761000,1.11388,1.11387,2060000,1500000
2017-09-19 12:39:39.813000,1.11387,1.11383,1870000,2060000
2017-09-19 12:39:39.865000,1.11387,1.11386,1120000,9370000
2017-09-19 12:39:39.916000,1.11389,1.11388,3190000,1000000
2017-09-19 12:39:39.968000,1.11388,1.11386,1000000,1910000
2017-09-19 12:39:40.226000,1.11383,1.11381,1120000,1570000
2017-09-19 12:39:40.489000,1.11389,1.11387,1000000,1000000
2017-09-19 12:39:40.950000,1.11391,1.11389,1190000,1000000
2017-09-19 12:39:41.104000,1.11396,1.11394,3750000,1000000
2017-09-19 12:39:41.156000,1.11396,1.11393,1370000,3220000
2017-09-19 12:39:41.275000,1.11397,1.11395,1310000,1500000
2017-09-19 12:39:41.434000,1.114,1.11396,2810000,2330000
2017-09-19 12:39:41.793000,1.11402,1.114,3560000,1000000
2017-09-19 12:39:42.313000,1.11403,1.11401,2440000,1000000
2017-09-19 12:39:42.366000,1.11403,1.114,1940000,1000000
2017-09-19 12:39:42.572000,1.11405,1.11401,1690000,2170000
2017-09-19 12:39:43.010000,1.11405,1.11402,2250000,1000000
2017-09-19 12:39:43.062000,1.11403,1.114,1120000,4570000
2017-09-19 12:39:43.624000,1.11402,1.11401,1000000,1200000
2017-09-19 12:39:44.153000,1.11402,1.114,1000000,1570000
2017-09-19 12:39:44.308000,1.114,1.11399,5250000,1100000
2017-09-19 12:39:44.412000,1.11396,1.11394,1120000,1200000
2017-09-19 12:39:44.620000,1.11395,1.11393,2620000,1800000
2017-09-19 12:39:44.672000,1.1139,1.11388,1120000,4390000
2017-09-19 12:39:45.029000,1.11392,1.1139,1120000,1120000
2017-09-19 12:39:45.183000,1.11395,1.11392,1120000,7200000
2017-09-19 12:39:45.234000,1.11395,1.11394,1120000,1000000
2017-09-19 12:39:45.735000,1.11396,1.11394,1120000,1200000
2017-09-19 12:39:46.042000,1.11393,1.11391,1000000,1570000
2017-09-19 12:39:46.349000,1.1139,1.11388,1500000,3820000
2017-09-19 12:39:46.554000,1.11395,1.11393,1120000,1250000
2017-09-19 12:39:46.811000,1.11396,1.11394,1000000,2250000
2017-09-19 12:39:46.914000,1.11397,1.11396,1310000,2060000
2017-09-19 12:39:47.398000,1.11396,1.11394,1000000,1950000
2017-09-19 12:39:48.092000,1.11388,1.11385,1000000,1620000
2017-09-19 12:39:48.195000,1.11384,1.11383,1120000,1000000
2017-09-19 12:39:48.812000,1.11385,1.11383,1690000,1000000
2017-09-19 12:39:48.999000,1.11397,1.11394,1390000,1000000
2017-09-19 12:39:49.154000,1.11399,1.11396,3560000,1000000
2017-09-19 12:39:49.494000,1.11396,1.11394,1000000,1000000
2017-09-19 12:39:50.158000,1.11396,1.11394,1000000,2250000
2017-09-19 12:39:50.692000,1.11396,1.11394,1000000,1000000
2017-09-19 12:39:51.050000,1.11395,1.11391,1870000,1100000
2017-09-19 12:39:51.102000,1.11393,1.11391,1500000,1100000
2017-09-19 12:39:51.598000,1.11391,1.11389,1000000,1870000
2017-09-19 12:39:51.700000,1.11389,1.11385,2060000,1200000
2017-09-19 12:39:51.753000,1.11385,1.11384,1000000,1870000
2017-09-19 12:39:52.061000,1.11387,1.11386,1000000,1120000
2017-09-19 12:39:52.113000,1.11389,1.11387,3560000,1000000
2017-09-19 12:39:52.369000,1.11387,1.11386,1310000,3000000
2017-09-19 12:39:52.420000,1.11387,1.11383,1500000,3000000
2017-09-19 12:39:52.549000,1.11387,1.11383,1500000,2250000
2017-09-19 12:39:52.602000,1.11384,1.11382,2250000,2060000
2017-09-19 12:39:53.164000,1.11384,1.11382,1250000,1000000
2017-09-19 12:39:53.575000,1.11388,1.11386,1000000,2250000
2017-09-19 12:39:53.891000,1.11391,1.1139,1120000,1000000
2017-09-19 12:39:54.200000,1.11387,1.11385,5250000,2250000
2017-09-19 12:39:54.395000,1.11383,1.11381,1000000,5620000
2017-09-19 12:39:54.449000,1.11384,1.11382,1120000,1500000
2017-09-19 12:39:55.064000,1.11384,1.11382,3560000,1120000
2017-09-19 12:39:55.116000,1.11382,1.11378,2440000,1420000
2017-09-19 12:39:55.283000,1.11376,1.11375,1000000,3000000
2017-09-19 12:39:55.595000,1.11374,1.11372,1310000,5440000
2017-09-19 12:39:55.647000,1.11367,1.11365,1000000,1570000
2017-09-19 12:39:55.752000,1.11365,1.11363,1000000,4760000
2017-09-19 12:39:56.093000,1.1137,1.11368,1500000,1500000
2017-09-19 12:39:56.403000,1.11357,1.11355,1570000,1120000
2017-09-19 12:39:56.633000,1.11355,1.11354,1000000,1000000
2017-09-19 12:39:56.687000,1.11352,1.11349,1000000,12640000
2017-09-19 12:39:57,1.11358,1.11356,1870000,5250000
2017-09-19 12:39:57.284000,1.11359,1.11357,1120000,2620000
2017-09-19 12:39:57.337000,1.11365,1.11363,5250000,2620000
2017-09-19 12:39:57.389000,1.11368,1.11365,1870000,1870000
2017-09-19 12:39:57.442000,1.11371,1.11369,2060000,1000000
2017-09-19 12:39:57.494000,1.11374,1.11371,11440000,2470000
2017-09-19 12:39:57.808000,1.11381,1.11376,1690000,1310000
2017-09-19 12:39:57.961000,1.11382,1.1138,1100000,3640000
2017-09-19 12:39:58.013000,1.11387,1.11384,1190000,2250000
2017-09-19 12:39:58.475000,1.11388,1.11386,1120000,1000000
2017-09-19 12:39:58.579000,1.11389,1.11387,1310000,1000000
2017-09-19 12:39:58.726000,1.11387,1.11383,4690000,1200000
2017-09-19 12:39:58.778000,1.11385,1.11383,1500000,1370000
2017-09-19 12:39:59.290000,1.11387,1.11383,1190000,1740000
2017-09-19 12:39:59.342000,1.11384,1.11381,1000000,7990000
2017-09-19 12:39:59.652000,1.11375,1.11371,1250000,1940000
2017-09-19 12:39:59.755000,1.11373,1.11371,1500000,1000000
2017-09-19 12:40:00.012000,1.11371,1.11369,1870000,1200000
2017-09-19 12:40:00.065000,1.11366,1.11363,1000000,3560000
2017-09-19 12:40:00.278000,1.11361,1.11359,1000000,2250000
2017-09-19 12:40:00.687000,1.11359,1.11357,1730000,1500000
2017-09-19 12:40:00.918000,1.11355,1.11353,4870000,1870000
2017-09-19 12:40:01.023000,1.11361,1.1136,1000000,2620000
2017-09-19 12:40:01.077000,1.11365,1.11363,1200000,1870000
2017-09-19 12:40:01.386000,1.1136,1.11358,1000000,1000000
2017-09-19 12:40:01.645000,1.11362,1.11359,1000000,1310000
2017-09-19 12:40:01.750000,1.11366,1.11363,2510000,1000000
2017-09-19 12:40:01.956000,1.11366,1.11362,1100000,2440000
2017-09-19 12:40:02.405000,1.11368,1.11363,1000000,3790000
2017-09-19 12:40:02.456000,1.1137,1.11367,2890000,1000000
2017-09-19 12:40:02.764000,1.11369,1.11366,5810000,1000000
2017-09-19 12:40:03.267000,1.1137,1.11367,1390000,1500000
2017-09-19 12:40:03.474000,1.11373,1.11368,1390000,2440000
2017-09-19 12:40:03.526000,1.11373,1.11371,1950000,8250000
2017-09-19 12:40:03.894000,1.11368,1.11367,2250000,1100000
2017-09-19 12:40:04.392000,1.11373,1.11371,1870000,2100000
2017-09-19 12:40:04.496000,1.11375,1.11373,1870000,1120000
2017-09-19 12:40:04.549000,1.11376,1.11374,1500000,1120000
2017-09-19 12:40:05.061000,1.11376,1.11375,1000000,1870000
2017-09-19 12:40:05.165000,1.1137,1.11368,4160000,2620000
2017-09-19 12:40:05.218000,1.11368,1.11366,1500000,1120000
2017-09-19 12:40:05.613000,1.11363,1.11361,1350000,1120000
2017-09-19 12:40:05.920000,1.1136,1.11357,1000000,3110000
2017-09-19 12:40:06.521000,1.1136,1.11357,1000000,2440000
2017-09-19 12:40:06.930000,1.11364,1.11363,1000000,1120000
2017-09-19 12:40:07.252000,1.11363,1.11361,2060000,1000000
2017-09-19 12:40:08.239000,1.1136,1.11358,1250000,1120000
2017-09-19 12:40:08.344000,1.11359,1.11357,3190000,1000000
2017-09-19 12:40:08.448000,1.11358,1.11355,3190000,1000000
2017-09-19 12:40:08.500000,1.11361,1.11358,2700000,1120000
2017-09-19 12:40:08.654000,1.11361,1.11359,1120000,1120000
2017-09-19 12:40:08.900000,1.11364,1.11361,2140000,1000000
2017-09-19 12:40:09.209000,1.11368,1.11366,1310000,1000000
2017-09-19 12:40:09.652000,1.11367,1.11364,1690000,1950000
2017-09-19 12:40:09.704000,1.11365,1.11363,3940000,1500000
2017-09-19 12:40:09.756000,1.11364,1.11362,2060000,1120000
2017-09-19 12:40:09.808000,1.11363,1.11361,1310000,1870000
2017-09-19 12:40:10.322000,1.11363,1.11361,2440000,1000000
2017-09-19 12:40:10.876000,1.11364,1.11362,1190000,1120000
2017-09-19 12:40:11.234000,1.11365,1.11363,2060000,1000000
2017-09-19 12:40:11.394000,1.11368,1.11366,2060000,1500000
2017-09-19 12:40:11.445000,1.1137,1.11367,2810000,1000000
2017-09-19 12:40:11.701000,1.11367,1.11364,1120000,1500000
2017-09-19 12:40:11.856000,1.11363,1.1136,1690000,1120000
2017-09-19 12:40:12.396000,1.11361,1.11358,1000000,2250000
2017-09-19 12:40:12.499000,1.11363,1.1136,1870000,1000000
2017-09-19 12:40:12.953000,1.11365,1.11362,1690000,1000000
2017-09-19 12:40:13.480000,1.11367,1.11364,1500000,1690000
2017-09-19 12:40:13.531000,1.11369,1.11366,1120000,1500000
2017-09-19 12:40:14.050000,1.11368,1.11366,2810000,1120000
2017-09-19 12:40:14.359000,1.11363,1.11362,1500000,4120000
2017-09-19 12:40:14.463000,1.11364,1.11361,7570000,1000000
2017-09-19 12:40:15.487000,1.11364,1.11362,1870000,1000000
2017-09-19 12:40:15.843000,1.11367,1.11364,2620000,1120000
2017-09-19 12:40:15.947000,1.11368,1.11365,1690000,1000000
2017-09-19 12:40:16.203000,1.11366,1.11363,1500000,1500000
2017-09-19 12:40:16.464000,1.11364,1.11361,2620000,1120000
2017-09-19 12:40:16.774000,1.11362,1.11359,1310000,1500000
2017-09-19 12:40:17.265000,1.11364,1.11361,2140000,1000000
2017-09-19 12:40:17.470000,1.11366,1.11363,2440000,1000000
2017-09-19 12:40:17.784000,1.11373,1.11371,2140000,1000000
2017-09-19 12:40:18.083000,1.11372,1.1137,1190000,1000000
2017-09-19 12:40:18.341000,1.11371,1.11368,2440000,1500000
2017-09-19 12:40:18.600000,1.11368,1.11367,1000000,1120000
2017-09-19 12:40:18.802000,1.1137,1.11367,1000000,1870000
2017-09-19 12:40:18.854000,1.11371,1.11368,1250000,1570000
2017-09-19 12:40:19.365000,1.1137,1.11368,1250000,1370000
2017-09-19 12:40:19.746000,1.11369,1.11367,1000000,1500000
2017-09-19 12:40:20.054000,1.11371,1.11369,1000000,1370000
2017-09-19 12:40:20.548000,1.11373,1.11371,1000000,1500000
2017-09-19 12:40:20.804000,1.11375,1.11373,1250000,1870000
2017-09-19 12:40:20.958000,1.11374,1.11373,1000000,1000000
2017-09-19 12:40:21.281000,1.11375,1.11373,1250000,1500000
2017-09-19 12:40:21.797000,1.11376,1.11373,1310000,1500000
2017-09-19 12:40:22.058000,1.11377,1.11375,3000000,1000000
2017-09-19 12:40:22.569000,1.11376,1.11374,2250000,1500000
2017-09-19 12:40:22.874000,1.11378,1.11375,4310000,1000000
2017-09-19 12:40:22.931000,1.11377,1.11374,3190000,1870000
2017-09-19 12:40:23.037000,1.11376,1.11374,1310000,1870000
2017-09-19 12:40:23.598000,1.11377,1.11375,2440000,1000000
2017-09-19 12:40:24.116000,1.11377,1.11376,1310000,1000000
2017-09-19 12:40:24.643000,1.11377,1.11374,2060000,1870000
2017-09-19 12:40:25.267000,1.11378,1.11375,1120000,1870000
2017-09-19 12:40:25.371000,1.1138,1.11377,2850000,1000000
2017-09-19 12:40:25.887000,1.11379,1.11376,3370000,2250000
2017-09-19 12:40:26.398000,1.11379,1.11378,1310000,1000000
2017-09-19 12:40:26.908000,1.11379,1.11377,1500000,1120000
2017-09-19 12:40:27.521000,1.11379,1.11378,1000000,1000000
2017-09-19 12:40:28.037000,1.11378,1.11376,2250000,1870000
2017-09-19 12:40:28.293000,1.11379,1.11377,1120000,1620000
2017-09-19 12:40:28.345000,1.11381,1.11379,1910000,4500000
2017-09-19 12:40:28.448000,1.11383,1.11381,3370000,2250000
2017-09-19 12:40:28.691000,1.11386,1.11384,1000000,6370000
2017-09-19 12:40:28.847000,1.11388,1.11385,4310000,5250000
2017-09-19 12:40:29.382000,1.11388,1.11386,1120000,1500000
2017-09-19 12:40:29.441000,1.11402,1.114,4350000,1000000
2017-09-19 12:40:29.493000,1.114,1.11397,13500000,2440000
