time,ask,bid,ask_volume,bid_volume
2019-03-11 06:55:00.199000,8.73621,8.73432,1000000,1000000
2019-03-11 06:55:01.081000,8.73632,8.73432,2300000,1000000
2019-03-11 06:55:01.132000,8.73631,8.73442,1800000,1000000
2019-03-11 06:55:01.729000,8.73627,8.73433,1800000,1000000
2019-03-11 06:55:01.780000,8.73605,8.73433,1000000,1000000
2019-03-11 06:55:02.093000,8.73633,8.73465,1000000,1000000
2019-03-11 06:55:02.199000,8.73633,8.73453,1000000,1800000
2019-03-11 06:55:02.250000,8.73701,8.73531,1000000,1000000
2019-03-11 06:55:02.301000,8.73705,8.73522,1000000,1000000
2019-03-11 06:55:02.352000,8.73712,8.73522,1000000,1000000
2019-03-11 06:55:02.453000,8.73712,8.7349,1000000,1000000
2019-03-11 06:55:02.504000,8.73713,8.73502,1000000,1000000
2019-03-11 06:55:02.869000,8.73693,8.73502,1000000,1000000
2019-03-11 06:55:02.920000,8.73703,8.73502,1000000,1000000
2019-03-11 06:55:03.868000,8.73683,8.73502,1000000,1000000
2019-03-11 06:55:07.148000,8.73683,8.73499,1000000,1000000
2019-03-11 06:55:08.102000,8.73683,8.73494,1000000,1000000
2019-03-11 06:55:16.647000,8.73683,8.73488,1000000,1000000
2019-03-11 06:55:29.701000,8.73683,8.73482,1000000,1000000
2019-03-11 06:55:35.199000,8.73672,8.73468,1000000,1000000
2019-03-11 06:55:35.435000,8.73663,8.73468,1000000,1000000
2019-03-11 06:55:35.486000,8.7365,8.73444,1000000,1000000
2019-03-11 06:55:35.587000,8.73647,8.73438,1000000,1000000
2019-03-11 06:55:40.490000,8.73636,8.73434,1000000,1000000
2019-03-11 06:55:42.946000,8.73657,8.73412,1000000,1000000
2019-03-11 06:55:47.295000,8.73656,8.73408,1000000,1000000
2019-03-11 06:55:53.037000,8.73653,8.73408,1000000,1000000
2019-03-11 06:55:55.855000,8.73653,8.73406,1000000,1000000
2019-03-11 06:55:58.519000,8.7365,8.73404,1000000,1000000
2019-03-11 06:56:02.318000,8.73655,8.73409,1000000,1000000
2019-03-11 06:56:03.394000,8.73656,8.73409,1000000,1000000
2019-03-11 06:56:04.207000,8.73657,8.73423,1000000,1800000
2019-03-11 06:56:04.258000,8.73667,8.73407,1000000,1000000
2019-03-11 06:56:04.309000,8.7365,8.73407,1000000,1000000
2019-03-11 06:56:04.411000,8.73573,8.73362,1000000,1000000
2019-03-11 06:56:04.462000,8.7358,8.73226,1000000,1700000
2019-03-11 06:56:04.513000,8.7352,8.73244,1000000,1800000
2019-03-11 06:56:04.564000,8.73527,8.73244,1000000,1800000
2019-03-11 06:56:04.615000,8.73564,8.73242,1800000,1800000
2019-03-11 06:56:04.666000,8.73537,8.73286,1800000,1000000
2019-03-11 06:56:04.767000,8.73505,8.73258,1000000,1800000
2019-03-11 06:56:04.818000,8.73514,8.7326,1000000,1800000
2019-03-11 06:56:04.869000,8.73498,8.73252,1000000,1800000
2019-03-11 06:56:04.999000,8.73502,8.73255,1000000,1800000
2019-03-11 06:56:05.050000,8.73512,8.73265,1000000,1800000
2019-03-11 06:56:05.101000,8.73556,8.73255,1800000,1800000
2019-03-11 06:56:05.152000,8.73558,8.73279,1800000,1000000
2019-03-11 06:56:05.319000,8.7354,8.73286,1800000,1000000
2019-03-11 06:56:05.673000,8.73567,8.73283,1800000,1000000
2019-03-11 06:56:05.775000,8.73544,8.73284,1800000,1000000
2019-03-11 06:56:06.323000,8.73558,8.73289,1800000,1000000
2019-03-11 06:56:06.446000,8.73553,8.73298,1800000,1000000
2019-03-11 06:56:06.547000,8.73547,8.73297,1800000,1000000
2019-03-11 06:56:07.021000,8.73592,8.73296,1800000,1000000
2019-03-11 06:56:07.442000,8.73559,8.73301,1800000,1000000
2019-03-11 06:56:07.785000,8.73546,8.7328,1800000,1000000
2019-03-11 06:56:07.836000,8.73547,8.73303,1800000,1000000
2019-03-11 06:56:07.977000,8.73564,8.73307,1800000,1000000
2019-03-11 06:56:09.237000,8.73564,8.73307,1000000,1800000
2019-03-11 06:56:09.288000,8.73637,8.73465,1000000,1800000
2019-03-11 06:56:09.339000,8.73655,8.73476,1800000,1000000
2019-03-11 06:56:09.389000,8.7367,8.73495,1800000,1000000
2019-03-11 06:56:09.440000,8.73654,8.73374,1800000,1250000
2019-03-11 06:56:09.592000,8.73634,8.73383,1000000,1000000
2019-03-11 06:56:09.643000,8.73595,8.7338,1000000,1000000
2019-03-11 06:56:09.694000,8.73574,8.73262,1500000,1500000
2019-03-11 06:56:09.745000,8.73574,8.73282,1000000,1120000
2019-03-11 06:56:09.795000,8.73571,8.73282,1800000,1120000
2019-03-11 06:56:09.846000,8.73564,8.73269,1800000,1000000
2019-03-11 06:56:09.897000,8.73573,8.7323,1800000,1300000
2019-03-11 06:56:09.998000,8.73573,8.73222,1800000,1300000
2019-03-11 06:56:10.136000,8.73573,8.73296,1800000,1000000
2019-03-11 06:56:10.187000,8.73573,8.73292,1800000,1000000
2019-03-11 06:56:10.237000,8.73573,8.73296,1800000,1000000
2019-03-11 06:56:10.339000,8.73554,8.73307,1800000,1000000
2019-03-11 06:56:10.941000,8.73539,8.73292,1000000,1000000
2019-03-11 06:56:11.870000,8.73536,8.73289,1000000,1800000
2019-03-11 06:56:12.061000,8.73555,8.73308,1800000,1000000
2019-03-11 06:56:12.844000,8.73614,8.73264,1800000,1800000
2019-03-11 06:56:12.996000,8.73575,8.73304,1800000,1000000
2019-03-11 06:56:13.097000,8.73557,8.73306,1800000,1000000
2019-03-11 06:56:13.387000,8.73615,8.73313,1800000,1000000
2019-03-11 06:56:13.488000,8.7357,8.73316,1800000,1000000
2019-03-11 06:56:17.329000,8.73562,8.73315,1800000,1000000
2019-03-11 06:56:18.362000,8.73563,8.73313,1800000,1000000
2019-03-11 06:56:20.897000,8.73567,8.73317,1800000,1000000
2019-03-11 06:56:21.414000,8.73569,8.73301,1800000,1000000
2019-03-11 06:56:21.553000,8.73562,8.73312,1800000,1000000
2019-03-11 06:56:21.805000,8.73562,8.73313,1800000,1000000
2019-03-11 06:56:21.856000,8.73559,8.73298,1800000,1000000
2019-03-11 06:56:23.935000,8.73566,8.73312,1800000,1000000
2019-03-11 06:56:26.680000,8.73572,8.73317,1800000,1000000
2019-03-11 06:56:29.370000,8.73567,8.73312,1800000,1000000
2019-03-11 06:56:30.615000,8.7359,8.73343,1800000,1000000
2019-03-11 06:56:30.666000,8.73583,8.73336,1800000,1000000
2019-03-11 06:56:30.718000,8.7363,8.7339,1800000,1000000
2019-03-11 06:56:30.769000,8.73627,8.73381,1800000,1000000
2019-03-11 06:56:30.871000,8.73628,8.73382,1800000,1000000
2019-03-11 06:56:31.080000,8.73638,8.73391,1800000,1000000
2019-03-11 06:56:31.182000,8.73638,8.73391,1000000,1000000
2019-03-11 06:56:31.618000,8.73643,8.73391,1800000,1000000
2019-03-11 06:56:31.669000,8.7364,8.73388,1350000,1000000
2019-03-11 06:56:32.243000,8.73634,8.73388,1000000,1000000
2019-03-11 06:56:32.476000,8.7364,8.73388,1800000,1000000
2019-03-11 06:56:32.528000,8.73625,8.73377,1800000,1000000
2019-03-11 06:56:32.579000,8.73567,8.73347,1000000,1000000
2019-03-11 06:56:32.631000,8.73633,8.73384,1000000,1000000
2019-03-11 06:56:32.682000,8.73598,8.73354,1800000,1000000
2019-03-11 06:56:32.784000,8.73582,8.73361,1800000,1000000
2019-03-11 06:56:32.936000,8.73582,8.73375,1800000,1000000
2019-03-11 06:56:33.038000,8.73582,8.73375,1000000,1000000
2019-03-11 06:56:33.449000,8.73551,8.73375,1000000,1000000
2019-03-11 06:56:35.165000,8.73551,8.73385,1000000,1000000
2019-03-11 06:56:35.266000,8.73551,8.73383,1000000,1000000
2019-03-11 06:56:35.388000,8.73551,8.73385,1000000,1000000
2019-03-11 06:56:35.618000,8.73551,8.73399,1000000,1000000
2019-03-11 06:56:35.669000,8.73551,8.73385,1000000,1000000
2019-03-11 06:56:35.773000,8.73551,8.73386,1000000,1000000
2019-03-11 06:56:37.168000,8.73551,8.73413,1000000,1000000
2019-03-11 06:56:37.218000,8.73551,8.73396,1000000,1000000
2019-03-11 06:56:37.790000,8.73551,8.73386,1000000,1000000
2019-03-11 06:56:38.801000,8.73551,8.73397,1000000,1000000
2019-03-11 06:56:38.852000,8.73551,8.73386,1000000,1000000
2019-03-11 06:56:39.262000,8.7362,8.73374,1500000,1000000
2019-03-11 06:56:39.313000,8.73592,8.73374,1000000,1000000
2019-03-11 06:56:39.364000,8.73607,8.73374,1000000,1000000
2019-03-11 06:56:39.415000,8.73575,8.73246,1800000,1800000
2019-03-11 06:56:39.563000,8.73607,8.73295,1800000,1000000
2019-03-11 06:56:39.664000,8.73607,8.73302,1800000,1000000
2019-03-11 06:56:39.765000,8.73607,8.73304,1800000,1000000
2019-03-11 06:56:39.816000,8.73607,8.733,1800000,1000000
2019-03-11 06:56:39.917000,8.73601,8.7331,1800000,1800000
2019-03-11 06:56:41.784000,8.73591,8.7332,1800000,1000000
2019-03-11 06:56:42.828000,8.73596,8.73322,1800000,1000000
2019-03-11 06:56:43.721000,8.73597,8.73323,1800000,1000000
2019-03-11 06:56:45.720000,8.73592,8.73319,1800000,1350000
2019-03-11 06:56:46.786000,8.73558,8.733,1000000,1800000
2019-03-11 06:56:46.837000,8.7354,8.7327,1800000,1000000
2019-03-11 06:56:46.888000,8.73523,8.73275,1800000,1000000
2019-03-11 06:56:46.989000,8.73595,8.73297,1800000,1000000
2019-03-11 06:56:47.091000,8.73543,8.73292,1800000,1000000
2019-03-11 06:56:47.192000,8.73571,8.73296,1800000,1000000
2019-03-11 06:56:47.243000,8.73546,8.73293,1800000,1000000
2019-03-11 06:56:47.294000,8.73524,8.73248,1800000,1800000
2019-03-11 06:56:47.345000,8.73516,8.73246,1800000,1000000
2019-03-11 06:56:47.446000,8.73515,8.73263,1800000,1000000
2019-03-11 06:56:47.598000,8.73537,8.73277,1800000,1000000
2019-03-11 06:56:47.648000,8.73524,8.73272,1800000,1000000
2019-03-11 06:56:47.699000,8.73514,8.73262,1800000,1000000
2019-03-11 06:56:47.862000,8.73544,8.7326,1800000,1000000
2019-03-11 06:56:47.912000,8.73518,8.73263,1800000,1000000
2019-03-11 06:56:48.266000,8.73538,8.73261,1800000,1000000
2019-03-11 06:56:48.367000,8.73531,8.73259,1800000,1000000
2019-03-11 06:56:48.418000,8.73524,8.73272,1800000,1000000
2019-03-11 06:56:48.519000,8.73524,8.73276,1800000,1000000
2019-03-11 06:56:48.671000,8.73524,8.73294,1800000,1000000
2019-03-11 06:56:48.825000,8.73524,8.73272,1800000,1000000
2019-03-11 06:56:48.929000,8.73524,8.73273,1800000,1000000
2019-03-11 06:56:48.980000,8.73544,8.73285,1800000,1000000
2019-03-11 06:56:49.031000,8.73534,8.73281,1800000,1000000
2019-03-11 06:56:49.132000,8.73544,8.7329,1800000,1000000
2019-03-11 06:56:49.234000,8.73541,8.73289,1800000,1000000
2019-03-11 06:56:49.588000,8.73522,8.73277,1800000,1000000
2019-03-11 06:56:49.895000,8.7354,8.73284,1800000,1000000
2019-03-11 06:56:50.005000,8.73522,8.73277,1800000,1000000
2019-03-11 06:56:50.056000,8.73527,8.73247,1800000,1000000
2019-03-11 06:56:50.107000,8.73506,8.73261,1800000,1000000
2019-03-11 06:56:50.259000,8.73488,8.73254,1800000,1000000
2019-03-11 06:56:50.310000,8.73502,8.73243,1800000,1000000
2019-03-11 06:56:50.361000,8.73502,8.73264,1800000,1000000
2019-03-11 06:56:51.686000,8.73544,8.73277,1800000,1000000
2019-03-11 06:56:51.737000,8.73544,8.73275,1800000,1000000
2019-03-11 06:56:51.788000,8.73511,8.73259,1800000,1800000
2019-03-11 06:56:51.839000,8.73543,8.73288,1800000,1000000
2019-03-11 06:56:51.890000,8.73583,8.73271,1800000,1000000
2019-03-11 06:56:51.991000,8.73495,8.73271,1000000,1000000
2019-03-11 06:56:52.042000,8.73578,8.73209,1800000,1800000
2019-03-11 06:56:52.093000,8.73578,8.73262,1800000,1000000
2019-03-11 06:56:52.194000,8.73578,8.73281,1800000,1000000
2019-03-11 06:56:52.245000,8.73544,8.73273,1800000,1000000
2019-03-11 06:56:52.296000,8.73509,8.73257,1350000,1800000
2019-03-11 06:56:52.397000,8.73543,8.73281,1800000,1000000
2019-03-11 06:56:52.448000,8.7356,8.73268,1300000,1000000
2019-03-11 06:56:52.499000,8.73514,8.73263,1800000,1000000
2019-03-11 06:56:52.549000,8.73492,8.73263,1000000,1000000
2019-03-11 06:56:52.659000,8.73506,8.73255,1000000,1800000
2019-03-11 06:56:52.760000,8.73565,8.73275,1800000,1500000
2019-03-11 06:56:52.862000,8.73546,8.73289,1800000,1000000
2019-03-11 06:56:52.963000,8.73565,8.73286,1800000,1000000
2019-03-11 06:56:53.014000,8.7356,8.73296,1800000,1000000
2019-03-11 06:56:53.267000,8.73538,8.73286,1800000,1000000
2019-03-11 06:56:53.318000,8.73551,8.73292,1800000,1000000
2019-03-11 06:56:53.419000,8.7354,8.73288,1800000,1000000
2019-03-11 06:56:53.739000,8.73511,8.73262,1800000,1000000
2019-03-11 06:56:53.790000,8.7349,8.73238,1000000,1800000
2019-03-11 06:56:53.841000,8.73574,8.73254,1300000,1800000
2019-03-11 06:56:53.891000,8.73566,8.73278,1800000,1000000
2019-03-11 06:56:53.993000,8.73593,8.73343,1800000,1000000
2019-03-11 06:56:54.044000,8.73596,8.73346,1800000,1000000
2019-03-11 06:56:54.095000,8.73612,8.73328,1800000,1800000
2019-03-11 06:56:54.197000,8.73614,8.73365,1800000,1000000
2019-03-11 06:56:54.248000,8.73611,8.73359,1800000,1000000
2019-03-11 06:56:54.450000,8.73611,8.73335,1800000,1800000
2019-03-11 06:56:54.565000,8.73593,8.73344,1800000,1000000
2019-03-11 06:56:54.940000,8.7359,8.7333,1800000,1800000
2019-03-11 06:56:54.990000,8.73592,8.73341,1800000,1000000
2019-03-11 06:56:55.092000,8.7359,8.73338,1800000,1350000
2019-03-11 06:56:55.144000,8.73598,8.73345,1800000,1000000
2019-03-11 06:56:55.530000,8.73592,8.7334,1800000,1000000
2019-03-11 06:56:56.064000,8.73578,8.73326,1000000,1800000
2019-03-11 06:56:56.167000,8.73543,8.73262,1800000,1800000
2019-03-11 06:56:56.219000,8.73518,8.73252,1000000,1800000
2019-03-11 06:56:56.321000,8.73537,8.73235,1800000,1800000
2019-03-11 06:56:56.372000,8.73521,8.73222,1000000,1800000
2019-03-11 06:56:56.424000,8.73553,8.73236,1800000,1000000
2019-03-11 06:56:56.475000,8.73574,8.73323,1800000,1000000
2019-03-11 06:56:56.526000,8.73602,8.7335,1800000,1000000
2019-03-11 06:56:56.577000,8.73593,8.73342,1800000,1000000
2019-03-11 06:56:56.662000,8.73602,8.7335,1800000,1000000
2019-03-11 06:56:56.764000,8.73631,8.73394,1800000,1000000
2019-03-11 06:56:56.970000,8.73631,8.73394,1800000,1000000
2019-03-11 06:56:58.058000,8.73627,8.73375,1800000,1800000
2019-03-11 06:56:59.087000,8.73635,8.73385,1800000,1000000
2019-03-11 06:56:59.704000,8.73635,8.73386,1800000,1000000
2019-03-11 06:57:03.083000,8.73641,8.73391,1800000,1000000
2019-03-11 06:57:03.134000,8.73647,8.73387,1800000,1000000
2019-03-11 06:57:03.629000,8.73629,8.73386,1800000,1000000
2019-03-11 06:57:06.223000,8.73632,8.73392,1800000,1000000
2019-03-11 06:57:07.837000,8.7365,8.73397,1800000,1000000
2019-03-11 06:57:07.984000,8.73634,8.73392,1800000,1000000
2019-03-11 06:57:08.681000,8.73645,8.73393,1800000,1000000
2019-03-11 06:57:08.773000,8.73656,8.73406,1800000,1000000
2019-03-11 06:57:09.274000,8.73666,8.73414,1800000,1000000
2019-03-11 06:57:09.824000,8.73655,8.73403,1800000,1000000
2019-03-11 06:57:10.275000,8.73668,8.73416,1800000,1000000
2019-03-11 06:57:11.842000,8.73668,8.73416,1800000,1800000
2019-03-11 06:57:13.484000,8.73668,8.73422,1800000,1000000
2019-03-11 06:57:14.829000,8.73687,8.73422,1000000,1800000
2019-03-11 06:57:15.221000,8.73703,8.73451,1800000,1350000
2019-03-11 06:57:15.273000,8.73683,8.73422,1000000,1800000
2019-03-11 06:57:16.722000,8.7369,8.73422,1000000,1800000
2019-03-11 06:57:17.224000,8.73691,8.73422,1000000,1800000
2019-03-11 06:57:17.837000,8.73692,8.73422,1000000,1800000
2019-03-11 06:57:18.354000,8.7369,8.73422,1000000,1800000
2019-03-11 06:57:20.297000,8.73695,8.73451,1800000,1350000
2019-03-11 06:57:20.936000,8.73663,8.7342,1000000,1800000
2019-03-11 06:57:21.021000,8.73663,8.7342,1800000,1000000
2019-03-11 06:57:22.392000,8.73681,8.7342,1000000,1800000
2019-03-11 06:57:30.172000,8.73653,8.7342,1000000,1800000
2019-03-11 06:57:34.504000,8.73653,8.73395,1000000,1800000
2019-03-11 06:57:36.091000,8.73653,8.73428,1000000,1000000
2019-03-11 06:57:36.497000,8.73653,8.73428,1000000,1800000
2019-03-11 06:57:36.598000,8.73653,8.73515,1000000,1000000
2019-03-11 06:57:36.649000,8.73738,8.73515,1920000,1000000
2019-03-11 06:57:36.741000,8.73752,8.73537,1800000,1000000
2019-03-11 06:57:36.843000,8.73698,8.73433,1000000,1800000
2019-03-11 06:57:36.995000,8.73679,8.73433,1000000,1800000
2019-03-11 06:57:37.198000,8.73679,8.7343,1000000,1800000
2019-03-11 06:57:38.722000,8.73675,8.73429,1000000,1800000
2019-03-11 06:57:40.062000,8.73675,8.73429,1000000,1800000
2019-03-11 06:57:40.558000,8.73675,8.7343,1000000,1800000
2019-03-11 06:57:40.865000,8.73652,8.7343,1000000,1800000
2019-03-11 06:57:40.967000,8.73647,8.7343,1000000,1800000
2019-03-11 06:57:44.009000,8.73647,8.73437,1000000,1000000
2019-03-11 06:57:44.059000,8.73647,8.73439,1000000,1000000
2019-03-11 06:57:45.144000,8.73647,8.73434,1000000,1000000
2019-03-11 06:57:46.115000,8.73647,8.7343,1000000,1000000
2019-03-11 06:57:46.166000,8.73647,8.73439,1000000,1800000
2019-03-11 06:57:46.310000,8.7364,8.73445,1000000,1800000
2019-03-11 06:57:47.175000,8.7364,8.73445,1000000,1000000
2019-03-11 06:57:47.342000,8.7364,8.73447,1000000,1000000
2019-03-11 06:57:47.444000,8.7364,8.73446,1000000,1000000
2019-03-11 06:57:47.582000,8.7364,8.73449,1000000,1000000
2019-03-11 06:57:47.707000,8.7364,8.7344,1000000,1000000
2019-03-11 06:57:48.222000,8.7364,8.73454,1000000,1000000
2019-03-11 06:57:48.325000,8.7364,8.7345,1000000,1000000
2019-03-11 06:57:48.376000,8.7364,8.73436,1000000,1000000
2019-03-11 06:57:48.427000,8.7364,8.7344,1000000,1000000
2019-03-11 06:57:48.668000,8.7364,8.73431,1000000,1800000
2019-03-11 06:57:50.154000,8.7364,8.73431,1000000,1800000
2019-03-11 06:57:50.560000,8.73689,8.73529,1000000,1000000
2019-03-11 06:57:50.611000,8.73755,8.73514,1800000,1000000
2019-03-11 06:57:50.662000,8.73755,8.7353,1800000,1000000
2019-03-11 06:57:50.764000,8.73755,8.73532,1000000,1800000
2019-03-11 06:57:51.369000,8.73717,8.73439,1000000,2300000
2019-03-11 06:57:51.515000,8.73695,8.73461,1000000,1800000
2019-03-11 06:57:51.921000,8.73674,8.73439,1000000,1800000
2019-03-11 06:57:51.972000,8.73674,8.73439,1000000,1800000
2019-03-11 06:57:53.696000,8.73666,8.73446,1000000,1800000
2019-03-11 06:57:55.024000,8.73666,8.73447,1000000,1800000
2019-03-11 06:57:55.652000,8.73642,8.73447,1000000,1800000
2019-03-11 06:57:57.025000,8.73642,8.73433,1000000,1800000
2019-03-11 06:57:57.177000,8.73649,8.7342,1000000,1800000
2019-03-11 06:57:57.228000,8.73631,8.7343,1000000,1800000
2019-03-11 06:57:57.379000,8.73653,8.73441,1000000,1000000
2019-03-11 06:57:57.987000,8.73653,8.73439,1000000,1000000
2019-03-11 06:57:58.402000,8.7363,8.73421,1000000,1800000
2019-03-11 06:57:58.907000,8.73653,8.73447,1000000,1000000
2019-03-11 06:57:58.958000,8.73653,8.73441,1000000,1000000
2019-03-11 06:58:00.179000,8.73653,8.73436,1000000,1800000
2019-03-11 06:58:00.230000,8.73632,8.7343,1000000,1800000
2019-03-11 06:58:03.216000,8.73616,8.73417,1000000,1800000
2019-03-11 06:58:03.319000,8.73639,8.73433,1000000,1800000
2019-03-11 06:58:03.370000,8.73669,8.73446,1350000,1000000
2019-03-11 06:58:03.421000,8.73639,8.73448,1000000,1000000
2019-03-11 06:58:03.472000,8.73639,8.73432,1000000,1800000
2019-03-11 06:58:03.523000,8.73639,8.73445,1000000,1000000
2019-03-11 06:58:04.132000,8.73639,8.7344,1000000,1000000
2019-03-11 06:58:04.301000,8.73639,8.73437,1000000,1800000
2019-03-11 06:58:05.774000,8.73617,8.73428,1000000,1800000
2019-03-11 06:58:06.557000,8.73617,8.73413,1000000,1000000
2019-03-11 06:58:06.832000,8.73617,8.73409,1000000,1000000
2019-03-11 06:58:07.309000,8.73617,8.73397,1000000,1800000
2019-03-11 06:58:07.359000,8.73617,8.7341,1000000,1000000
2019-03-11 06:58:09.687000,8.73617,8.73407,1000000,1000000
2019-03-11 06:58:09.738000,8.73617,8.7342,1000000,1000000
2019-03-11 06:58:09.848000,8.73617,8.73416,1000000,1000000
2019-03-11 06:58:09.954000,8.73617,8.73421,1000000,1000000
2019-03-11 06:58:10.056000,8.73617,8.73421,1000000,1800000
2019-03-11 06:58:16.260000,8.73617,8.73413,1000000,1000000
2019-03-11 06:58:16.311000,8.73617,8.73404,1000000,1000000
2019-03-11 06:58:17.310000,8.73617,8.73396,1000000,1000000
2019-03-11 06:58:17.548000,8.73617,8.734,1000000,1000000
2019-03-11 06:58:17.649000,8.73617,8.73406,1000000,1000000
2019-03-11 06:58:17.851000,8.73617,8.73413,1000000,1000000
2019-03-11 06:58:18.226000,8.73617,8.73425,1000000,1000000
2019-03-11 06:58:18.277000,8.73617,8.73419,1000000,1000000
2019-03-11 06:58:18.328000,8.73617,8.73403,1000000,1000000
2019-03-11 06:58:18.379000,8.73617,8.73407,1000000,1000000
2019-03-11 06:58:18.581000,8.73617,8.73419,1000000,1000000
2019-03-11 06:58:18.683000,8.73617,8.73424,1000000,1000000
2019-03-11 06:58:18.734000,8.73617,8.73396,1000000,1000000
2019-03-11 06:58:18.785000,8.73617,8.73405,1000000,1000000
2019-03-11 06:58:19.084000,8.73617,8.73399,1000000,1000000
2019-03-11 06:58:19.236000,8.73596,8.73413,1000000,1000000
2019-03-11 06:58:19.286000,8.73596,8.734,1000000,1000000
2019-03-11 06:58:19.337000,8.73596,8.73411,1000000,1000000
2019-03-11 06:58:19.388000,8.73596,8.73393,1000000,1800000
2019-03-11 06:58:19.489000,8.73596,8.73406,1000000,1000000
2019-03-11 06:58:19.592000,8.73596,8.73412,1000000,1000000
2019-03-11 06:58:19.643000,8.73596,8.73403,1000000,1000000
2019-03-11 06:58:19.745000,8.73596,8.73416,1000000,1000000
2019-03-11 06:58:19.796000,8.73596,8.73407,1000000,1000000
2019-03-11 06:58:19.847000,8.73596,8.73411,1000000,1000000
2019-03-11 06:58:20.187000,8.73596,8.73422,1000000,1000000
2019-03-11 06:58:20.238000,8.73596,8.73407,1000000,1000000
2019-03-11 06:58:20.290000,8.73596,8.73419,1000000,1000000
2019-03-11 06:58:20.341000,8.73596,8.73416,1000000,1000000
2019-03-11 06:58:20.498000,8.73596,8.73417,1000000,1000000
2019-03-11 06:58:20.734000,8.73596,8.73398,1000000,1000000
2019-03-11 06:58:21.246000,8.73596,8.73409,1000000,1000000
2019-03-11 06:58:21.297000,8.73596,8.73396,1000000,1000000
2019-03-11 06:58:21.416000,8.73596,8.73411,1000000,1000000
2019-03-11 06:58:21.517000,8.73596,8.73397,1000000,1000000
2019-03-11 06:58:22.171000,8.73596,8.73384,1000000,1800000
2019-03-11 06:58:22.272000,8.73596,8.73405,1000000,1000000
2019-03-11 06:58:22.681000,8.73596,8.73421,1000000,1000000
2019-03-11 06:58:22.913000,8.73596,8.73419,1000000,1000000
2019-03-11 06:58:22.964000,8.73596,8.73409,1000000,1000000
2019-03-11 06:58:23.065000,8.73596,8.73422,1000000,1000000
2019-03-11 06:58:23.167000,8.73596,8.7341,1000000,1000000
2019-03-11 06:58:23.218000,8.73596,8.73401,1000000,1000000
2019-03-11 06:58:23.319000,8.73596,8.73407,1000000,1000000
2019-03-11 06:58:23.736000,8.73596,8.73397,1000000,1000000
2019-03-11 06:58:23.996000,8.73596,8.73406,1000000,1000000
2019-03-11 06:58:24.395000,8.73596,8.73396,1000000,1000000
2019-03-11 06:58:24.981000,8.73596,8.73377,1000000,1800000
2019-03-11 06:58:25.032000,8.73596,8.73402,1000000,1000000
2019-03-11 06:58:25.133000,8.73596,8.73392,1000000,1800000
2019-03-11 06:58:25.183000,8.73596,8.73401,1000000,1000000
2019-03-11 06:58:25.234000,8.73596,8.73387,1000000,1800000
2019-03-11 06:58:25.285000,8.73596,8.73403,1000000,1000000
2019-03-11 06:58:25.771000,8.73596,8.73412,1000000,1000000
2019-03-11 06:58:25.822000,8.73596,8.73402,1000000,1000000
2019-03-11 06:58:25.872000,8.73596,8.73405,1000000,1000000
2019-03-11 06:58:25.923000,8.73596,8.73384,1000000,1800000
2019-03-11 06:58:25.974000,8.73596,8.73417,1000000,1000000
2019-03-11 06:58:26.025000,8.73596,8.73407,1000000,1000000
2019-03-11 06:58:26.379000,8.73596,8.73396,1000000,1000000
2019-03-11 06:58:27.862000,8.73596,8.73404,1000000,1000000
2019-03-11 06:58:29.785000,8.73596,8.73395,1000000,1350000
2019-03-11 06:58:29.887000,8.73596,8.73375,1800000,1000000
2019-03-11 06:58:32.158000,8.73596,8.7341,1800000,1000000
2019-03-11 06:58:32.209000,8.73596,8.73382,1800000,1000000
2019-03-11 06:58:32.259000,8.73596,8.73411,1800000,1000000
2019-03-11 06:58:32.411000,8.73596,8.73399,1800000,1000000
2019-03-11 06:58:32.485000,8.73596,8.73411,1800000,1000000
2019-03-11 06:58:32.536000,8.73596,8.73402,1800000,1000000
2019-03-11 06:58:32.587000,8.73596,8.73381,1800000,1000000
2019-03-11 06:58:32.895000,8.73596,8.7339,1800000,1000000
2019-03-11 06:58:32.996000,8.73596,8.73392,1800000,1000000
2019-03-11 06:58:33.148000,8.73596,8.73399,1800000,1000000
2019-03-11 06:58:33.300000,8.73596,8.73379,1800000,1000000
2019-03-11 06:58:33.351000,8.73596,8.73396,1800000,1000000
2019-03-11 06:58:33.604000,8.73596,8.7338,1000000,1800000
2019-03-11 06:58:33.655000,8.73596,8.73412,1000000,1000000
2019-03-11 06:58:33.930000,8.73616,8.73421,1000000,1000000
2019-03-11 06:58:34.397000,8.73616,8.73424,1000000,1000000
2019-03-11 06:58:34.448000,8.73648,8.73422,1800000,1000000
2019-03-11 06:58:34.599000,8.73627,8.73419,1800000,1000000
2019-03-11 06:58:34.731000,8.73627,8.73419,1000000,1800000
2019-03-11 06:58:35.902000,8.73634,8.73424,1000000,1800000
2019-03-11 06:58:36.265000,8.73634,8.7342,1000000,1800000
2019-03-11 06:58:39.487000,8.73634,8.73413,1800000,1000000
2019-03-11 06:58:39.608000,8.73605,8.73404,1000000,1000000
2019-03-11 06:58:39.909000,8.73605,8.73411,1000000,1000000
2019-03-11 06:58:40.040000,8.73605,8.73416,1000000,1000000
2019-03-11 06:58:40.157000,8.73605,8.7341,1000000,1000000
2019-03-11 06:58:40.854000,8.73605,8.73409,1000000,1000000
2019-03-11 06:58:42.137000,8.73605,8.73406,1000000,1000000
2019-03-11 06:58:42.238000,8.73605,8.73395,1000000,1800000
2019-03-11 06:58:42.289000,8.73616,8.73395,1350000,1800000
2019-03-11 06:58:42.417000,8.73595,8.73395,1000000,1800000
2019-03-11 06:58:44.582000,8.73595,8.73391,1800000,1000000
2019-03-11 06:58:44.633000,8.73595,8.73386,1800000,1000000
2019-03-11 06:58:44.683000,8.73595,8.73404,1800000,1000000
2019-03-11 06:58:44.734000,8.73595,8.73393,1000000,1350000
2019-03-11 06:58:44.785000,8.73595,8.73412,1000000,1000000
2019-03-11 06:58:45.195000,8.73595,8.73395,1000000,1000000
2019-03-11 06:58:45.246000,8.73595,8.73405,1000000,1000000
2019-03-11 06:58:45.297000,8.73595,8.73394,1000000,1000000
2019-03-11 06:58:45.348000,8.73595,8.73398,1000000,1000000
2019-03-11 06:58:45.489000,8.73595,8.73374,1000000,2300000
2019-03-11 06:58:45.599000,8.73595,8.73407,1000000,1000000
2019-03-11 06:58:45.650000,8.73595,8.73397,1000000,1000000
2019-03-11 06:58:45.765000,8.73595,8.73376,1000000,1800000
2019-03-11 06:58:47.684000,8.73595,8.734,1000000,1000000
2019-03-11 06:58:47.735000,8.73595,8.7338,1000000,1800000
2019-03-11 06:58:47.937000,8.73595,8.73408,1000000,1000000
2019-03-11 06:58:48.444000,8.73595,8.73403,1800000,1000000
2019-03-11 06:58:48.495000,8.73595,8.73391,1800000,1000000
2019-03-11 06:58:48.598000,8.73595,8.73393,1000000,1800000
2019-03-11 06:58:48.660000,8.73595,8.73408,1000000,1000000
2019-03-11 06:58:48.711000,8.73595,8.7339,1000000,1800000
2019-03-11 06:58:48.762000,8.73595,8.73409,1000000,1000000
2019-03-11 06:58:48.904000,8.73595,8.73412,1000000,1000000
2019-03-11 06:58:49.287000,8.73595,8.73391,1000000,1800000
2019-03-11 06:58:49.338000,8.73595,8.73417,1000000,1000000
2019-03-11 06:58:49.390000,8.73595,8.73383,1000000,1800000
2019-03-11 06:58:49.492000,8.73595,8.73402,1000000,1000000
2019-03-11 06:58:49.543000,8.73595,8.73383,1000000,1800000
2019-03-11 06:58:49.900000,8.73595,8.73405,1000000,1000000
2019-03-11 06:58:50.053000,8.73595,8.73402,1000000,1000000
2019-03-11 06:58:50.123000,8.73595,8.73377,1000000,1800000
2019-03-11 06:58:50.174000,8.73595,8.73397,1800000,1000000
2019-03-11 06:58:50.326000,8.73595,8.73418,1800000,1000000
2019-03-11 06:58:50.783000,8.73595,8.73408,1800000,1000000
2019-03-11 06:58:50.834000,8.73595,8.73423,1800000,1000000
2019-03-11 06:58:50.935000,8.73595,8.7341,1800000,1000000
2019-03-11 06:58:50.986000,8.73595,8.7342,1800000,1000000
2019-03-11 06:58:51.278000,8.73595,8.73419,1800000,1000000
2019-03-11 06:58:51.329000,8.73595,8.73414,1800000,1000000
2019-03-11 06:58:51.380000,8.73595,8.73425,1800000,1000000
2019-03-11 06:58:51.481000,8.73658,8.73425,1000000,1800000
2019-03-11 06:58:52.045000,8.73629,8.73425,1000000,1800000
2019-03-11 06:58:52.835000,8.73611,8.73427,1000000,1000000
2019-03-11 06:58:53.087000,8.73611,8.73415,1000000,1000000
2019-03-11 06:58:53.138000,8.73611,8.73403,1000000,1800000
2019-03-11 06:58:53.189000,8.73611,8.73416,1000000,1000000
2019-03-11 06:58:53.290000,8.73633,8.73416,1800000,1000000
2019-03-11 06:58:53.341000,8.73633,8.73416,1000000,1800000
2019-03-11 06:58:54.022000,8.73611,8.73413,1000000,1000000
2019-03-11 06:58:54.476000,8.73611,8.73402,1000000,1800000
2019-03-11 06:58:54.526000,8.73611,8.73415,1000000,1000000
2019-03-11 06:58:54.832000,8.73611,8.73414,1000000,1000000
2019-03-11 06:58:55.148000,8.73611,8.73403,1000000,1800000
2019-03-11 06:58:55.300000,8.73611,8.73394,1800000,1000000
2019-03-11 06:58:56.009000,8.73611,8.7339,1800000,1000000
2019-03-11 06:58:56.110000,8.73605,8.73401,1800000,1000000
2019-03-11 06:58:56.161000,8.73605,8.73398,1800000,1000000
2019-03-11 06:58:56.212000,8.73605,8.7337,1800000,1800000
2019-03-11 06:58:56.263000,8.73583,8.73362,1000000,1800000
2019-03-11 06:58:56.615000,8.73598,8.73359,1800000,1800000
2019-03-11 06:58:56.667000,8.73583,8.73362,1000000,1800000
2019-03-11 06:58:57.128000,8.73594,8.73359,1350000,1800000
2019-03-11 06:58:57.264000,8.73572,8.73359,1000000,1800000
2019-03-11 06:58:57.897000,8.73572,8.7337,1800000,1000000
2019-03-11 06:58:57.948000,8.73572,8.73362,1800000,1000000
2019-03-11 06:58:58.049000,8.73572,8.73365,1800000,1000000
2019-03-11 06:58:58.100000,8.73572,8.73361,1800000,1000000
2019-03-11 06:58:58.151000,8.73572,8.73377,1800000,1000000
2019-03-11 06:58:58.202000,8.73572,8.73371,1800000,1000000
2019-03-11 06:58:58.342000,8.73572,8.73387,1800000,1000000
2019-03-11 06:58:58.443000,8.73572,8.73397,1800000,1000000
2019-03-11 06:58:58.647000,8.73572,8.73392,1800000,1000000
2019-03-11 06:58:58.749000,8.73572,8.73374,1800000,1000000
2019-03-11 06:58:58.800000,8.73572,8.73393,1800000,1000000
2019-03-11 06:58:58.851000,8.73572,8.73363,1800000,1000000
2019-03-11 06:58:58.902000,8.73572,8.73395,1800000,1000000
2019-03-11 06:58:59.003000,8.73594,8.73399,1800000,1000000
2019-03-11 06:58:59.054000,8.73594,8.73399,1000000,1000000
2019-03-11 06:58:59.105000,8.73626,8.73414,1800000,1000000
2019-03-11 06:58:59.227000,8.73595,8.734,1000000,1000000
2019-03-11 06:58:59.329000,8.73595,8.73374,1000000,1800000
2019-03-11 06:58:59.380000,8.73595,8.73396,1000000,1000000
2019-03-11 06:58:59.430000,8.73595,8.73376,1000000,1800000
2019-03-11 06:58:59.699000,8.73595,8.73398,1000000,1000000
2019-03-11 06:59:00.081000,8.73647,8.73398,1800000,1000000
2019-03-11 06:59:00.131000,8.73657,8.73408,1800000,1000000
2019-03-11 06:59:00.182000,8.73645,8.73398,1800000,1000000
2019-03-11 06:59:00.233000,8.73645,8.73396,1800000,1000000
2019-03-11 06:59:00.284000,8.73642,8.73393,1800000,1000000
2019-03-11 06:59:00.417000,8.73649,8.73402,1800000,1000000
2019-03-11 06:59:00.468000,8.73649,8.73402,1800000,1800000
2019-03-11 06:59:00.834000,8.73667,8.73418,1800000,1800000
2019-03-11 06:59:01.233000,8.73626,8.73377,1000000,1800000
2019-03-11 06:59:01.334000,8.73641,8.73391,1800000,1000000
2019-03-11 06:59:01.435000,8.73644,8.73395,1800000,1000000
2019-03-11 06:59:01.537000,8.73652,8.73403,1800000,1000000
2019-03-11 06:59:01.638000,8.73663,8.73414,1800000,1000000
2019-03-11 06:59:01.689000,8.73657,8.7341,1800000,1800000
2019-03-11 06:59:01.790000,8.73647,8.73398,1800000,1000000
2019-03-11 06:59:01.993000,8.73656,8.73408,1800000,1000000
2019-03-11 06:59:02.096000,8.73647,8.734,1000000,1800000
2019-03-11 06:59:02.147000,8.73682,8.73418,1000000,1000000
2019-03-11 06:59:02.248000,8.73672,8.73423,1000000,1000000
2019-03-11 06:59:02.349000,8.73691,8.73418,1000000,1000000
2019-03-11 06:59:02.400000,8.73686,8.73418,1000000,1000000
2019-03-11 06:59:02.502000,8.73692,8.73418,1000000,1000000
2019-03-11 06:59:02.553000,8.73681,8.73419,1000000,1000000
2019-03-11 06:59:03.216000,8.73711,8.73418,1500000,1000000
2019-03-11 06:59:03.317000,8.73711,8.73418,1000000,1000000
2019-03-11 06:59:05.880000,8.73693,8.73417,1000000,1000000
2019-03-11 06:59:05.982000,8.73693,8.73418,1000000,1000000
2019-03-11 06:59:06.295000,8.73697,8.73414,1000000,1000000
2019-03-11 06:59:06.396000,8.73699,8.73413,1000000,1000000
2019-03-11 06:59:09.807000,8.73698,8.73412,1000000,1000000
2019-03-11 06:59:17.118000,8.73768,8.73392,1300000,1000000
2019-03-11 06:59:24.109000,8.73778,8.73402,1300000,1000000
2019-03-11 06:59:24.574000,8.73778,8.73392,1300000,1000000
2019-03-11 06:59:25.074000,8.73778,8.73403,1300000,1000000
2019-03-11 06:59:25.574000,8.73778,8.73392,1300000,1000000
2019-03-11 06:59:27.082000,8.73793,8.73392,1000000,1000000
2019-03-11 06:59:27.575000,8.738,8.73402,1000000,1000000
2019-03-11 06:59:27.677000,8.738,8.73402,1000000,1000000
2019-03-11 06:59:28.578000,8.738,8.73412,1000000,1000000
2019-03-11 06:59:29.956000,8.738,8.73412,1000000,1000000
2019-03-11 06:59:30.014000,8.738,8.73361,1000000,1000000
2019-03-11 06:59:30.065000,8.73794,8.73332,1500000,1000000
2019-03-11 06:59:30.166000,8.73784,8.73315,1000000,1000000
2019-03-11 06:59:30.686000,8.73784,8.73262,1000000,1300000
2019-03-11 06:59:30.967000,8.73738,8.73245,1300000,1500000
2019-03-11 06:59:31.455000,8.73748,8.73245,1300000,1500000
2019-03-11 06:59:33.218000,8.73748,8.73245,1300000,1500000
2019-03-11 06:59:33.656000,8.73758,8.73236,1300000,1000000
2019-03-11 06:59:34.060000,8.73748,8.73236,1300000,1000000
2019-03-11 06:59:34.161000,8.7375,8.73236,1300000,1000000
2019-03-11 06:59:34.263000,8.73735,8.73233,1300000,1000000
2019-03-11 06:59:37.494000,8.73758,8.73223,1300000,1300000
2019-03-11 06:59:41.387000,8.73768,8.73186,1000000,1000000
2019-03-11 06:59:41.470000,8.73814,8.73252,1000000,1000000
2019-03-11 06:59:41.571000,8.7478,8.73889,1000000,1500000
2019-03-11 06:59:41.824000,8.75004,8.74445,9460000,1500000
2019-03-11 06:59:41.925000,8.749,8.74356,9770000,1000000
2019-03-11 06:59:41.975000,8.74984,8.74548,9310000,1000000
2019-03-11 06:59:42.026000,8.74982,8.74534,8790000,1000000
2019-03-11 06:59:42.077000,8.74977,8.74527,8790000,1000000
2019-03-11 06:59:42.201000,8.75077,8.74457,7210000,1000000
2019-03-11 06:59:42.302000,8.74933,8.74481,9610000,1000000
2019-03-11 06:59:42.352000,8.74929,8.74429,8500000,1000000
2019-03-11 06:59:42.403000,8.74996,8.74421,8500000,1000000
2019-03-11 06:59:42.656000,8.74988,8.74485,9370000,1000000
2019-03-11 06:59:42.886000,8.75105,8.74461,8160000,1670000
2019-03-11 06:59:42.937000,8.75114,8.74511,8160000,1000000
2019-03-11 06:59:43.089000,8.75099,8.74641,1490000,1000000
2019-03-11 06:59:43.190000,8.75287,8.74641,1000000,1000000
2019-03-11 06:59:43.241000,8.75295,8.74641,1500000,1000000
2019-03-11 06:59:43.342000,8.75313,8.74641,1500000,1000000
2019-03-11 06:59:43.454000,8.75366,8.74641,1500000,1000000
2019-03-11 06:59:43.505000,8.75455,8.74548,1500000,1000000
2019-03-11 06:59:43.556000,8.75455,8.74542,1500000,2000000
2019-03-11 06:59:43.657000,8.75525,8.74425,1500000,1500000
2019-03-11 06:59:43.758000,8.75443,8.74526,1000000,1000000
2019-03-11 06:59:43.809000,8.75458,8.74495,1000000,1570000
2019-03-11 06:59:44.058000,8.75443,8.74505,1000000,1000000
2019-03-11 06:59:44.109000,8.75754,8.74355,1050000,1000000
2019-03-11 06:59:44.210000,8.75753,8.74355,1400000,1000000
2019-03-11 06:59:44.261000,8.75708,8.74321,1480000,1000000
2019-03-11 06:59:44.792000,8.75707,8.74321,1620000,1000000
2019-03-11 06:59:45.099000,8.7587,8.74321,1690000,1000000
2019-03-11 06:59:45.200000,8.75832,8.74321,1720000,1000000
2019-03-11 06:59:45.301000,8.7583,8.74321,1250000,1000000
2019-03-11 06:59:45.402000,8.75845,8.74321,1000000,1000000
2019-03-11 06:59:45.453000,8.75826,8.74321,1340000,1000000
2019-03-11 06:59:45.560000,8.75855,8.74321,1480000,1000000
2019-03-11 06:59:45.611000,8.75648,8.74671,1500000,600000
2019-03-11 06:59:45.817000,8.75478,8.74394,1500000,1500000
2019-03-11 06:59:45.867000,8.75478,8.74592,1500000,1500000
2019-03-11 06:59:45.918000,8.75478,8.74625,1500000,1000000
2019-03-11 06:59:45.969000,8.75478,8.74585,1500000,1000000
2019-03-11 06:59:46.070000,8.75478,8.74546,1500000,1500000
2019-03-11 06:59:46.985000,8.75308,8.74496,1500000,1500000
2019-03-11 06:59:47.036000,8.75307,8.74454,1500000,1500000
2019-03-11 06:59:47.137000,8.75308,8.74367,1500000,1500000
2019-03-11 06:59:47.238000,8.75308,8.74328,1500000,1000000
2019-03-11 06:59:47.339000,8.75867,8.74328,1790000,1000000
2019-03-11 06:59:47.389000,8.75805,8.74328,1910000,1000000
2019-03-11 06:59:47.526000,8.75209,8.74328,750000,1000000
2019-03-11 06:59:47.577000,8.75798,8.74328,1050000,1000000
2019-03-11 06:59:47.628000,8.75788,8.74316,1000000,1000000
2019-03-11 06:59:47.679000,8.7577,8.74316,1400000,1000000
2019-03-11 06:59:47.730000,8.75785,8.74316,1780000,1000000
2019-03-11 06:59:47.831000,8.75786,8.74316,1570000,1000000
2019-03-11 06:59:47.882000,8.75701,8.74316,1550000,1000000
2019-03-11 06:59:48.033000,8.75702,8.74316,1540000,1000000
2019-03-11 06:59:48.184000,8.75669,8.74316,1000000,1000000
2019-03-11 06:59:48.335000,8.751,8.74316,750000,1000000
2019-03-11 06:59:48.385000,8.75108,8.74316,750000,1000000
2019-03-11 06:59:48.436000,8.75669,8.7425,1000000,1000000
2019-03-11 06:59:48.638000,8.75032,8.7425,1500000,1000000
2019-03-11 06:59:48.694000,8.75071,8.7425,750000,1000000
2019-03-11 06:59:48.795000,8.75669,8.7425,1000000,1000000
2019-03-11 06:59:48.896000,8.75025,8.7425,750000,1000000
2019-03-11 06:59:48.947000,8.75078,8.7425,750000,1000000
2019-03-11 06:59:49.048000,8.75669,8.7425,1000000,1000000
2019-03-11 06:59:49.222000,8.75093,8.7425,1500000,1000000
2019-03-11 06:59:49.272000,8.75095,8.7425,1500000,1000000
2019-03-11 06:59:49.323000,8.75669,8.7425,1000000,1000000
2019-03-11 06:59:49.374000,8.75004,8.7425,370000,1000000
2019-03-11 06:59:49.424000,8.75055,8.7425,750000,1000000
2019-03-11 06:59:49.475000,8.751,8.7425,750000,1000000
2019-03-11 06:59:49.526000,8.75669,8.7425,1120000,1000000
2019-03-11 06:59:49.627000,8.75677,8.7425,1000000,1000000
2019-03-11 06:59:49.677000,8.75037,8.7425,370000,1000000
2019-03-11 06:59:49.728000,8.75078,8.7425,750000,1000000
2019-03-11 06:59:49.829000,8.75669,8.7425,1000000,1000000
2019-03-11 06:59:50.006000,8.75032,8.7425,370000,1000000
2019-03-11 06:59:50.057000,8.75051,8.7425,750000,1000000
2019-03-11 06:59:50.158000,8.75076,8.7425,750000,1000000
2019-03-11 06:59:50.259000,8.75607,8.7425,1760000,1000000
2019-03-11 06:59:50.572000,8.75077,8.7425,1500000,1000000
2019-03-11 06:59:50.673000,8.75022,8.7425,750000,1000000
2019-03-11 06:59:50.724000,8.75607,8.7425,1380000,1000000
2019-03-11 06:59:50.890000,8.74936,8.7425,370000,1000000
2019-03-11 06:59:50.941000,8.74953,8.7425,750000,1000000
2019-03-11 06:59:51.042000,8.75607,8.74328,1590000,1000000
2019-03-11 06:59:51.092000,8.75497,8.74328,1000000,1000000
2019-03-11 06:59:51.193000,8.74958,8.74328,370000,1000000
2019-03-11 06:59:51.244000,8.75026,8.74328,1500000,1000000
2019-03-11 06:59:51.489000,8.749,8.74328,370000,1000000
2019-03-11 06:59:51.540000,8.74941,8.74328,750000,750000
2019-03-11 06:59:51.591000,8.74987,8.74328,1500000,1000000
2019-03-11 06:59:51.986000,8.75078,8.74328,750000,1000000
2019-03-11 06:59:52.191000,8.75011,8.74347,370000,1000000
2019-03-11 06:59:52.242000,8.7506,8.74328,750000,1000000
2019-03-11 06:59:52.343000,8.75078,8.74328,750000,1500000
2019-03-11 06:59:52.393000,8.75078,8.74328,750000,1000000
2019-03-11 06:59:52.494000,8.75088,8.74328,1500000,1500000
2019-03-11 06:59:52.580000,8.75078,8.74328,750000,1000000
2019-03-11 06:59:52.681000,8.74957,8.74328,750000,1000000
2019-03-11 06:59:52.782000,8.74966,8.74328,750000,1500000
2019-03-11 06:59:52.833000,8.74958,8.74367,750000,1000000
2019-03-11 06:59:52.883000,8.74958,8.74328,750000,1500000
2019-03-11 06:59:52.991000,8.74958,8.74328,750000,1500000
2019-03-11 06:59:53.042000,8.74958,8.74328,750000,1000000
2019-03-11 06:59:53.093000,8.74957,8.74328,750000,1500000
2019-03-11 06:59:53.194000,8.74958,8.74328,750000,1500000
2019-03-11 06:59:53.296000,8.74958,8.74352,750000,1000000
2019-03-11 06:59:53.397000,8.74958,8.74328,750000,1000000
2019-03-11 06:59:53.762000,8.74918,8.74328,370000,1000000
2019-03-11 06:59:53.864000,8.74912,8.74328,370000,1000000
2019-03-11 06:59:53.915000,8.75112,8.74328,1000000,1000000
2019-03-11 06:59:53.965000,8.74842,8.74328,370000,1000000
2019-03-11 06:59:54.068000,8.75118,8.74328,1000000,1000000
2019-03-11 06:59:54.169000,8.75112,8.74328,1000000,1000000
2019-03-11 06:59:55.213000,8.75112,8.74328,1000000,1000000
2019-03-11 06:59:55.345000,8.75116,8.74328,1000000,1000000
2019-03-11 06:59:55.793000,8.75116,8.74299,1000000,1000000
2019-03-11 06:59:56.109000,8.74823,8.74299,370000,1000000
2019-03-11 06:59:56.159000,8.74825,8.74299,370000,1000000
2019-03-11 06:59:56.332000,8.75105,8.74299,1000000,1000000
2019-03-11 06:59:56.404000,8.75105,8.74299,1000000,1000000
2019-03-11 06:59:56.685000,8.7492,8.74299,370000,1100000
2019-03-11 06:59:56.787000,8.74854,8.74299,750000,1100000
2019-03-11 06:59:56.837000,8.74819,8.74299,750000,1000000
2019-03-11 06:59:56.888000,8.74829,8.74299,370000,1000000
2019-03-11 06:59:56.939000,8.75083,8.74299,1000000,1000000
2019-03-11 06:59:57.040000,8.74883,8.74299,750000,1000000
2019-03-11 06:59:57.091000,8.748,8.74299,750000,1000000
2019-03-11 06:59:57.142000,8.74836,8.74297,1500000,1000000
2019-03-11 06:59:57.193000,8.74857,8.74297,1500000,1000000
2019-03-11 06:59:57.294000,8.7493,8.74297,1500000,1000000
2019-03-11 06:59:57.345000,8.75008,8.74297,1500000,1000000
2019-03-11 06:59:57.396000,8.74998,8.74297,750000,1000000
2019-03-11 06:59:57.765000,8.74998,8.74394,1000000,1000000
2019-03-11 06:59:57.816000,8.74998,8.74343,750000,1000000
2019-03-11 06:59:58.170000,8.74997,8.74343,750000,1000000
2019-03-11 06:59:58.271000,8.75038,8.74343,1500000,1000000
2019-03-11 06:59:58.322000,8.75028,8.74706,750000,100000
2019-03-11 06:59:58.499000,8.75028,8.74343,750000,1000000
2019-03-11 06:59:58.550000,8.75037,8.74343,750000,1000000
2019-03-11 06:59:58.651000,8.75038,8.74343,750000,1000000
2019-03-11 06:59:59.112000,8.75089,8.74343,750000,1000000
2019-03-11 06:59:59.162000,8.75133,8.74343,750000,1100000
2019-03-11 06:59:59.213000,8.75501,8.74343,1400000,1000000
2019-03-11 06:59:59.314000,8.75508,8.74343,1100000,1000000
2019-03-11 06:59:59.364000,8.75494,8.74343,1850000,1000000
2019-03-11 06:59:59.516000,8.75495,8.74343,1790000,1000000
2019-03-11 06:59:59.841000,8.75477,8.74343,1000000,1000000
2019-03-11 06:59:59.942000,8.75324,8.74172,2180000,1000000
2019-03-11 06:59:59.992000,8.75296,8.74172,1780000,1000000
2019-03-11 07:00:00.097000,8.75142,8.73942,1000000,1000000
2019-03-11 07:00:00.147000,8.74953,8.73815,1000000,1000000
2019-03-11 07:00:00.249000,8.74844,8.73868,1200000,1500000
2019-03-11 07:00:00.299000,8.74844,8.73866,1700000,1000000
2019-03-11 07:00:00.350000,8.74737,8.73799,1000000,1000000
2019-03-11 07:00:00.401000,8.74861,8.73701,1500000,1000000
2019-03-11 07:00:00.452000,8.74861,8.73701,1500000,1000000
2019-03-11 07:00:00.503000,8.74862,8.7368,1500000,1500000
2019-03-11 07:00:00.554000,8.74953,8.73692,1500000,1000000
2019-03-11 07:00:00.655000,8.74917,8.73683,1410000,1000000
2019-03-11 07:00:00.756000,8.74953,8.73683,1500000,1000000
2019-03-11 07:00:00.857000,8.74953,8.7368,1000000,1000000
2019-03-11 07:00:01.174000,8.73575,8.7343,1000000,2000000
2019-03-11 07:00:01.225000,8.74127,8.7368,1500000,1000000
2019-03-11 07:00:01.275000,8.73732,8.73408,7220000,1500000
2019-03-11 07:00:01.633000,8.73699,8.73442,7670000,1000000
2019-03-11 07:00:01.734000,8.73772,8.73437,5420000,2000000
2019-03-11 07:00:01.835000,8.7373,8.73437,6170000,2000000
2019-03-11 07:00:02.087000,8.73933,8.73331,2490000,1000000
2019-03-11 07:00:02.138000,8.74212,8.73331,750000,1000000
2019-03-11 07:00:02.189000,8.73709,8.73331,2190000,1000000
2019-03-11 07:00:02.290000,8.7372,8.73331,4890000,1000000
2019-03-11 07:00:02.509000,8.73928,8.73331,750000,1000000
2019-03-11 07:00:02.613000,8.73698,8.73331,6840000,1000000
2019-03-11 07:00:02.715000,8.73698,8.73331,8110000,1000000
2019-03-11 07:00:02.816000,8.73601,8.73232,1000000,1000000
2019-03-11 07:00:02.917000,8.73652,8.71941,1000000,6610000
2019-03-11 07:00:03.193000,8.71254,8.70298,750000,370000
2019-03-11 07:00:03.244000,8.71224,8.70294,750000,750000
2019-03-11 07:00:03.345000,8.71114,8.69794,370000,750000
2019-03-11 07:00:03.612000,8.70522,8.6986,1000000,750000
2019-03-11 07:00:03.662000,8.70522,8.69535,1000000,750000
2019-03-11 07:00:03.713000,8.70522,8.69437,1000000,1500000
2019-03-11 07:00:03.814000,8.70522,8.70021,1000000,1000000
2019-03-11 07:00:03.915000,8.70522,8.69957,1000000,1500000
2019-03-11 07:00:03.965000,8.70852,8.70309,750000,1000000
2019-03-11 07:00:04.016000,8.70909,8.70152,1000000,1970000
2019-03-11 07:00:04.089000,8.70788,8.69949,1000000,1000000
2019-03-11 07:00:04.232000,8.70787,8.6968,1000000,1000000
2019-03-11 07:00:04.283000,8.70828,8.67842,1000000,1000000
2019-03-11 07:00:04.333000,8.7082,8.68802,1000000,1850000
2019-03-11 07:00:04.434000,8.7113,8.68431,5340000,1000000
2019-03-11 07:00:06.233000,8.71255,8.68257,1710000,1000000
2019-03-11 07:00:06.891000,8.71294,8.70445,1500000,750000
2019-03-11 07:00:06.989000,8.71294,8.70659,1000000,1500000
2019-03-11 07:00:07.040000,8.71294,8.70598,1000000,1500000
2019-03-11 07:00:07.092000,8.70946,8.70227,750000,1500000
2019-03-11 07:00:07.142000,8.71104,8.70248,1000000,750000
2019-03-11 07:00:07.193000,8.71037,8.70223,1000000,750000
2019-03-11 07:00:07.244000,8.7106,8.70226,1000000,750000
2019-03-11 07:00:07.345000,8.71063,8.70211,1000000,750000
2019-03-11 07:00:07.497000,8.70887,8.69665,1000000,750000
2019-03-11 07:00:07.548000,8.70893,8.6999,1000000,1500000
2019-03-11 07:00:07.599000,8.70785,8.70073,1000000,1500000
2019-03-11 07:00:07.649000,8.70785,8.70057,1000000,1500000
2019-03-11 07:00:07.699000,8.70465,8.70149,750000,1500000
2019-03-11 07:00:07.750000,8.70565,8.70166,750000,750000
2019-03-11 07:00:07.801000,8.70588,8.70054,750000,750000
2019-03-11 07:00:07.901000,8.7068,8.7001,750000,1500000
2019-03-11 07:00:07.952000,8.70704,8.69993,750000,750000
2019-03-11 07:00:08.052000,8.70772,8.69904,750000,750000
2019-03-11 07:00:08.114000,8.70776,8.699,1500000,1500000
2019-03-11 07:00:08.316000,8.70407,8.68096,2350000,1000000
2019-03-11 07:00:08.417000,8.70099,8.68096,5990000,1000000
2019-03-11 07:00:08.517000,8.70478,8.68096,1000000,1000000
2019-03-11 07:00:12.685000,8.72007,8.69047,1820000,1500000
2019-03-11 07:00:12.735000,8.72088,8.69622,1500000,1620000
2019-03-11 07:00:12.786000,8.7208,8.69589,1750000,1400000
2019-03-11 07:00:12.886000,8.71566,8.69254,1400000,1000000
2019-03-11 07:00:13.019000,8.71723,8.69094,1820000,1000000
2019-03-11 07:00:13.070000,8.71753,8.69024,1350000,1000000
2019-03-11 07:00:13.172000,8.718,8.69384,1550000,1000000
2019-03-11 07:00:13.224000,8.71784,8.69384,1450000,1000000
2019-03-11 07:00:13.326000,8.71755,8.6954,1800000,1000000
2019-03-11 07:00:13.427000,8.71713,8.6954,1590000,1000000
2019-03-11 07:00:13.528000,8.71675,8.69595,1150000,1000000
2019-03-11 07:00:13.643000,8.71608,8.69603,1510000,1000000
2019-03-11 07:00:13.694000,8.71651,8.69549,1400000,1000000
2019-03-11 07:00:13.744000,8.70058,8.69507,2250000,1500000
2019-03-11 07:00:13.795000,8.69965,8.69507,1000000,1500000
2019-03-11 07:00:13.846000,8.69908,8.69646,1000000,1000000
2019-03-11 07:00:13.896000,8.70044,8.69652,1000000,1000000
2019-03-11 07:00:13.947000,8.70335,8.69653,750000,1000000
2019-03-11 07:00:13.998000,8.70595,8.69627,1500000,1000000
2019-03-11 07:00:14.049000,8.70699,8.70011,370000,7500000
2019-03-11 07:00:14.100000,8.70602,8.70071,370000,1500000
2019-03-11 07:00:14.183000,8.70589,8.69985,1500000,1500000
2019-03-11 07:00:14.234000,8.71427,8.70531,1000000,1000000
2019-03-11 07:00:14.285000,8.70853,8.70521,1500000,2520000
2019-03-11 07:00:14.336000,8.70892,8.70521,1500000,1880000
2019-03-11 07:00:14.387000,8.71119,8.70782,370000,1000000
2019-03-11 07:00:14.489000,8.70808,8.70556,1000000,1500000
2019-03-11 07:00:14.540000,8.7097,8.70485,1500000,750000
2019-03-11 07:00:14.591000,8.70994,8.70535,1000000,750000
2019-03-11 07:00:14.642000,8.71027,8.70423,1000000,750000
2019-03-11 07:00:14.749000,8.71059,8.70435,1000000,750000
2019-03-11 07:00:14.800000,8.71136,8.70347,1000000,1500000
2019-03-11 07:00:14.901000,8.7117,8.70318,1000000,750000
2019-03-11 07:00:14.952000,8.71226,8.70254,1000000,1000000
2019-03-11 07:00:15.053000,8.71224,8.70005,1610000,1000000
2019-03-11 07:00:15.267000,8.71178,8.70107,1000000,1000000
2019-03-11 07:00:15.368000,8.71281,8.69862,1000000,1000000
2019-03-11 07:00:15.470000,8.71664,8.69652,1000000,1000000
2019-03-11 07:00:15.520000,8.71664,8.69676,1000000,1760000
2019-03-11 07:00:15.672000,8.71644,8.69676,1000000,1280000
2019-03-11 07:00:15.777000,8.71637,8.69676,1000000,1280000
2019-03-11 07:00:15.878000,8.7162,8.69676,1000000,1400000
2019-03-11 07:00:15.929000,8.71675,8.69676,1000000,1400000
2019-03-11 07:00:16.358000,8.71728,8.69677,1000000,1300000
2019-03-11 07:00:16.408000,8.71751,8.69806,1500000,1650000
2019-03-11 07:00:16.497000,8.71751,8.69806,1000000,1600000
2019-03-11 07:00:16.547000,8.71683,8.69806,1000000,1510000
2019-03-11 07:00:17.063000,8.71701,8.69806,1000000,1510000
2019-03-11 07:00:17.486000,8.71696,8.6983,1000000,1000000
2019-03-11 07:00:17.637000,8.71639,8.6985,1000000,1000000
2019-03-11 07:00:17.738000,8.71676,8.6985,1500000,1000000
2019-03-11 07:00:17.839000,8.71639,8.70109,1000000,1160000
2019-03-11 07:00:18.013000,8.71003,8.70109,750000,1160000
2019-03-11 07:00:18.064000,8.71332,8.70247,1000000,870000
2019-03-11 07:00:18.114000,8.70955,8.70272,1000000,1000000
2019-03-11 07:00:18.251000,8.70777,8.70143,750000,1000000
2019-03-11 07:00:18.301000,8.7082,8.701,750000,1000000
2019-03-11 07:00:18.352000,8.70892,8.70033,750000,1000000
2019-03-11 07:00:18.453000,8.70965,8.70022,750000,1000000
2019-03-11 07:00:18.554000,8.71247,8.69915,1000000,1000000
2019-03-11 07:00:18.655000,8.7131,8.69948,1550000,1300000
2019-03-11 07:00:18.756000,8.71488,8.69948,2050000,1350000
2019-03-11 07:00:18.807000,8.71309,8.69948,1450000,1590000
2019-03-11 07:00:18.858000,8.71488,8.70052,2010000,1000000
2019-03-11 07:00:18.908000,8.71321,8.70052,1500000,1000000
2019-03-11 07:00:19.009000,8.71311,8.70092,1000000,1000000
2019-03-11 07:00:19.135000,8.71016,8.70249,1000000,1000000
2019-03-11 07:00:19.186000,8.71116,8.70216,370000,1000000
2019-03-11 07:00:19.237000,8.7102,8.70253,1000000,1000000
2019-03-11 07:00:19.288000,8.71277,8.70105,1000000,1000000
2019-03-11 07:00:19.389000,8.70678,8.70029,1000000,1500000
2019-03-11 07:00:19.439000,8.70903,8.70092,750000,1500000
2019-03-11 07:00:19.490000,8.70922,8.70092,1000000,1000000
2019-03-11 07:00:19.541000,8.70933,8.70089,1000000,1500000
2019-03-11 07:00:19.642000,8.70915,8.7001,1000000,1000000
2019-03-11 07:00:19.743000,8.71117,8.70073,750000,1000000
2019-03-11 07:00:19.877000,8.71258,8.70073,1740000,1000000
2019-03-11 07:00:19.928000,8.71414,8.69903,1800000,1000000
2019-03-11 07:00:20.029000,8.71413,8.69987,1750000,1000000
2019-03-11 07:00:20.131000,8.70488,8.70068,1000000,1300000
2019-03-11 07:00:20.283000,8.70488,8.70028,1800000,1000000
2019-03-11 07:00:20.384000,8.70487,8.69992,1800000,1450000
2019-03-11 07:00:20.485000,8.70487,8.69992,1900000,1450000
2019-03-11 07:00:20.586000,8.70465,8.69968,1400000,1300000
2019-03-11 07:00:20.846000,8.70535,8.69936,1100000,1800000
2019-03-11 07:00:20.947000,8.70562,8.69878,1800000,1800000
2019-03-11 07:00:20.997000,8.70628,8.69951,1800000,1800000
2019-03-11 07:00:21.200000,8.70717,8.69952,1800000,1800000
2019-03-11 07:00:21.961000,8.70717,8.69952,1800000,1800000
2019-03-11 07:00:22.990000,8.70833,8.70066,1800000,1800000
2019-03-11 07:00:23.437000,8.707,8.69981,1000000,1800000
2019-03-11 07:00:23.488000,8.70822,8.70199,1800000,1000000
2019-03-11 07:00:23.539000,8.70822,8.70312,1800000,1000000
2019-03-11 07:00:23.589000,8.70822,8.70293,1800000,1000000
2019-03-11 07:00:23.691000,8.70854,8.70532,1800000,1000000
2019-03-11 07:00:23.792000,8.70854,8.70543,1800000,1000000
2019-03-11 07:00:23.893000,8.70854,8.70423,1800000,1500000
2019-03-11 07:00:23.994000,8.70854,8.70321,1800000,1500000
2019-03-11 07:00:24.045000,8.70854,8.70292,1800000,1500000
2019-03-11 07:00:24.096000,8.70854,8.70262,1800000,1000000
2019-03-11 07:00:24.197000,8.70854,8.70262,1800000,1800000
2019-03-11 07:00:24.637000,8.7098,8.70311,1800000,1300000
2019-03-11 07:00:26.112000,8.71105,8.70364,1800000,1800000
2019-03-11 07:00:26.676000,8.71148,8.70437,1300000,1800000
2019-03-11 07:00:28.793000,8.71119,8.70601,1300000,1600000
2019-03-11 07:00:28.844000,8.71148,8.70813,1300000,1800000
2019-03-11 07:00:28.895000,8.71148,8.70601,1300000,1300000
2019-03-11 07:00:28.996000,8.71148,8.70685,1300000,1000000
2019-03-11 07:00:29.097000,8.71148,8.7059,1300000,1800000
2019-03-11 07:00:29.249000,8.71144,8.70492,1800000,1800000
2019-03-11 07:00:29.302000,8.70803,8.70492,1000000,1800000
2019-03-11 07:00:29.916000,8.70803,8.70375,1000000,1800000
2019-03-11 07:00:30.318000,8.70938,8.70372,1930000,1800000
2019-03-11 07:00:30.570000,8.70987,8.70372,1930000,1000000
2019-03-11 07:00:30.672000,8.70964,8.70662,1930000,1000000
2019-03-11 07:00:30.722000,8.70953,8.70605,1300000,1000000
2019-03-11 07:00:30.824000,8.70902,8.70443,1300000,1000000
2019-03-11 07:00:30.925000,8.70902,8.70391,1300000,1000000
2019-03-11 07:00:31.023000,8.70902,8.70354,1300000,1500000
2019-03-11 07:00:31.074000,8.70902,8.70312,1300000,1300000
2019-03-11 07:00:31.277000,8.70879,8.70292,1300000,1300000
2019-03-11 07:00:31.485000,8.70898,8.70312,1300000,1300000
2019-03-11 07:00:32.397000,8.70888,8.7037,1000000,1800000
2019-03-11 07:00:32.448000,8.70888,8.70332,1000000,1300000
2019-03-11 07:00:32.600000,8.70936,8.70335,1300000,1300000
2019-03-11 07:00:34.261000,8.70848,8.70363,1000000,1300000
2019-03-11 07:00:34.311000,8.70868,8.70363,1000000,1300000
2019-03-11 07:00:34.412000,8.70878,8.70363,1000000,1300000
2019-03-11 07:00:34.611000,8.70888,8.70363,1000000,1300000
2019-03-11 07:00:34.774000,8.70878,8.70409,1000000,1300000
2019-03-11 07:00:35.308000,8.70898,8.70409,1800000,1300000
2019-03-11 07:00:35.418000,8.70908,8.70374,1800000,1300000
2019-03-11 07:00:35.625000,8.70938,8.70467,1800000,1700000
2019-03-11 07:00:35.726000,8.70938,8.70562,1800000,1000000
2019-03-11 07:00:35.777000,8.70988,8.70562,1000000,2300000
2019-03-11 07:00:35.828000,8.70997,8.70612,1000000,1000000
2019-03-11 07:00:35.980000,8.70997,8.70633,1000000,1000000
2019-03-11 07:00:36.083000,8.70997,8.70632,1000000,1000000
2019-03-11 07:00:36.189000,8.71068,8.70658,1500000,1300000
2019-03-11 07:00:36.290000,8.71088,8.70655,1000000,1300000
2019-03-11 07:00:36.341000,8.7112,8.70683,1000000,2300000
2019-03-11 07:00:36.442000,8.71196,8.70722,1300000,2120000
2019-03-11 07:00:36.493000,8.71196,8.70756,1300000,1960000
2019-03-11 07:00:36.544000,8.71223,8.70702,1800000,1800000
2019-03-11 07:00:36.595000,8.71075,8.70665,1000000,1300000
2019-03-11 07:00:36.646000,8.71193,8.70665,1350000,1300000
2019-03-11 07:00:36.774000,8.71087,8.70534,1800000,3050000
2019-03-11 07:00:36.876000,8.71073,8.70534,1300000,3050000
2019-03-11 07:00:37.054000,8.71073,8.70534,1300000,3050000
2019-03-11 07:00:37.155000,8.71138,8.70673,1500000,1000000
2019-03-11 07:00:37.206000,8.71108,8.70712,1000000,1000000
2019-03-11 07:00:37.308000,8.71087,8.70566,1120000,1300000
2019-03-11 07:00:37.522000,8.71101,8.70553,1250000,1300000
2019-03-11 07:00:37.573000,8.71088,8.70537,1550000,1300000
2019-03-11 07:00:37.624000,8.71085,8.70456,1300000,1800000
2019-03-11 07:00:39.337000,8.71082,8.70554,1300000,1200000
2019-03-11 07:00:39.448000,8.71175,8.70796,1000000,1790000
2019-03-11 07:00:39.550000,8.71262,8.70915,1800000,1000000
2019-03-11 07:00:39.652000,8.71127,8.70818,1000000,1000000
2019-03-11 07:00:39.753000,8.71419,8.70843,1800000,1120000
2019-03-11 07:00:39.804000,8.71419,8.70857,1800000,1480000
2019-03-11 07:00:39.905000,8.71419,8.70852,1800000,1800000
2019-03-11 07:00:39.955000,8.71419,8.70862,1800000,1500000
2019-03-11 07:00:40.158000,8.71419,8.70862,1800000,1500000
2019-03-11 07:00:40.323000,8.71419,8.70862,2300000,1500000
2019-03-11 07:00:40.525000,8.7133,8.70799,1300000,1300000
2019-03-11 07:00:40.576000,8.71272,8.70772,1300000,1300000
2019-03-11 07:00:40.627000,8.71346,8.70698,1300000,1300000
2019-03-11 07:00:43.144000,8.71193,8.70671,1000000,1800000
2019-03-11 07:00:43.194000,8.71204,8.70671,1000000,1800000
2019-03-11 07:00:43.245000,8.7122,8.70671,1000000,1800000
2019-03-11 07:00:43.296000,8.7127,8.70661,1800000,1800000
2019-03-11 07:00:44.116000,8.71285,8.70691,1300000,1300000
2019-03-11 07:00:44.318000,8.71285,8.70691,1300000,1300000
2019-03-11 07:00:45.114000,8.71285,8.70691,1300000,1300000
2019-03-11 07:00:45.612000,8.71318,8.70674,1300000,1800000
2019-03-11 07:00:45.663000,8.71303,8.70912,1500000,1800000
2019-03-11 07:00:45.775000,8.71348,8.70923,1000000,1800000
2019-03-11 07:00:45.826000,8.71292,8.70778,1800000,1000000
2019-03-11 07:00:45.877000,8.71237,8.70819,1800000,1000000
2019-03-11 07:00:45.928000,8.71232,8.70753,1800000,1000000
2019-03-11 07:00:45.979000,8.71154,8.70742,1350000,1000000
2019-03-11 07:00:46.029000,8.7123,8.70816,1800000,1000000
2019-03-11 07:00:46.080000,8.7123,8.70739,1800000,1000000
2019-03-11 07:00:46.205000,8.71146,8.70729,1000000,1000000
2019-03-11 07:00:46.635000,8.7112,8.70735,1000000,1000000
2019-03-11 07:00:47.193000,8.71082,8.70695,1000000,1000000
2019-03-11 07:00:47.393000,8.71028,8.70596,1000000,1300000
2019-03-11 07:00:47.444000,8.71028,8.70583,1000000,1300000
2019-03-11 07:00:48.021000,8.7103,8.70576,1000000,1300000
2019-03-11 07:00:48.325000,8.7103,8.70585,1800000,1000000
2019-03-11 07:00:48.427000,8.71071,8.70523,1800000,1000000
2019-03-11 07:00:48.477000,8.70976,8.70543,1800000,1000000
2019-03-11 07:00:48.529000,8.70976,8.70542,1800000,1000000
2019-03-11 07:00:48.630000,8.70976,8.70529,1800000,1500000
2019-03-11 07:00:49.211000,8.71009,8.7054,1800000,1000000
2019-03-11 07:00:49.312000,8.71009,8.70515,1800000,1000000
2019-03-11 07:00:49.413000,8.71009,8.7051,1800000,1500000
2019-03-11 07:00:50.290000,8.70982,8.7051,1800000,1500000
2019-03-11 07:00:50.396000,8.70982,8.7051,1800000,1500000
2019-03-11 07:00:50.447000,8.70982,8.70519,1800000,1000000
2019-03-11 07:00:50.498000,8.70982,8.70498,1800000,1000000
2019-03-11 07:00:50.622000,8.70982,8.70497,1800000,1000000
2019-03-11 07:00:50.723000,8.70962,8.70621,1000000,1500000
2019-03-11 07:00:50.774000,8.7104,8.70613,1000000,1800000
2019-03-11 07:00:50.825000,8.7104,8.70647,1000000,1500000
2019-03-11 07:00:50.876000,8.71152,8.70647,1800000,1000000
2019-03-11 07:00:50.926000,8.71016,8.70574,1000000,1300000
2019-03-11 07:00:51.839000,8.70962,8.70529,1000000,1800000
2019-03-11 07:00:52.141000,8.70954,8.70551,1000000,1800000
2019-03-11 07:00:52.943000,8.70949,8.70592,1000000,1300000
2019-03-11 07:00:53.196000,8.70921,8.70592,1000000,1300000
2019-03-11 07:00:53.323000,8.70921,8.70623,1000000,1300000
2019-03-11 07:00:53.374000,8.70959,8.70623,1000000,1300000
2019-03-11 07:00:53.527000,8.70959,8.70613,1000000,1800000
2019-03-11 07:00:53.578000,8.70943,8.70613,1000000,1800000
2019-03-11 07:00:54.120000,8.70914,8.70614,1000000,1800000
2019-03-11 07:00:54.340000,8.70863,8.70614,1000000,1800000
2019-03-11 07:00:54.492000,8.70863,8.70522,1000000,1500000
2019-03-11 07:00:55.336000,8.7086,8.70545,1000000,1000000
2019-03-11 07:00:55.449000,8.7086,8.70547,1000000,1000000
2019-03-11 07:00:56.310000,8.7086,8.70547,1000000,1500000
2019-03-11 07:00:56.675000,8.7086,8.70568,1000000,1000000
2019-03-11 07:00:56.863000,8.7086,8.70568,1000000,1800000
2019-03-11 07:00:56.914000,8.70897,8.70609,1000000,1000000
2019-03-11 07:00:58.039000,8.70909,8.70634,1000000,1000000
2019-03-11 07:00:58.507000,8.70894,8.70612,1000000,1000000
2019-03-11 07:01:00.232000,8.70948,8.70644,1000000,1000000
2019-03-11 07:01:00.706000,8.70923,8.70644,1000000,1000000
2019-03-11 07:01:00.808000,8.70923,8.70671,1000000,1000000
2019-03-11 07:01:01.197000,8.70923,8.70663,1000000,1000000
2019-03-11 07:01:01.546000,8.70667,8.7054,1300000,1500000
2019-03-11 07:01:01.597000,8.70667,8.7046,1300000,1500000
2019-03-11 07:01:01.648000,8.70677,8.70391,1800000,1500000
2019-03-11 07:01:01.749000,8.70687,8.70333,1000000,1500000
2019-03-11 07:01:01.800000,8.70588,8.70293,1000000,2300000
2019-03-11 07:01:01.952000,8.70568,8.70262,1000000,1800000
2019-03-11 07:01:02.053000,8.70568,8.70312,1000000,1300000
2019-03-11 07:01:02.104000,8.70608,8.70262,1000000,1800000
2019-03-11 07:01:02.205000,8.70607,8.70312,1000000,1300000
2019-03-11 07:01:02.307000,8.70678,8.7032,2000000,1000000
2019-03-11 07:01:02.409000,8.70638,8.70335,1500000,1000000
2019-03-11 07:01:02.514000,8.70608,8.70335,1120000,1000000
2019-03-11 07:01:02.774000,8.70608,8.70345,1120000,1000000
2019-03-11 07:01:02.875000,8.70608,8.7039,1120000,1000000
2019-03-11 07:01:02.976000,8.70752,8.70451,1000000,1000000
2019-03-11 07:01:03.027000,8.70764,8.70451,1300000,1000000
2019-03-11 07:01:03.196000,8.70772,8.70451,1920000,1000000
2019-03-11 07:01:03.298000,8.70767,8.70467,1800000,1000000
2019-03-11 07:01:03.621000,8.70749,8.70449,1000000,1000000
2019-03-11 07:01:03.984000,8.70762,8.70474,1000000,1000000
2019-03-11 07:01:04.193000,8.70743,8.70429,1000000,1000000
2019-03-11 07:01:04.244000,8.70743,8.70429,1500000,1000000
2019-03-11 07:01:04.345000,8.70743,8.70429,1000000,1000000
2019-03-11 07:01:04.547000,8.70743,8.70429,1500000,1000000
2019-03-11 07:01:04.607000,8.70743,8.70429,1000000,1000000
2019-03-11 07:01:04.827000,8.70727,8.70424,1000000,1000000
2019-03-11 07:01:04.928000,8.70727,8.70424,1500000,1000000
2019-03-11 07:01:05.029000,8.7069,8.7039,1000000,1000000
2019-03-11 07:01:05.384000,8.70703,8.704,1000000,1000000
2019-03-11 07:01:05.434000,8.70656,8.70329,1500000,1000000
2019-03-11 07:01:05.536000,8.70574,8.70341,1500000,1000000
2019-03-11 07:01:05.586000,8.70596,8.70331,1800000,1000000
2019-03-11 07:01:05.637000,8.70599,8.70319,1300000,1000000
2019-03-11 07:01:05.688000,8.70552,8.70192,1000000,1500000
2019-03-11 07:01:05.739000,8.70552,8.70192,1000000,1000000
2019-03-11 07:01:05.891000,8.70552,8.70192,1500000,1000000
2019-03-11 07:01:05.992000,8.70495,8.70159,1000000,1000000
2019-03-11 07:01:06.444000,8.7045,8.70145,1000000,1500000
2019-03-11 07:01:07.247000,8.7043,8.70118,1000000,1000000
2019-03-11 07:01:07.298000,8.70363,8.70114,1000000,1000000
2019-03-11 07:01:07.399000,8.70308,8.69991,1000000,1800000
2019-03-11 07:01:07.601000,8.70308,8.69991,1000000,1000000
2019-03-11 07:01:07.997000,8.70293,8.69974,1000000,1350000
2019-03-11 07:01:08.301000,8.70279,8.69974,1000000,1300000
2019-03-11 07:01:08.402000,8.70279,8.69974,1000000,1300000
2019-03-11 07:01:08.503000,8.70317,8.69997,1000000,1500000
2019-03-11 07:01:08.614000,8.70359,8.70005,1000000,1500000
2019-03-11 07:01:08.665000,8.70359,8.70005,1000000,1000000
2019-03-11 07:01:08.868000,8.70359,8.70005,1000000,1500000
2019-03-11 07:01:08.919000,8.70359,8.70005,1000000,1000000
2019-03-11 07:01:08.970000,8.70344,8.69985,1000000,1000000
2019-03-11 07:01:09.160000,8.70375,8.70006,1000000,1500000
2019-03-11 07:01:09.262000,8.70375,8.70006,1000000,1500000
2019-03-11 07:01:09.363000,8.70344,8.69974,1000000,1300000
2019-03-11 07:01:09.414000,8.70276,8.69974,1000000,1300000
2019-03-11 07:01:09.465000,8.70407,8.70004,1000000,1000000
2019-03-11 07:01:09.516000,8.70297,8.69969,1000000,1300000
2019-03-11 07:01:10.337000,8.70297,8.69944,1000000,1500000
2019-03-11 07:01:10.388000,8.70297,8.69944,1000000,1500000
2019-03-11 07:01:10.489000,8.70297,8.69944,1000000,1120000
2019-03-11 07:01:10.540000,8.70297,8.69944,1000000,1920000
2019-03-11 07:01:11.204000,8.70297,8.69944,1000000,1000000
2019-03-11 07:01:11.255000,8.70212,8.69892,1000000,1800000
2019-03-11 07:01:11.306000,8.70341,8.69892,1000000,1800000
2019-03-11 07:01:11.356000,8.70198,8.69802,1650000,1300000
2019-03-11 07:01:11.458000,8.70163,8.69921,1000000,1150000
2019-03-11 07:01:11.588000,8.70103,8.69914,1000000,1000000
2019-03-11 07:01:11.638000,8.70229,8.69923,1000000,1000000
2019-03-11 07:01:11.689000,8.70197,8.69808,1000000,2000000
2019-03-11 07:01:11.740000,8.70197,8.69803,1000000,1500000
2019-03-11 07:01:11.791000,8.70131,8.69775,1000000,4500000
2019-03-11 07:01:11.994000,8.70196,8.698,1500000,1000000
2019-03-11 07:01:12.044000,8.70196,8.69825,1000000,1500000
2019-03-11 07:01:12.095000,8.70268,8.69825,1800000,1500000
2019-03-11 07:01:12.146000,8.70268,8.69937,1000000,1000000
2019-03-11 07:01:12.197000,8.7038,8.69937,1500000,1500000
2019-03-11 07:01:12.248000,8.7038,8.69962,1500000,1000000
2019-03-11 07:01:12.299000,8.70304,8.69848,1000000,1800000
2019-03-11 07:01:12.350000,8.70282,8.6984,1000000,1800000
2019-03-11 07:01:12.454000,8.70301,8.69882,1000000,1800000
2019-03-11 07:01:12.505000,8.70335,8.69882,1500000,1800000
2019-03-11 07:01:12.555000,8.7037,8.69974,1000000,1000000
2019-03-11 07:01:12.607000,8.70387,8.69962,1800000,1000000
2019-03-11 07:01:12.658000,8.70354,8.69891,1000000,1800000
2019-03-11 07:01:12.709000,8.7025,8.69833,1000000,1300000
2019-03-11 07:01:12.811000,8.70245,8.69763,1800000,1000000
2019-03-11 07:01:12.913000,8.7023,8.69882,1800000,1000000
2019-03-11 07:01:13.015000,8.70103,8.69801,1000000,1000000
2019-03-11 07:01:13.117000,8.70263,8.69801,1300000,1000000
2019-03-11 07:01:13.168000,8.70277,8.69882,1800000,1000000
2019-03-11 07:01:13.269000,8.7031,8.69896,1800000,1000000
2019-03-11 07:01:13.361000,8.70329,8.69911,1000000,1300000
2019-03-11 07:01:13.412000,8.704,8.69949,1800000,1000000
2019-03-11 07:01:13.563000,8.704,8.69949,1800000,1500000
2019-03-11 07:01:13.665000,8.704,8.69949,1800000,1500000
2019-03-11 07:01:13.812000,8.704,8.69949,1800000,1500000
2019-03-11 07:01:13.865000,8.704,8.69949,1800000,1500000
2019-03-11 07:01:14.414000,8.70446,8.69999,1800000,1000000
2019-03-11 07:01:14.593000,8.70411,8.69972,1800000,1000000
2019-03-11 07:01:14.695000,8.70411,8.69972,1800000,1500000
2019-03-11 07:01:14.847000,8.7045,8.70012,1800000,1000000
2019-03-11 07:01:15.060000,8.7036,8.69936,1000000,1000000
2019-03-11 07:01:15.161000,8.7036,8.69993,1000000,1000000
2019-03-11 07:01:15.263000,8.70456,8.70172,1800000,2920000
2019-03-11 07:01:15.364000,8.70456,8.70213,1800000,1000000
2019-03-11 07:01:15.515000,8.70458,8.70213,1000000,1000000
2019-03-11 07:01:15.796000,8.70509,8.70213,1000000,1000000
2019-03-11 07:01:15.948000,8.70428,8.7008,1000000,1300000
2019-03-11 07:01:16.402000,8.70428,8.70025,1000000,1300000
2019-03-11 07:01:16.499000,8.70428,8.70005,1000000,1300000
2019-03-11 07:01:17.851000,8.70428,8.70025,1000000,1300000
2019-03-11 07:01:18.120000,8.70404,8.70025,1000000,1300000
2019-03-11 07:01:18.273000,8.70317,8.7002,1500000,1300000
2019-03-11 07:01:18.323000,8.70317,8.69975,1500000,1500000
2019-03-11 07:01:18.374000,8.704,8.69975,1000000,1500000
2019-03-11 07:01:18.425000,8.704,8.69962,1000000,1000000
2019-03-11 07:01:18.526000,8.704,8.69955,1000000,1300000
2019-03-11 07:01:18.687000,8.70357,8.69955,1000000,1300000
2019-03-11 07:01:18.839000,8.70357,8.69955,1000000,1300000
2019-03-11 07:01:20.498000,8.70357,8.69968,1000000,1000000
2019-03-11 07:01:20.549000,8.70408,8.69976,1000000,1500000
2019-03-11 07:01:21.465000,8.70408,8.69997,1000000,1000000
2019-03-11 07:01:21.720000,8.70473,8.70313,1800000,1000000
2019-03-11 07:01:21.771000,8.70511,8.70313,1000000,1000000
2019-03-11 07:01:21.872000,8.70441,8.70083,1000000,1300000
2019-03-11 07:01:21.974000,8.70433,8.70041,1000000,1300000
2019-03-11 07:01:22.024000,8.70433,8.70032,1000000,1500000
2019-03-11 07:01:22.227000,8.70433,8.70055,1000000,1000000
2019-03-11 07:01:22.809000,8.7043,8.70055,1000000,1000000
2019-03-11 07:01:23.173000,8.70435,8.70055,1000000,1000000
2019-03-11 07:01:23.325000,8.70429,8.70019,1000000,1300000
2019-03-11 07:01:23.376000,8.704,8.70019,1000000,1300000
2019-03-11 07:01:23.867000,8.70404,8.70019,1000000,1300000
2019-03-11 07:01:23.918000,8.70402,8.70019,1000000,1300000
2019-03-11 07:01:24.386000,8.70393,8.70019,1000000,1300000
2019-03-11 07:01:24.461000,8.70404,8.70019,1000000,1300000
2019-03-11 07:01:26.370000,8.70374,8.70019,1000000,1300000
2019-03-11 07:01:26.769000,8.70404,8.70019,1000000,1300000
2019-03-11 07:01:26.984000,8.70428,8.70053,1000000,1000000
2019-03-11 07:01:27.085000,8.70401,8.70052,1570000,1000000
2019-03-11 07:01:27.186000,8.70332,8.70019,1050000,1300000
2019-03-11 07:01:27.288000,8.70295,8.70019,1000000,1300000
2019-03-11 07:01:27.411000,8.70376,8.70047,1200000,1000000
2019-03-11 07:01:27.512000,8.70362,8.70047,1000000,1000000
2019-03-11 07:01:27.613000,8.70425,8.70047,1500000,1000000
2019-03-11 07:01:27.664000,8.70396,8.70184,1000000,2040000
2019-03-11 07:01:27.715000,8.70396,8.70019,1000000,1500000
2019-03-11 07:01:27.816000,8.70396,8.70019,1000000,1300000
2019-03-11 07:01:28.420000,8.70393,8.70038,1000000,1000000
2019-03-11 07:01:29.269000,8.70358,8.70017,1000000,1300000
2019-03-11 07:01:29.722000,8.70329,8.70013,1000000,1900000
2019-03-11 07:01:30.051000,8.70322,8.70013,1000000,1900000
2019-03-11 07:01:30.203000,8.70322,8.70013,1000000,1100000
2019-03-11 07:01:30.305000,8.70314,8.70013,1000000,1100000
2019-03-11 07:01:30.406000,8.70312,8.69972,1000000,1290000
2019-03-11 07:01:30.507000,8.70312,8.69972,1000000,1290000
2019-03-11 07:01:30.659000,8.70289,8.69971,1000000,1290000
2019-03-11 07:01:30.981000,8.70311,8.69971,1000000,1790000
2019-03-11 07:01:31.082000,8.70313,8.69971,1000000,1290000
2019-03-11 07:01:31.544000,8.70316,8.69978,1000000,1850000
2019-03-11 07:01:31.595000,8.70324,8.69978,1000000,1850000
2019-03-11 07:01:31.696000,8.70288,8.69956,1000000,2050000
2019-03-11 07:01:32.625000,8.70323,8.69966,1000000,1850000
2019-03-11 07:01:32.676000,8.70309,8.69957,1000000,1980000
2019-03-11 07:01:32.777000,8.70313,8.69956,1000000,2080000
2019-03-11 07:01:33.030000,8.70313,8.6996,1000000,1350000
2019-03-11 07:01:33.750000,8.70337,8.69968,1000000,1350000
2019-03-11 07:01:33.801000,8.70337,8.69922,1000000,1350000
2019-03-11 07:01:34.332000,8.70341,8.69966,1000000,1350000
2019-03-11 07:01:34.534000,8.70319,8.69966,1000000,1350000
2019-03-11 07:01:34.778000,8.70309,8.69966,1000000,1350000
2019-03-11 07:01:34.889000,8.70319,8.69966,1000000,1350000
2019-03-11 07:01:38.152000,8.70304,8.69966,1000000,1350000
2019-03-11 07:01:38.254000,8.70281,8.69956,1000000,1350000
2019-03-11 07:01:39.525000,8.70161,8.69945,1500000,1350000
2019-03-11 07:01:39.626000,8.70078,8.69808,1000000,1350000
2019-03-11 07:01:39.677000,8.70103,8.69827,1000000,1000000
2019-03-11 07:01:39.728000,8.70037,8.69827,1000000,1000000
2019-03-11 07:01:39.778000,8.70053,8.6976,1000000,1000000
2019-03-11 07:01:39.880000,8.70066,8.69773,1000000,1000000
2019-03-11 07:01:39.986000,8.70105,8.69683,1000000,1000000
2019-03-11 07:01:40.037000,8.70123,8.69683,1000000,1000000
2019-03-11 07:01:40.088000,8.70144,8.69703,1800000,1000000
2019-03-11 07:01:40.138000,8.69977,8.69662,1000000,1300000
2019-03-11 07:01:40.189000,8.70076,8.69649,1000000,1800000
2019-03-11 07:01:40.240000,8.70076,8.69662,1000000,1300000
2019-03-11 07:01:40.341000,8.70054,8.69662,1000000,1300000
2019-03-11 07:01:40.392000,8.70054,8.69649,1000000,1800000
2019-03-11 07:01:40.544000,8.70054,8.69662,1000000,1300000
2019-03-11 07:01:40.595000,8.70076,8.69662,1000000,1300000
2019-03-11 07:01:41.165000,8.70081,8.6969,1000000,1500000
2019-03-11 07:01:41.216000,8.70113,8.6969,1000000,1500000
2019-03-11 07:01:41.317000,8.7008,8.6969,1000000,1500000
2019-03-11 07:01:41.519000,8.70055,8.69662,1000000,1300000
2019-03-11 07:01:41.642000,8.70091,8.69729,1000000,1000000
2019-03-11 07:01:42.245000,8.70091,8.69729,1800000,1000000
2019-03-11 07:01:42.347000,8.70091,8.69763,1800000,1000000
2019-03-11 07:01:42.650000,8.70108,8.69739,1800000,1000000
2019-03-11 07:01:42.957000,8.70115,8.69739,1800000,1620000
2019-03-11 07:01:43.058000,8.70137,8.69797,1300000,1500000
2019-03-11 07:01:43.109000,8.7019,8.69888,1300000,1000000
2019-03-11 07:01:43.210000,8.7026,8.69888,1800000,1000000
2019-03-11 07:01:43.362000,8.7026,8.69919,1800000,1000000
2019-03-11 07:01:44.818000,8.70274,8.69937,1800000,1000000
2019-03-11 07:01:45.391000,8.70274,8.69902,1800000,1000000
2019-03-11 07:01:46.083000,8.70276,8.69931,1800000,1000000
2019-03-11 07:01:48.875000,8.70272,8.69931,1800000,1100000
2019-03-11 07:01:49.857000,8.70268,8.69931,1800000,1100000
2019-03-11 07:01:49.908000,8.70276,8.69931,1800000,1100000
2019-03-11 07:01:50.009000,8.70274,8.69963,1000000,1100000
2019-03-11 07:01:50.379000,8.70274,8.69963,1000000,1100000
2019-03-11 07:01:50.632000,8.70304,8.69985,1800000,1100000
2019-03-11 07:01:50.771000,8.70304,8.69957,1800000,1100000
2019-03-11 07:01:51.734000,8.70297,8.69957,1800000,1100000
2019-03-11 07:01:52.924000,8.70291,8.69945,1800000,1100000
2019-03-11 07:01:54.676000,8.70291,8.69956,1800000,1100000
2019-03-11 07:01:54.821000,8.70291,8.69956,1000000,1100000
2019-03-11 07:01:56.364000,8.70291,8.70063,1000000,1000000
2019-03-11 07:01:56.466000,8.70388,8.70212,1000000,1000000
2019-03-11 07:01:56.516000,8.70388,8.7018,1000000,1000000
2019-03-11 07:01:56.567000,8.70388,8.70161,1000000,1000000
2019-03-11 07:01:56.618000,8.70388,8.70113,1000000,1000000
2019-03-11 07:01:56.669000,8.70388,8.70108,1000000,1000000
2019-03-11 07:01:57.439000,8.70388,8.70099,1000000,1000000
2019-03-11 07:01:57.540000,8.70312,8.70097,1000000,1000000
2019-03-11 07:01:57.591000,8.70318,8.70092,1000000,1120000
2019-03-11 07:01:57.692000,8.70295,8.70002,1000000,1100000
2019-03-11 07:01:57.744000,8.70288,8.69983,1000000,1100000
2019-03-11 07:01:57.846000,8.70288,8.69985,1000000,1100000
2019-03-11 07:01:57.948000,8.70298,8.69985,1000000,1100000
2019-03-11 07:01:58.050000,8.70309,8.70046,1000000,1000000
2019-03-11 07:01:58.152000,8.70361,8.70077,1000000,1000000
2019-03-11 07:01:58.921000,8.704,8.70127,1000000,1000000
2019-03-11 07:01:59.022000,8.704,8.70173,1000000,1000000
2019-03-11 07:01:59.123000,8.70399,8.70133,1000000,1500000
2019-03-11 07:01:59.225000,8.70401,8.70133,1000000,1000000
2019-03-11 07:02:00.024000,8.70401,8.70115,1000000,1000000
2019-03-11 07:02:00.227000,8.70391,8.70115,1000000,1000000
2019-03-11 07:02:00.278000,8.70401,8.70115,1000000,1000000
2019-03-11 07:02:00.610000,8.704,8.70115,1000000,1000000
2019-03-11 07:02:01.298000,8.70391,8.70104,1000000,1000000
2019-03-11 07:02:01.619000,8.7039,8.70104,1000000,1000000
2019-03-11 07:02:02.190000,8.70373,8.70088,1000000,1000000
2019-03-11 07:02:02.624000,8.70373,8.70095,1000000,1000000
2019-03-11 07:02:02.747000,8.70357,8.70095,1500000,1000000
2019-03-11 07:02:02.849000,8.70301,8.70075,1000000,1000000
2019-03-11 07:02:02.950000,8.70288,8.70067,1000000,1000000
2019-03-11 07:02:03.047000,8.70301,8.70045,1000000,1000000
2019-03-11 07:02:03.098000,8.70287,8.70056,1000000,1000000
2019-03-11 07:02:03.150000,8.70287,8.70022,1000000,1000000
2019-03-11 07:02:03.251000,8.70267,8.70022,1000000,1000000
2019-03-11 07:02:03.757000,8.70305,8.70049,1000000,1000000
2019-03-11 07:02:03.808000,8.70294,8.70082,1000000,1000000
2019-03-11 07:02:03.909000,8.70349,8.70123,1000000,1000000
2019-03-11 07:02:03.960000,8.70321,8.70071,1000000,1000000
2019-03-11 07:02:04.214000,8.70315,8.70071,1000000,1000000
2019-03-11 07:02:04.808000,8.70315,8.7008,1000000,1000000
2019-03-11 07:02:05.471000,8.70317,8.70062,1000000,1000000
2019-03-11 07:02:05.530000,8.70317,8.70062,1500000,1000000
2019-03-11 07:02:05.581000,8.70216,8.69929,1000000,1100000
2019-03-11 07:02:05.733000,8.70208,8.69944,1500000,1000000
2019-03-11 07:02:05.936000,8.7016,8.69944,1000000,1000000
2019-03-11 07:02:06.310000,8.70207,8.69944,1000000,1000000
2019-03-11 07:02:06.462000,8.70207,8.69932,1000000,1000000
2019-03-11 07:02:06.563000,8.70204,8.69932,1000000,1000000
2019-03-11 07:02:06.815000,8.70204,8.69932,1500000,1000000
2019-03-11 07:02:06.917000,8.70177,8.69923,1000000,1000000
2019-03-11 07:02:06.967000,8.70177,8.69925,1000000,1000000
2019-03-11 07:02:07.249000,8.70191,8.69923,1500000,1000000
2019-03-11 07:02:07.350000,8.70191,8.69924,1500000,1000000
2019-03-11 07:02:07.401000,8.7016,8.69924,1000000,1000000
2019-03-11 07:02:07.507000,8.7016,8.69923,1000000,1000000
2019-03-11 07:02:08.097000,8.7016,8.69908,1000000,1000000
2019-03-11 07:02:08.446000,8.7016,8.69902,1000000,1500000
2019-03-11 07:02:08.986000,8.70146,8.69902,1000000,1500000
2019-03-11 07:02:09.240000,8.70164,8.69912,1000000,1000000
2019-03-11 07:02:09.355000,8.70172,8.69912,1000000,1000000
2019-03-11 07:02:09.406000,8.70152,8.69902,1000000,1500000
2019-03-11 07:02:09.508000,8.70151,8.69902,1000000,1500000
2019-03-11 07:02:09.761000,8.70144,8.69902,1000000,1500000
2019-03-11 07:02:10.118000,8.70153,8.69902,1000000,1500000
2019-03-11 07:02:10.169000,8.70147,8.69891,1000000,1000000
2019-03-11 07:02:10.372000,8.70153,8.69891,1000000,1000000
2019-03-11 07:02:10.623000,8.70144,8.69882,1000000,1000000
2019-03-11 07:02:10.725000,8.7014,8.69882,1000000,1000000
2019-03-11 07:02:10.944000,8.7014,8.69869,1000000,1000000
2019-03-11 07:02:11.156000,8.70154,8.69912,1000000,1000000
2019-03-11 07:02:11.404000,8.70139,8.69869,1000000,1000000
2019-03-11 07:02:11.705000,8.70134,8.69869,1000000,1000000
2019-03-11 07:02:11.806000,8.70126,8.69875,1000000,1000000
2019-03-11 07:02:11.857000,8.70146,8.69875,1000000,1000000
2019-03-11 07:02:11.958000,8.70149,8.69875,1000000,1000000
2019-03-11 07:02:12.237000,8.70157,8.69888,1000000,1000000
2019-03-11 07:02:12.556000,8.70137,8.69888,1000000,1000000
2019-03-11 07:02:12.606000,8.70143,8.69888,1000000,1000000
2019-03-11 07:02:12.712000,8.70121,8.69888,1000000,1000000
2019-03-11 07:02:13.380000,8.70121,8.69892,1000000,1000000
2019-03-11 07:02:13.952000,8.7015,8.69892,1000000,1000000
2019-03-11 07:02:14.038000,8.70152,8.6992,1000000,1000000
2019-03-11 07:02:14.089000,8.70188,8.69927,1000000,1000000
2019-03-11 07:02:14.190000,8.70188,8.69951,1000000,1000000
2019-03-11 07:02:14.342000,8.70205,8.69951,1000000,1000000
2019-03-11 07:02:15.511000,8.70205,8.69939,1000000,1000000
2019-03-11 07:02:18.075000,8.70192,8.69939,1000000,1000000
2019-03-11 07:02:18.684000,8.70202,8.69939,1000000,1000000
2019-03-11 07:02:19.100000,8.70202,8.69956,1000000,1000000
2019-03-11 07:02:20.233000,8.702,8.69956,1000000,1000000
2019-03-11 07:02:20.740000,8.70193,8.69956,1000000,1000000
2019-03-11 07:02:22.170000,8.702,8.69956,1000000,1000000
2019-03-11 07:02:22.322000,8.702,8.69969,1000000,1000000
2019-03-11 07:02:23.687000,8.70197,8.69969,1000000,1000000
2019-03-11 07:02:28.363000,8.70223,8.69969,1500000,1000000
2019-03-11 07:02:29.108000,8.70218,8.69969,1000000,1000000
2019-03-11 07:02:30.058000,8.70181,8.69922,1000000,1000000
2019-03-11 07:02:30.159000,8.70181,8.69909,1000000,1000000
2019-03-11 07:02:30.210000,8.70184,8.6991,1000000,1000000
2019-03-11 07:02:30.261000,8.70203,8.69927,1000000,1000000
2019-03-11 07:02:30.363000,8.70183,8.69938,1000000,1000000
2019-03-11 07:02:30.464000,8.70183,8.69947,1000000,1000000
2019-03-11 07:02:30.667000,8.70183,8.69956,1000000,1000000
2019-03-11 07:02:30.768000,8.70205,8.69956,1000000,1000000
2019-03-11 07:02:31.178000,8.70205,8.69953,1000000,1000000
2019-03-11 07:02:31.482000,8.70205,8.69961,1000000,1000000
2019-03-11 07:02:32.025000,8.7018,8.69926,1000000,1000000
2019-03-11 07:02:32.126000,8.7018,8.6992,1000000,1000000
2019-03-11 07:02:32.483000,8.7018,8.69946,1000000,1000000
2019-03-11 07:02:33.031000,8.7018,8.69964,1000000,1000000
2019-03-11 07:02:33.132000,8.70208,8.69964,1000000,1000000
2019-03-11 07:02:33.183000,8.70208,8.69949,1000000,1000000
2019-03-11 07:02:33.234000,8.70208,8.69969,1000000,1000000
2019-03-11 07:02:33.286000,8.70238,8.69969,1000000,1000000
2019-03-11 07:02:33.387000,8.70238,8.69995,1000000,1000000
2019-03-11 07:02:33.438000,8.70255,8.69995,1000000,1000000
2019-03-11 07:02:33.781000,8.70259,8.69979,1000000,1000000
2019-03-11 07:02:33.832000,8.70272,8.69979,1000000,1000000
2019-03-11 07:02:33.912000,8.70282,8.69992,1000000,1000000
2019-03-11 07:02:34.014000,8.70298,8.70016,1000000,1000000
2019-03-11 07:02:34.889000,8.70298,8.69998,1000000,1000000
2019-03-11 07:02:35.085000,8.70298,8.70001,1000000,1000000
2019-03-11 07:02:35.626000,8.70283,8.70001,1000000,1000000
2019-03-11 07:02:35.873000,8.7028,8.70001,1000000,1000000
2019-03-11 07:02:35.974000,8.70253,8.69985,1000000,1000000
2019-03-11 07:02:36.076000,8.70243,8.7,1000000,1000000
2019-03-11 07:02:36.178000,8.70243,8.69976,1000000,1000000
2019-03-11 07:02:36.279000,8.70243,8.69961,1000000,1000000
2019-03-11 07:02:36.433000,8.70207,8.69957,1000000,1500000
2019-03-11 07:02:36.535000,8.70207,8.69934,1000000,1000000
2019-03-11 07:02:36.638000,8.70207,8.6992,1500000,1000000
2019-03-11 07:02:37.342000,8.70193,8.6992,1000000,1000000
2019-03-11 07:02:37.929000,8.70176,8.6992,1000000,1000000
2019-03-11 07:02:38.207000,8.70176,8.69924,1000000,1500000
2019-03-11 07:02:38.258000,8.70207,8.69957,1000000,1000000
2019-03-11 07:02:38.360000,8.7025,8.70007,1000000,1000000
2019-03-11 07:02:38.564000,8.7025,8.69987,1000000,1000000
2019-03-11 07:02:38.803000,8.7025,8.69994,1000000,1000000
2019-03-11 07:02:39.276000,8.70271,8.69994,1000000,1000000
2019-03-11 07:02:39.565000,8.70251,8.69994,1000000,1000000
2019-03-11 07:02:40.269000,8.70251,8.69989,1000000,1000000
2019-03-11 07:02:40.320000,8.70251,8.69987,1000000,1000000
2019-03-11 07:02:40.421000,8.70251,8.69988,1000000,1000000
2019-03-11 07:02:40.472000,8.70248,8.70016,1000000,1000000
2019-03-11 07:02:41.449000,8.70244,8.70016,1000000,1000000
2019-03-11 07:02:42.536000,8.70248,8.70016,1000000,1000000
2019-03-11 07:02:42.637000,8.70249,8.70031,1000000,1000000
2019-03-11 07:02:42.739000,8.70221,8.70032,1500000,1000000
2019-03-11 07:02:42.840000,8.70212,8.70032,1000000,1500000
2019-03-11 07:02:42.942000,8.70354,8.70067,1000000,1000000
2019-03-11 07:02:42.993000,8.7031,8.70081,1000000,1000000
2019-03-11 07:02:43.095000,8.7031,8.70113,1000000,1000000
2019-03-11 07:02:43.146000,8.7031,8.70028,1000000,1000000
2019-03-11 07:02:43.553000,8.70288,8.70028,1000000,1000000
2019-03-11 07:02:43.655000,8.70288,8.70014,1000000,1500000
2019-03-11 07:02:43.835000,8.70284,8.70018,1000000,1000000
2019-03-11 07:02:44.064000,8.70288,8.70014,1000000,1000000
2019-03-11 07:02:44.165000,8.70288,8.70018,1000000,1000000
2019-03-11 07:02:44.267000,8.7025,8.70018,1000000,1000000
2019-03-11 07:02:44.368000,8.7025,8.70008,1500000,1000000
2019-03-11 07:02:44.419000,8.7025,8.70017,1000000,1000000
2019-03-11 07:02:44.470000,8.70279,8.70038,1000000,1000000
2019-03-11 07:02:44.521000,8.70279,8.70045,1000000,1000000
2019-03-11 07:02:44.622000,8.70321,8.70116,1000000,1000000
2019-03-11 07:02:44.724000,8.70349,8.70116,1000000,1000000
2019-03-11 07:02:44.877000,8.70349,8.70064,1000000,1000000
2019-03-11 07:02:45.152000,8.70297,8.70064,1000000,1000000
2019-03-11 07:02:45.304000,8.70297,8.70069,1000000,1000000
2019-03-11 07:02:45.751000,8.70297,8.70077,1000000,1000000
2019-03-11 07:02:45.990000,8.70344,8.70077,1000000,1000000
2019-03-11 07:02:46.198000,8.70301,8.70077,1000000,1000000
2019-03-11 07:02:46.299000,8.70344,8.70077,1000000,1000000
2019-03-11 07:02:46.659000,8.70388,8.70085,1000000,1500000
2019-03-11 07:02:46.710000,8.70415,8.70176,1500000,1500000
2019-03-11 07:02:46.830000,8.70484,8.70257,1000000,1000000
2019-03-11 07:02:46.881000,8.70489,8.70191,1000000,1000000
2019-03-11 07:02:46.932000,8.70482,8.70238,1000000,1000000
2019-03-11 07:02:47.033000,8.70456,8.70238,1000000,1000000
2019-03-11 07:02:47.168000,8.70456,8.70225,1000000,1000000
2019-03-11 07:02:47.269000,8.70456,8.7021,1000000,1000000
2019-03-11 07:02:47.425000,8.70468,8.7021,1000000,1000000
2019-03-11 07:02:47.764000,8.70436,8.7021,1000000,1000000
2019-03-11 07:02:47.915000,8.70462,8.70197,1000000,1000000
2019-03-11 07:02:48.017000,8.70402,8.70159,1000000,1000000
2019-03-11 07:02:48.118000,8.70402,8.70138,1000000,1000000
2019-03-11 07:02:48.220000,8.70433,8.70169,1000000,1000000
2019-03-11 07:02:48.683000,8.70435,8.70169,1000000,1000000
2019-03-11 07:02:48.937000,8.7042,8.70169,1000000,1000000
2019-03-11 07:02:49.039000,8.7042,8.70166,1000000,1000000
2019-03-11 07:02:49.623000,8.70401,8.70166,1000000,1000000
2019-03-11 07:02:49.724000,8.70394,8.70148,1000000,1000000
2019-03-11 07:02:49.881000,8.70393,8.70141,1000000,1000000
2019-03-11 07:02:49.932000,8.70376,8.70129,1000000,1000000
2019-03-11 07:02:50.135000,8.70375,8.70122,1000000,1000000
2019-03-11 07:02:50.236000,8.70368,8.70115,1000000,1000000
2019-03-11 07:02:50.521000,8.70375,8.70128,1000000,1000000
2019-03-11 07:02:50.960000,8.70374,8.70128,1000000,1000000
2019-03-11 07:02:51.579000,8.70374,8.70136,1000000,1000000
2019-03-11 07:02:51.680000,8.70366,8.70136,1000000,1000000
2019-03-11 07:02:51.731000,8.70352,8.7011,1000000,1000000
2019-03-11 07:02:51.833000,8.70336,8.70083,1000000,1000000
2019-03-11 07:02:51.934000,8.70332,8.70083,1000000,1000000
2019-03-11 07:02:52.084000,8.70325,8.70072,1000000,1000000
2019-03-11 07:02:52.185000,8.70334,8.70092,1000000,1000000
2019-03-11 07:02:52.337000,8.70325,8.70078,1000000,1000000
2019-03-11 07:02:52.388000,8.70311,8.70063,1000000,1000000
2019-03-11 07:02:52.537000,8.70318,8.70077,1000000,1000000
2019-03-11 07:02:52.794000,8.70299,8.70076,1000000,1000000
2019-03-11 07:02:52.896000,8.70305,8.70079,1000000,1000000
2019-03-11 07:02:52.997000,8.70304,8.70075,1000000,1000000
2019-03-11 07:02:53.098000,8.70314,8.70087,1000000,1000000
2019-03-11 07:02:54.165000,8.70305,8.70077,1000000,1000000
2019-03-11 07:02:58.150000,8.70316,8.70083,1000000,1000000
2019-03-11 07:02:59.617000,8.70316,8.70101,1000000,1000000
2019-03-11 07:03:00.124000,8.70346,8.70113,1000000,1000000
2019-03-11 07:03:00.175000,8.70333,8.70108,1000000,1000000
2019-03-11 07:03:00.276000,8.70318,8.70101,1000000,1000000
2019-03-11 07:03:00.528000,8.70309,8.70103,1000000,1000000
2019-03-11 07:03:00.989000,8.70293,8.70097,1000000,1000000
2019-03-11 07:03:01.361000,8.70301,8.70102,1000000,1000000
2019-03-11 07:03:01.512000,8.70301,8.7011,1000000,1000000
2019-03-11 07:03:01.739000,8.70301,8.70102,1000000,1000000
2019-03-11 07:03:01.790000,8.70322,8.70131,1000000,1000000
2019-03-11 07:03:01.947000,8.70351,8.7017,1000000,1000000
2019-03-11 07:03:02.098000,8.70354,8.70171,1000000,1000000
2019-03-11 07:03:02.200000,8.7035,8.70167,1000000,1000000
2019-03-11 07:03:02.301000,8.70332,8.70151,1000000,1000000
2019-03-11 07:03:02.863000,8.70344,8.70166,1000000,1000000
2019-03-11 07:03:02.964000,8.70355,8.70177,1000000,1000000
2019-03-11 07:03:05.325000,8.70352,8.70165,1000000,1000000
2019-03-11 07:03:05.749000,8.70355,8.70166,1000000,1000000
2019-03-11 07:03:06.647000,8.70357,8.70169,1000000,1000000
2019-03-11 07:03:08.833000,8.70374,8.70188,1000000,1000000
2019-03-11 07:03:08.884000,8.70383,8.70194,1000000,1000000
2019-03-11 07:03:08.985000,8.70355,8.7017,1000000,1000000
2019-03-11 07:03:09.087000,8.70378,8.70186,1000000,1000000
2019-03-11 07:03:09.188000,8.70401,8.70201,1000000,1000000
2019-03-11 07:03:09.290000,8.7039,8.70202,1000000,1000000
2019-03-11 07:03:09.543000,8.70391,8.702,1000000,1000000
2019-03-11 07:03:10.353000,8.70409,8.70216,1000000,1000000
2019-03-11 07:03:10.454000,8.7044,8.70244,1000000,1000000
2019-03-11 07:03:10.556000,8.70453,8.70251,1000000,1000000
2019-03-11 07:03:10.657000,8.70438,8.70243,1000000,1000000
2019-03-11 07:03:10.859000,8.70428,8.70234,1000000,1000000
2019-03-11 07:03:11.011000,8.70388,8.70235,1000000,1000000
2019-03-11 07:03:11.113000,8.70352,8.70213,1000000,1000000
2019-03-11 07:03:11.164000,8.70396,8.70213,1000000,1000000
2019-03-11 07:03:11.215000,8.70417,8.70209,1000000,1000000
2019-03-11 07:03:11.375000,8.7043,8.70215,1000000,1000000
2019-03-11 07:03:11.426000,8.70438,8.70223,1000000,1000000
2019-03-11 07:03:11.528000,8.70428,8.70212,1000000,1000000
2019-03-11 07:03:11.629000,8.70422,8.7021,1000000,1000000
2019-03-11 07:03:11.734000,8.7043,8.70228,1000000,1000000
2019-03-11 07:03:11.835000,8.70422,8.70221,1000000,1000000
2019-03-11 07:03:12.343000,8.70418,8.70218,1000000,1000000
2019-03-11 07:03:12.776000,8.70413,8.70201,1000000,1000000
2019-03-11 07:03:13.401000,8.70408,8.70201,1000000,1000000
2019-03-11 07:03:13.659000,8.70407,8.70201,1000000,1000000
2019-03-11 07:03:15.967000,8.70407,8.70209,1000000,1000000
2019-03-11 07:03:16.529000,8.70407,8.70215,1000000,1000000
2019-03-11 07:03:16.833000,8.70407,8.7021,1000000,1000000
2019-03-11 07:03:17.174000,8.70384,8.70199,1000000,1000000
2019-03-11 07:03:18.072000,8.70376,8.70193,1000000,1000000
2019-03-11 07:03:18.174000,8.70369,8.70173,1000000,1000000
2019-03-11 07:03:18.225000,8.70374,8.70173,1000000,1000000
2019-03-11 07:03:18.326000,8.70353,8.70157,1000000,1000000
2019-03-11 07:03:18.480000,8.7035,8.70146,1000000,1000000
2019-03-11 07:03:18.583000,8.70357,8.70153,1000000,1000000
2019-03-11 07:03:20.218000,8.70359,8.70156,1000000,1000000
2019-03-11 07:03:20.595000,8.70356,8.70155,1000000,1000000
2019-03-11 07:03:20.696000,8.7036,8.70166,1000000,1000000
2019-03-11 07:03:20.797000,8.70344,8.70154,1000000,1000000
2019-03-11 07:03:20.942000,8.70352,8.70169,1000000,1000000
2019-03-11 07:03:21.094000,8.70352,8.70184,1000000,1000000
2019-03-11 07:03:21.145000,8.70384,8.7019,1000000,1000000
2019-03-11 07:03:21.858000,8.70391,8.70202,1000000,1000000
2019-03-11 07:03:22.216000,8.70381,8.70198,1000000,1000000
2019-03-11 07:03:22.318000,8.70333,8.70158,1000000,1000000
2019-03-11 07:03:22.668000,8.70324,8.70142,1000000,1500000
2019-03-11 07:03:22.770000,8.70316,8.70142,1000000,1000000
2019-03-11 07:03:23.096000,8.70327,8.70143,1000000,1000000
2019-03-11 07:03:23.461000,8.70305,8.70132,1000000,1000000
2019-03-11 07:03:23.562000,8.70339,8.70162,1000000,1000000
2019-03-11 07:03:24.478000,8.70325,8.70154,1000000,1000000
2019-03-11 07:03:25.336000,8.70332,8.70144,1000000,1000000
2019-03-11 07:03:26.950000,8.70332,8.70149,1000000,1000000
2019-03-11 07:03:27.392000,8.70332,8.70144,1000000,1000000
2019-03-11 07:03:27.935000,8.70327,8.70147,1000000,1000000
2019-03-11 07:03:29.113000,8.70329,8.70147,1000000,1000000
2019-03-11 07:03:29.917000,8.70324,8.70153,1000000,1000000
2019-03-11 07:03:31.046000,8.70328,8.70161,1000000,1000000
2019-03-11 07:03:31.148000,8.70332,8.70159,1000000,1000000
2019-03-11 07:03:33.935000,8.70331,8.70158,1000000,1000000
2019-03-11 07:03:34.088000,8.70332,8.70161,1000000,1000000
2019-03-11 07:03:34.190000,8.70378,8.70179,1000000,1000000
2019-03-11 07:03:34.293000,8.70384,8.70197,1000000,1000000
2019-03-11 07:03:34.395000,8.70368,8.70192,1000000,1000000
2019-03-11 07:03:34.497000,8.70388,8.70197,1000000,1000000
2019-03-11 07:03:34.612000,8.70391,8.70207,1000000,1000000
2019-03-11 07:03:35.222000,8.70389,8.70202,1000000,1000000
2019-03-11 07:03:38.204000,8.70388,8.70199,1000000,1000000
2019-03-11 07:03:38.388000,8.70389,8.70199,1000000,1000000
2019-03-11 07:03:38.929000,8.70389,8.70194,1000000,1000000
2019-03-11 07:03:38.980000,8.70384,8.70187,1000000,1000000
2019-03-11 07:03:39.378000,8.70375,8.70184,1000000,1000000
2019-03-11 07:03:39.761000,8.70372,8.70178,1000000,1000000
2019-03-11 07:03:40.093000,8.70359,8.70168,1000000,1000000
2019-03-11 07:03:40.194000,8.70354,8.70165,1000000,1000000
2019-03-11 07:03:40.315000,8.70352,8.70165,1000000,1000000
2019-03-11 07:03:40.956000,8.70352,8.70155,1000000,1000000
2019-03-11 07:03:41.008000,8.7034,8.70152,1000000,1000000
2019-03-11 07:03:41.109000,8.70321,8.70134,1000000,1000000
2019-03-11 07:03:41.211000,8.70311,8.70129,1000000,1000000
2019-03-11 07:03:41.312000,8.70311,8.70168,1000000,1000000
2019-03-11 07:03:41.368000,8.70313,8.70168,1000000,1000000
2019-03-11 07:03:41.489000,8.70322,8.70168,1000000,1000000
2019-03-11 07:03:42.138000,8.70324,8.70168,1000000,1000000
2019-03-11 07:03:42.189000,8.70333,8.70168,1000000,1000000
2019-03-11 07:03:42.391000,8.70325,8.70168,1000000,1000000
2019-03-11 07:03:42.492000,8.70334,8.70168,1000000,1000000
2019-03-11 07:03:42.594000,8.70326,8.70186,1000000,1000000
2019-03-11 07:03:42.932000,8.70326,8.70171,1000000,1000000
2019-03-11 07:03:43.317000,8.70333,8.70171,1000000,1000000
2019-03-11 07:03:43.368000,8.70333,8.70188,1000000,1000000
2019-03-11 07:03:43.419000,8.70334,8.70176,1000000,1000000
2019-03-11 07:03:43.520000,8.70352,8.70176,1000000,1000000
2019-03-11 07:03:43.622000,8.7034,8.70176,1000000,1000000
2019-03-11 07:03:43.723000,8.70334,8.70176,1000000,1000000
2019-03-11 07:03:43.858000,8.70344,8.70182,1000000,1000000
2019-03-11 07:03:43.909000,8.70333,8.70182,1000000,1000000
2019-03-11 07:03:44.539000,8.7034,8.70182,1000000,1000000
2019-03-11 07:03:44.590000,8.70349,8.70182,1000000,1000000
2019-03-11 07:03:44.691000,8.70343,8.70182,1000000,1000000
2019-03-11 07:03:44.962000,8.70343,8.70203,1000000,1000000
2019-03-11 07:03:45.121000,8.70339,8.70203,1000000,1000000
2019-03-11 07:03:45.536000,8.70337,8.70203,1000000,1000000
2019-03-11 07:03:45.638000,8.7034,8.70203,1000000,1000000
2019-03-11 07:03:45.739000,8.70339,8.70203,1000000,1000000
2019-03-11 07:03:45.790000,8.70339,8.70172,1000000,1000000
2019-03-11 07:03:45.841000,8.70339,8.70189,1000000,1000000
2019-03-11 07:03:45.942000,8.70347,8.70189,1000000,1000000
2019-03-11 07:03:46.043000,8.70336,8.70189,1000000,1000000
2019-03-11 07:03:46.145000,8.70306,8.70133,1000000,1000000
2019-03-11 07:03:46.196000,8.70306,8.70146,1000000,1000000
2019-03-11 07:03:46.247000,8.70292,8.70122,1000000,1000000
2019-03-11 07:03:46.419000,8.70286,8.70113,1000000,1000000
2019-03-11 07:03:47.760000,8.70286,8.70135,1000000,1000000
2019-03-11 07:03:48.622000,8.70286,8.70113,1000000,1000000
2019-03-11 07:03:48.776000,8.70286,8.70125,1000000,1000000
2019-03-11 07:03:49.847000,8.70285,8.70125,1000000,1000000
2019-03-11 07:03:50.344000,8.70285,8.70113,1000000,1000000
2019-03-11 07:03:50.395000,8.70285,8.70119,1000000,1000000
2019-03-11 07:03:50.661000,8.70286,8.70148,1000000,1000000
2019-03-11 07:03:50.712000,8.7029,8.7012,1000000,1000000
2019-03-11 07:03:50.814000,8.70316,8.70141,1000000,1000000
2019-03-11 07:03:50.973000,8.70316,8.70136,1000000,1000000
2019-03-11 07:03:51.079000,8.70309,8.70131,1000000,1000000
2019-03-11 07:03:51.180000,8.70308,8.70131,1000000,1000000
2019-03-11 07:03:51.282000,8.70307,8.70131,1000000,1000000
2019-03-11 07:03:51.383000,8.70274,8.70128,1000000,1000000
2019-03-11 07:03:51.434000,8.70274,8.7012,1000000,1000000
2019-03-11 07:03:51.696000,8.70274,8.70114,1000000,1000000
2019-03-11 07:03:51.848000,8.70258,8.70114,1000000,1000000
2019-03-11 07:03:51.949000,8.70258,8.70123,1000000,1000000
2019-03-11 07:03:52,8.70258,8.70115,1000000,1000000
2019-03-11 07:03:52.309000,8.70284,8.70115,1000000,1000000
2019-03-11 07:03:52.827000,8.70249,8.70111,1000000,1000000
2019-03-11 07:03:52.928000,8.70249,8.70103,1000000,1000000
2019-03-11 07:03:53.347000,8.70253,8.70103,1000000,1000000
2019-03-11 07:03:53.569000,8.70273,8.70103,1000000,1000000
2019-03-11 07:03:53.771000,8.70275,8.7011,1000000,1000000
2019-03-11 07:03:53.873000,8.70275,8.70113,1000000,1000000
2019-03-11 07:03:53.979000,8.70256,8.7011,1000000,1000000
2019-03-11 07:03:54.572000,8.70256,8.70104,1000000,1000000
2019-03-11 07:03:54.673000,8.70256,8.701,1000000,1000000
2019-03-11 07:03:54.826000,8.7024,8.701,1000000,1000000
2019-03-11 07:03:54.927000,8.7024,8.70091,1000000,1000000
2019-03-11 07:03:55.029000,8.7024,8.70093,1000000,1000000
2019-03-11 07:03:55.493000,8.7024,8.70095,1000000,1000000
2019-03-11 07:03:55.594000,8.7024,8.70103,1000000,1000000
2019-03-11 07:03:55.797000,8.7024,8.70092,1000000,1000000
2019-03-11 07:03:56.003000,8.7024,8.70082,1000000,1000000
2019-03-11 07:03:57.070000,8.7024,8.70081,1000000,1000000
2019-03-11 07:03:57.171000,8.70215,8.70058,1000000,1000000
2019-03-11 07:03:57.273000,8.70224,8.70064,1000000,1000000
2019-03-11 07:03:57.374000,8.70214,8.70058,1000000,1000000
2019-03-11 07:03:57.475000,8.70216,8.70061,1000000,1000000
2019-03-11 07:03:58.017000,8.70214,8.70061,1000000,1000000
2019-03-11 07:03:58.519000,8.70208,8.70048,1000000,1000000
2019-03-11 07:03:59.523000,8.70201,8.70048,1000000,1000000
2019-03-11 07:03:59.999000,8.70192,8.70048,1000000,1000000
2019-03-11 07:04:00.754000,8.7019,8.7004,1000000,1000000
2019-03-11 07:04:00.856000,8.70153,8.70019,1000000,1000000
2019-03-11 07:04:00.906000,8.70136,8.69972,1000000,1000000
2019-03-11 07:04:01.015000,8.70116,8.69972,1000000,1000000
2019-03-11 07:04:01.117000,8.70143,8.69999,1000000,1000000
2019-03-11 07:04:01.484000,8.70143,8.69998,1000000,1000000
2019-03-11 07:04:01.938000,8.70154,8.69981,1000000,1000000
2019-03-11 07:04:01.989000,8.70154,8.69984,1000000,1000000
2019-03-11 07:04:02.279000,8.70154,8.69982,1000000,1000000
2019-03-11 07:04:03.419000,8.70171,8.69982,1000000,1000000
2019-03-11 07:04:03.521000,8.70164,8.69981,1000000,1000000
2019-03-11 07:04:03.571000,8.70177,8.69991,1000000,1000000
2019-03-11 07:04:03.673000,8.70191,8.69997,1000000,1000000
2019-03-11 07:04:03.774000,8.70191,8.69999,1000000,1000000
2019-03-11 07:04:03.999000,8.7018,8.69998,1000000,1000000
2019-03-11 07:04:04.252000,8.7018,8.69985,1000000,1000000
2019-03-11 07:04:04.353000,8.70171,8.69985,1000000,1000000
2019-03-11 07:04:04.811000,8.70171,8.69957,1000000,1000000
2019-03-11 07:04:05.914000,8.70171,8.69947,1000000,1000000
2019-03-11 07:04:06.015000,8.70171,8.69941,1000000,1000000
2019-03-11 07:04:06.072000,8.7017,8.69927,1000000,1000000
2019-03-11 07:04:06.919000,8.70171,8.69952,1000000,1000000
2019-03-11 07:04:07.020000,8.70181,8.69946,1500000,1000000
2019-03-11 07:04:07.223000,8.70181,8.69953,1500000,1000000
2019-03-11 07:04:07.523000,8.70172,8.69951,1000000,1000000
2019-03-11 07:04:08.123000,8.70171,8.69937,1000000,1000000
2019-03-11 07:04:08.224000,8.70159,8.69942,1000000,1000000
2019-03-11 07:04:08.326000,8.7017,8.69944,1000000,1000000
2019-03-11 07:04:08.920000,8.70152,8.69936,1000000,1000000
2019-03-11 07:04:09.021000,8.70152,8.69942,1000000,1000000
2019-03-11 07:04:09.123000,8.702,8.7,1000000,1000000
2019-03-11 07:04:09.908000,8.70181,8.7,1000000,1000000
2019-03-11 07:04:09.959000,8.7017,8.69986,1000000,1000000
2019-03-11 07:04:10.060000,8.7017,8.69951,1000000,1000000
2019-03-11 07:04:10.167000,8.70166,8.69951,1000000,1000000
2019-03-11 07:04:10.269000,8.7017,8.69942,1500000,1000000
2019-03-11 07:04:10.320000,8.70161,8.69942,1000000,1000000
2019-03-11 07:04:10.371000,8.70161,8.6993,1000000,1000000
2019-03-11 07:04:10.523000,8.70155,8.69927,1000000,1000000
2019-03-11 07:04:10.625000,8.7015,8.69898,1000000,1000000
2019-03-11 07:04:10.777000,8.7015,8.69912,1000000,1000000
2019-03-11 07:04:10.828000,8.7015,8.69898,1000000,1500000
2019-03-11 07:04:10.934000,8.7015,8.69915,1000000,1000000
2019-03-11 07:04:11.189000,8.7015,8.69927,1000000,1000000
2019-03-11 07:04:11.392000,8.70138,8.69918,1000000,1000000
2019-03-11 07:04:11.684000,8.70138,8.69928,1000000,1000000
2019-03-11 07:04:11.786000,8.70151,8.69928,1000000,1000000
2019-03-11 07:04:12.089000,8.70139,8.69903,1000000,1000000
2019-03-11 07:04:12.191000,8.70093,8.69893,1000000,1000000
2019-03-11 07:04:12.293000,8.70152,8.69933,1000000,1000000
2019-03-11 07:04:12.405000,8.70143,8.69913,1000000,1000000
2019-03-11 07:04:12.761000,8.7014,8.69913,1000000,1000000
2019-03-11 07:04:13.486000,8.70121,8.69913,1000000,1000000
2019-03-11 07:04:13.841000,8.70121,8.69911,1000000,1000000
2019-03-11 07:04:13.942000,8.70121,8.6991,1000000,1000000
2019-03-11 07:04:14.044000,8.70121,8.69898,1000000,1000000
2019-03-11 07:04:14.145000,8.70121,8.69906,1000000,1000000
2019-03-11 07:04:14.247000,8.7014,8.6991,1000000,1000000
2019-03-11 07:04:14.298000,8.7014,8.69918,1000000,1000000
2019-03-11 07:04:14.349000,8.70151,8.69918,1000000,1000000
2019-03-11 07:04:14.400000,8.7014,8.69918,1000000,1000000
2019-03-11 07:04:14.717000,8.7014,8.69926,1000000,1000000
2019-03-11 07:04:15.578000,8.7014,8.69948,1000000,1000000
2019-03-11 07:04:15.629000,8.70156,8.69947,1000000,1000000
2019-03-11 07:04:15.680000,8.70188,8.69972,1000000,1000000
2019-03-11 07:04:15.731000,8.70188,8.69974,1000000,1000000
2019-03-11 07:04:15.782000,8.70203,8.69983,1000000,1000000
2019-03-11 07:04:15.833000,8.70212,8.69986,1000000,1000000
2019-03-11 07:04:15.963000,8.70222,8.69995,1000000,1000000
2019-03-11 07:04:16.064000,8.70222,8.69986,1000000,1000000
2019-03-11 07:04:16.620000,8.70222,8.69982,1000000,1000000
2019-03-11 07:04:16.722000,8.70219,8.69982,1000000,1000000
2019-03-11 07:04:17.180000,8.70215,8.69981,1000000,1000000
2019-03-11 07:04:17.332000,8.70215,8.69979,1000000,1000000
2019-03-11 07:04:17.383000,8.70215,8.69989,1000000,1000000
2019-03-11 07:04:17.484000,8.70203,8.69974,1500000,1000000
2019-03-11 07:04:17.585000,8.70155,8.69949,1000000,1000000
2019-03-11 07:04:17.788000,8.7016,8.69937,1000000,1000000
2019-03-11 07:04:17.939000,8.7016,8.69942,1000000,1000000
2019-03-11 07:04:18.004000,8.7016,8.69937,1000000,1000000
2019-03-11 07:04:18.564000,8.7016,8.69943,1000000,1000000
2019-03-11 07:04:18.666000,8.70148,8.69943,1000000,1000000
2019-03-11 07:04:18.837000,8.70148,8.69935,1000000,1000000
2019-03-11 07:04:18.990000,8.70139,8.69927,1000000,1000000
2019-03-11 07:04:19.092000,8.70132,8.69919,1000000,1000000
2019-03-11 07:04:19.322000,8.70144,8.69926,1000000,1000000
2019-03-11 07:04:19.530000,8.70143,8.69926,1000000,1000000
2019-03-11 07:04:20.005000,8.70119,8.69924,1000000,1000000
2019-03-11 07:04:20.243000,8.70113,8.69924,1000000,1000000
2019-03-11 07:04:20.293000,8.70102,8.69912,1000000,1000000
2019-03-11 07:04:20.395000,8.70104,8.69914,1000000,1000000
2019-03-11 07:04:21.130000,8.7006,8.69903,1000000,1000000
2019-03-11 07:04:21.231000,8.70046,8.69833,1000000,1870000
2019-03-11 07:04:21.282000,8.70029,8.69827,1000000,1000000
2019-03-11 07:04:21.333000,8.70029,8.69817,1000000,1000000
2019-03-11 07:04:21.435000,8.70019,8.69793,1000000,1600000
2019-03-11 07:04:21.536000,8.70013,8.69782,1000000,1500000
