time,ask,bid,ask_volume,bid_volume
2019-11-29 06:55:23.241000,9.17027,9.16765,1000000,1000000
2019-11-29 06:55:23.291000,9.17038,9.1675,1500000,1000000
2019-11-29 06:55:23.642000,9.17037,9.1675,1000000,1000000
2019-11-29 06:55:23.693000,9.17037,9.16757,1000000,1000000
2019-11-29 06:55:26.483000,9.17037,9.16775,1000000,1000000
2019-11-29 06:55:33.788000,9.17036,9.16775,1000000,1000000
2019-11-29 06:55:41.764000,9.17053,9.16769,1000000,1000000
2019-11-29 06:55:41.815000,9.17026,9.16769,1000000,1000000
2019-11-29 06:55:41.916000,9.17025,9.16799,1000000,1000000
2019-11-29 06:55:42.360000,9.17024,9.16799,1000000,1000000
2019-11-29 06:56:22.365000,9.17023,9.16799,1000000,1000000
2019-11-29 06:56:32.458000,9.17023,9.16794,1000000,1000000
2019-11-29 06:56:34.456000,9.17024,9.16794,1500000,1000000
2019-11-29 06:56:34.607000,9.17015,9.16773,1500000,1000000
2019-11-29 06:56:36.909000,9.17015,9.16773,1500000,1000000
2019-11-29 06:56:42.586000,9.16988,9.16773,1000000,1000000
2019-11-29 06:56:57.627000,9.16988,9.16777,1000000,1000000
2019-11-29 06:56:58.213000,9.16998,9.16777,1000000,1000000
2019-11-29 06:56:58.264000,9.17007,9.16777,1000000,1000000
2019-11-29 06:56:58.365000,9.17007,9.16778,1000000,1000000
2019-11-29 06:56:58.566000,9.17008,9.16778,1000000,1000000
2019-11-29 06:56:58.617000,9.17015,9.16777,1120000,1000000
2019-11-29 06:56:58.899000,9.16998,9.16777,1000000,1000000
2019-11-29 06:57:02.319000,9.17008,9.16777,1000000,1000000
2019-11-29 06:57:03.055000,9.17002,9.16778,1000000,1000000
2019-11-29 06:57:03.106000,9.17008,9.16777,1000000,1000000
2019-11-29 06:57:04.522000,9.17008,9.16778,1000000,1000000
2019-11-29 06:57:04.623000,9.17008,9.16777,1000000,1000000
2019-11-29 06:57:07.520000,9.17018,9.16777,1000000,1000000
2019-11-29 06:57:07.641000,9.16998,9.16777,1000000,1000000
2019-11-29 06:57:14.320000,9.17008,9.16777,1000000,1000000
2019-11-29 06:57:14.371000,9.17018,9.16777,1000000,1000000
2019-11-29 06:57:14.473000,9.17008,9.16777,1000000,1000000
2019-11-29 06:57:14.574000,9.17008,9.16795,1000000,1000000
2019-11-29 06:57:14.675000,9.16998,9.16795,1000000,1000000
2019-11-29 06:57:15.371000,9.17008,9.16795,1000000,1000000
2019-11-29 06:57:19.961000,9.17018,9.16795,1000000,1000000
2019-11-29 06:57:27.460000,9.17018,9.16789,1000000,1000000
2019-11-29 06:57:28.656000,9.17026,9.16789,1000000,1000000
2019-11-29 06:57:30.060000,9.17027,9.16789,1000000,1000000
2019-11-29 06:57:30.550000,9.17017,9.16789,1000000,1000000
2019-11-29 06:57:30.651000,9.17017,9.16788,1000000,1000000
2019-11-29 06:57:37.460000,9.17017,9.16798,1000000,1000000
2019-11-29 06:57:40.458000,9.17034,9.16798,1000000,1000000
2019-11-29 06:57:45.650000,9.17027,9.16798,1000000,1000000
2019-11-29 06:57:46.353000,9.17034,9.16798,1000000,1000000
2019-11-29 06:57:52.729000,9.17028,9.16798,1000000,1000000
2019-11-29 06:57:54.763000,9.17028,9.16799,1000000,1000000
2019-11-29 06:57:54.926000,9.17028,9.16798,1000000,1000000
2019-11-29 06:58:05.694000,9.17038,9.16798,1500000,1000000
2019-11-29 06:58:05.749000,9.17037,9.16798,1000000,1000000
2019-11-29 06:58:17.460000,9.17037,9.168,1000000,1000000
2019-11-29 06:58:25.963000,9.17027,9.168,1000000,1000000
2019-11-29 06:58:26.064000,9.17017,9.168,1000000,1000000
2019-11-29 06:58:32.713000,9.17028,9.168,1000000,1000000
2019-11-29 06:58:37.459000,9.17028,9.16805,1000000,1000000
2019-11-29 06:58:38.470000,9.17036,9.16805,1000000,1000000
2019-11-29 06:58:38.520000,9.17028,9.16805,1000000,1000000
2019-11-29 06:58:43.133000,9.17036,9.16805,1000000,1000000
2019-11-29 06:58:43.276000,9.17037,9.1682,1000000,1000000
2019-11-29 06:58:43.327000,9.17053,9.1682,1000000,1000000
2019-11-29 06:58:43.896000,9.17052,9.16838,1000000,1000000
2019-11-29 06:58:46.503000,9.17053,9.16853,1000000,1000000
2019-11-29 06:58:48.790000,9.17087,9.16854,1500000,1000000
2019-11-29 06:58:48.841000,9.17101,9.16853,1500000,1000000
2019-11-29 06:58:48.942000,9.17101,9.16853,1000000,1000000
2019-11-29 06:58:49.042000,9.17092,9.16854,1000000,1000000
2019-11-29 06:58:49.143000,9.17083,9.16853,1000000,1000000
2019-11-29 06:58:49.340000,9.17098,9.16854,1000000,1000000
2019-11-29 06:58:49.440000,9.17108,9.16854,1500000,1000000
2019-11-29 06:58:49.692000,9.17093,9.16853,1000000,1000000
2019-11-29 06:58:49.896000,9.17108,9.16853,1500000,1000000
2019-11-29 06:58:49.947000,9.17103,9.16853,1000000,1000000
2019-11-29 06:58:52.119000,9.17097,9.16853,1000000,1000000
2019-11-29 06:58:52.221000,9.17093,9.16853,1000000,1000000
2019-11-29 06:58:52.322000,9.17095,9.16853,1000000,1000000
2019-11-29 06:58:52.422000,9.17093,9.16853,1000000,1000000
2019-11-29 06:58:53.219000,9.17095,9.16854,1500000,1000000
2019-11-29 06:58:53.270000,9.17095,9.16853,1000000,1000000
2019-11-29 06:58:53.522000,9.17093,9.16853,1000000,1000000
2019-11-29 06:58:53.872000,9.17095,9.16853,1000000,1000000
2019-11-29 06:58:54.054000,9.17095,9.16854,1000000,1000000
2019-11-29 06:58:54.155000,9.17095,9.16853,1000000,1000000
2019-11-29 06:58:54.583000,9.17095,9.16854,1000000,1000000
2019-11-29 06:58:54.685000,9.17095,9.16853,1000000,1000000
2019-11-29 06:58:54.886000,9.17092,9.16854,1000000,1000000
2019-11-29 06:58:54.937000,9.17095,9.16854,1000000,1000000
2019-11-29 06:58:55.038000,9.17095,9.16853,1000000,1000000
2019-11-29 06:58:55.806000,9.17093,9.16853,1000000,1000000
2019-11-29 06:58:55.856000,9.17095,9.16853,1000000,1000000
2019-11-29 06:58:55.957000,9.17095,9.16854,1000000,1000000
2019-11-29 06:58:56.058000,9.17095,9.16853,1000000,1000000
2019-11-29 06:58:57.460000,9.17095,9.16858,1000000,1000000
2019-11-29 06:58:58.198000,9.17095,9.16857,1000000,1000000
2019-11-29 06:58:58.299000,9.17095,9.16867,1000000,1000000
2019-11-29 06:58:59.267000,9.17095,9.16868,1000000,1000000
2019-11-29 06:59:07.489000,9.17095,9.16867,1000000,1000000
2019-11-29 06:59:10.098000,9.17104,9.16884,1500000,1000000
2019-11-29 06:59:10.199000,9.17108,9.16884,1000000,1000000
2019-11-29 06:59:10.751000,9.17118,9.16884,1000000,1000000
2019-11-29 06:59:11.201000,9.17108,9.16805,1000000,1000000
2019-11-29 06:59:11.262000,9.17098,9.16805,1000000,1000000
2019-11-29 06:59:11.414000,9.17108,9.16821,1000000,1000000
2019-11-29 06:59:15.099000,9.17098,9.16838,1000000,1000000
2019-11-29 06:59:15.302000,9.17098,9.1682,1000000,1000000
2019-11-29 06:59:15.513000,9.17108,9.1682,1000000,1000000
2019-11-29 06:59:15.588000,9.17098,9.1682,1000000,1000000
2019-11-29 06:59:16.659000,9.17111,9.1682,1000000,1000000
2019-11-29 06:59:16.709000,9.17111,9.1682,1000000,1500000
2019-11-29 06:59:16.760000,9.17111,9.1682,1000000,1000000
2019-11-29 06:59:16.811000,9.17111,9.16824,1000000,1000000
2019-11-29 06:59:16.911000,9.17138,9.16824,1500000,1000000
2019-11-29 06:59:16.963000,9.17138,9.1682,1500000,1000000
2019-11-29 06:59:18.189000,9.17128,9.16823,1500000,1000000
2019-11-29 06:59:18.239000,9.17128,9.16823,1000000,1000000
2019-11-29 06:59:18.352000,9.17137,9.16823,1500000,1000000
2019-11-29 06:59:18.453000,9.17128,9.16823,1500000,1000000
2019-11-29 06:59:18.503000,9.17128,9.16833,1000000,1000000
2019-11-29 06:59:18.604000,9.17138,9.16835,1500000,1000000
2019-11-29 06:59:18.655000,9.17128,9.16835,1500000,1000000
2019-11-29 06:59:18.705000,9.17128,9.16824,1000000,1500000
2019-11-29 06:59:18.755000,9.17118,9.16824,1000000,1000000
2019-11-29 06:59:18.806000,9.17148,9.16833,1500000,1000000
2019-11-29 06:59:18.857000,9.17118,9.16833,1000000,1000000
2019-11-29 06:59:19.268000,9.17118,9.16845,1000000,1000000
2019-11-29 06:59:19.318000,9.17138,9.16845,1000000,1000000
2019-11-29 06:59:19.969000,9.17138,9.16837,1000000,1000000
2019-11-29 06:59:20.211000,9.17138,9.16847,1000000,1000000
2019-11-29 06:59:20.516000,9.17138,9.16849,1000000,1000000
2019-11-29 06:59:20.617000,9.17138,9.16848,1000000,1000000
2019-11-29 06:59:22.122000,9.17158,9.16869,1000000,1000000
2019-11-29 06:59:23.841000,9.17158,9.16867,1000000,1000000
2019-11-29 06:59:25.481000,9.17158,9.1689,1000000,1000000
2019-11-29 06:59:30.046000,9.17158,9.1689,1500000,1000000
2019-11-29 06:59:31.591000,9.17177,9.1687,1500000,1000000
2019-11-29 06:59:32.107000,9.17177,9.1687,1500000,1000000
2019-11-29 06:59:32.694000,9.17177,9.16886,1500000,1000000
2019-11-29 06:59:33.417000,9.17177,9.16886,1500000,1000000
2019-11-29 06:59:34.805000,9.17177,9.16886,1500000,1000000
2019-11-29 06:59:36.544000,9.17177,9.16886,1500000,1000000
2019-11-29 06:59:37.727000,9.17177,9.16886,1500000,1000000
2019-11-29 06:59:39.130000,9.17177,9.16886,1500000,1000000
2019-11-29 06:59:40.105000,9.17177,9.16886,1500000,1000000
2019-11-29 06:59:40.941000,9.17177,9.16886,1500000,1000000
2019-11-29 06:59:42.185000,9.17177,9.16886,1500000,1000000
2019-11-29 06:59:43.114000,9.17178,9.16886,1500000,1000000
2019-11-29 06:59:43.238000,9.17188,9.16865,1500000,1000000
2019-11-29 06:59:43.366000,9.17188,9.16861,1500000,1000000
2019-11-29 06:59:43.588000,9.17178,9.16861,1000000,1000000
2019-11-29 06:59:43.639000,9.17178,9.16852,1000000,1000000
2019-11-29 06:59:43.790000,9.17188,9.16852,1500000,1000000
2019-11-29 06:59:44.087000,9.17188,9.16852,1500000,1000000
2019-11-29 06:59:44.188000,9.17178,9.16862,1500000,1000000
2019-11-29 06:59:44.239000,9.17178,9.16862,1000000,1000000
2019-11-29 06:59:44.340000,9.17188,9.16857,1500000,1000000
2019-11-29 06:59:44.587000,9.17188,9.16857,1500000,1000000
2019-11-29 06:59:44.638000,9.17178,9.16878,1500000,1000000
2019-11-29 06:59:44.738000,9.17188,9.16856,1500000,1000000
2019-11-29 06:59:44.789000,9.17177,9.16856,1500000,1000000
2019-11-29 06:59:44.839000,9.17177,9.16852,1500000,1000000
2019-11-29 06:59:45.025000,9.17177,9.16848,1700000,1000000
2019-11-29 06:59:45.348000,9.17117,9.16816,1000000,1000000
2019-11-29 06:59:45.399000,9.17128,9.16816,1000000,1000000
2019-11-29 06:59:45.449000,9.17137,9.16824,1500000,1000000
2019-11-29 06:59:45.651000,9.17163,9.16819,1500000,1000000
2019-11-29 06:59:46.033000,9.17158,9.16819,1500000,1000000
2019-11-29 06:59:48.017000,9.17164,9.16819,1500000,1000000
2019-11-29 06:59:48.118000,9.17178,9.16819,1500000,1000000
2019-11-29 06:59:48.635000,9.17183,9.16819,1500000,1000000
2019-11-29 06:59:48.686000,9.17168,9.16845,1500000,1000000
2019-11-29 06:59:48.826000,9.17181,9.16841,1500000,1000000
2019-11-29 06:59:48.878000,9.17168,9.16834,1500000,1000000
2019-11-29 06:59:48.979000,9.17167,9.16837,1500000,1000000
2019-11-29 06:59:49.189000,9.17168,9.16834,1500000,1000000
2019-11-29 06:59:49.290000,9.17168,9.16839,1500000,1000000
2019-11-29 06:59:49.347000,9.17168,9.1683,1500000,1000000
2019-11-29 06:59:49.489000,9.17138,9.16838,1500000,1000000
2019-11-29 06:59:49.664000,9.17188,9.16832,1500000,1000000
2019-11-29 06:59:49.765000,9.17185,9.16853,1500000,1000000
2019-11-29 06:59:49.866000,9.17191,9.1684,1500000,1000000
2019-11-29 06:59:49.978000,9.17191,9.16847,1500000,1000000
2019-11-29 06:59:50.540000,9.17198,9.16848,1500000,1000000
2019-11-29 06:59:51.618000,9.17198,9.16848,1500000,1000000
2019-11-29 06:59:53.505000,9.17188,9.16848,1500000,1000000
2019-11-29 06:59:55.073000,9.17178,9.16847,1500000,1000000
2019-11-29 06:59:55.375000,9.17158,9.16834,1500000,1000000
2019-11-29 06:59:55.476000,9.17178,9.16842,1500000,1000000
2019-11-29 06:59:56.489000,9.17157,9.16842,1500000,1000000
2019-11-29 06:59:56.590000,9.17138,9.16744,1500000,1500000
2019-11-29 06:59:56.640000,9.17128,9.16773,1500000,1000000
2019-11-29 06:59:56.691000,9.171,9.16775,1500000,1000000
2019-11-29 06:59:56.741000,9.171,9.16772,1500000,1000000
2019-11-29 06:59:56.851000,9.17088,9.16771,1500000,1000000
2019-11-29 06:59:56.951000,9.17087,9.16712,1500000,1000000
2019-11-29 06:59:57.070000,9.17081,9.16712,1500000,1000000
2019-11-29 06:59:58.665000,9.17055,9.16722,1500000,1000000
2019-11-29 06:59:58.716000,9.17055,9.16722,1500000,1000000
2019-11-29 06:59:59.391000,9.17055,9.16722,1000000,1000000
2019-11-29 07:00:00.028000,9.17085,9.16722,1000000,1000000
2019-11-29 07:00:00.083000,9.17085,9.16732,1000000,1000000
2019-11-29 07:00:00.134000,9.17085,9.16712,1000000,1000000
2019-11-29 07:00:00.185000,9.17085,9.16693,1000000,1000000
2019-11-29 07:00:00.824000,9.1707,9.16692,1000000,1000000
2019-11-29 07:00:00.874000,9.17087,9.16692,1000000,1000000
2019-11-29 07:00:01.468000,9.17102,9.16693,1000000,1000000
2019-11-29 07:00:04.038000,9.17091,9.16692,1000000,1000000
2019-11-29 07:00:04.463000,9.17091,9.16696,1000000,1000000
2019-11-29 07:00:04.564000,9.17088,9.16752,1000000,1000000
2019-11-29 07:00:04.615000,9.17091,9.16699,1000000,1500000
2019-11-29 07:00:04.665000,9.17101,9.16774,1000000,1000000
2019-11-29 07:00:04.716000,9.17069,9.16733,1000000,1500000
2019-11-29 07:00:05.328000,9.17068,9.16729,1000000,1000000
2019-11-29 07:00:05.479000,9.17172,9.16717,1000000,1000000
2019-11-29 07:00:05.530000,9.17113,9.1671,1000000,1000000
2019-11-29 07:00:05.680000,9.17099,9.16699,1000000,1000000
2019-11-29 07:00:05.730000,9.17117,9.16698,1000000,1000000
2019-11-29 07:00:06.304000,9.17091,9.16698,1000000,1000000
2019-11-29 07:00:06.773000,9.17081,9.16698,1000000,1500000
2019-11-29 07:00:06.874000,9.17077,9.16737,1000000,1000000
2019-11-29 07:00:06.974000,9.17117,9.16748,1000000,1500000
2019-11-29 07:00:07.097000,9.17121,9.16748,1000000,1500000
2019-11-29 07:00:07.147000,9.1712,9.16789,1000000,1000000
2019-11-29 07:00:07.248000,9.17121,9.16789,1000000,1000000
2019-11-29 07:00:07.349000,9.17117,9.16789,1000000,1000000
2019-11-29 07:00:07.601000,9.17086,9.16789,1000000,1000000
2019-11-29 07:00:07.652000,9.17097,9.16789,1000000,1000000
2019-11-29 07:00:07.753000,9.17126,9.16789,1000000,1000000
2019-11-29 07:00:07.803000,9.17119,9.16789,1000000,1000000
2019-11-29 07:00:07.853000,9.17119,9.16771,1000000,1000000
2019-11-29 07:00:07.954000,9.17119,9.1677,1000000,1000000
2019-11-29 07:00:08.005000,9.17081,9.16731,1000000,1000000
2019-11-29 07:00:08.458000,9.17095,9.16745,1000000,1000000
2019-11-29 07:00:08.836000,9.17108,9.16758,1000000,1000000
2019-11-29 07:00:09.380000,9.17123,9.16773,1000000,1000000
2019-11-29 07:00:09.695000,9.17102,9.16753,1000000,1000000
2019-11-29 07:00:10.147000,9.17116,9.16767,1000000,1000000
2019-11-29 07:00:10.449000,9.1713,9.16781,1000000,1000000
2019-11-29 07:00:10.751000,9.17156,9.16807,1000000,1000000
2019-11-29 07:00:10.852000,9.17156,9.16809,1000000,1000000
2019-11-29 07:00:10.953000,9.17133,9.16783,1000000,1000000
2019-11-29 07:00:11.305000,9.17149,9.16799,1000000,1000000
2019-11-29 07:00:15.213000,9.17148,9.168,1000000,1000000
2019-11-29 07:00:15.365000,9.17148,9.16808,1000000,1000000
2019-11-29 07:00:15.494000,9.17148,9.1683,1000000,1000000
2019-11-29 07:00:15.796000,9.17148,9.16805,1000000,1000000
2019-11-29 07:00:15.947000,9.17164,9.16816,1000000,1000000
2019-11-29 07:00:16.188000,9.17164,9.16828,1000000,1000000
2019-11-29 07:00:16.238000,9.17172,9.16828,1000000,1000000
2019-11-29 07:00:16.389000,9.17162,9.16799,1000000,1000000
2019-11-29 07:00:16.440000,9.1714,9.16792,1000000,1000000
2019-11-29 07:00:16.541000,9.1714,9.16798,1000000,1000000
2019-11-29 07:00:16.813000,9.1716,9.16818,1000000,1000000
2019-11-29 07:00:16.914000,9.17143,9.16818,1000000,1000000
2019-11-29 07:00:16.964000,9.17159,9.16822,1000000,1000000
2019-11-29 07:00:17.015000,9.17184,9.16822,1000000,1000000
2019-11-29 07:00:17.559000,9.17193,9.16799,1000000,1000000
2019-11-29 07:00:17.610000,9.1719,9.16817,1000000,1000000
2019-11-29 07:00:20.285000,9.1719,9.16817,1000000,1500000
2019-11-29 07:00:20.386000,9.17203,9.16856,1000000,1000000
2019-11-29 07:00:20.487000,9.17203,9.1686,1000000,1000000
2019-11-29 07:00:20.860000,9.17213,9.16878,1000000,1000000
2019-11-29 07:00:21.062000,9.17213,9.16841,1000000,1000000
2019-11-29 07:00:21.314000,9.17227,9.16849,1000000,1000000
2019-11-29 07:00:22.539000,9.17227,9.16854,1000000,1000000
2019-11-29 07:00:23.604000,9.17227,9.16849,1000000,1500000
2019-11-29 07:00:23.655000,9.17223,9.16848,1000000,1500000
2019-11-29 07:00:24.035000,9.17223,9.16848,1000000,1000000
2019-11-29 07:00:25.237000,9.17227,9.16849,1000000,1000000
2019-11-29 07:00:26.536000,9.17223,9.16849,1000000,1000000
2019-11-29 07:00:27.574000,9.17218,9.16849,1000000,1000000
2019-11-29 07:00:27.675000,9.17201,9.16848,1000000,1000000
2019-11-29 07:00:28.028000,9.17193,9.16848,1000000,1000000
2019-11-29 07:00:28.180000,9.17208,9.16849,1000000,1000000
2019-11-29 07:00:28.230000,9.17201,9.16848,1000000,1000000
2019-11-29 07:00:28.912000,9.17201,9.16856,1000000,1000000
2019-11-29 07:00:30.056000,9.17221,9.16848,1500000,1000000
2019-11-29 07:00:30.107000,9.17223,9.16855,1500000,1000000
2019-11-29 07:00:30.239000,9.17226,9.16849,1500000,1000000
2019-11-29 07:00:32.139000,9.17226,9.16849,1500000,1000000
2019-11-29 07:00:34.752000,9.17223,9.16849,1500000,1500000
2019-11-29 07:00:34.853000,9.17233,9.16857,1500000,1000000
2019-11-29 07:00:34.954000,9.17234,9.16906,1500000,1000000
2019-11-29 07:00:35.055000,9.17234,9.1689,1500000,1000000
2019-11-29 07:00:36.870000,9.17233,9.1689,1500000,1000000
2019-11-29 07:00:37.994000,9.17233,9.1689,1500000,1000000
2019-11-29 07:00:39.437000,9.17239,9.1689,1500000,1000000
2019-11-29 07:00:40.594000,9.17207,9.1689,1500000,1000000
2019-11-29 07:00:40.645000,9.17207,9.16868,1500000,1000000
2019-11-29 07:00:41.436000,9.17224,9.16868,1500000,1500000
2019-11-29 07:00:41.530000,9.17234,9.16898,1500000,1000000
2019-11-29 07:00:41.732000,9.17261,9.16937,1500000,1000000
2019-11-29 07:00:41.933000,9.17258,9.16937,1500000,1000000
2019-11-29 07:00:41.984000,9.17258,9.16937,1500000,1000000
2019-11-29 07:00:43.136000,9.17258,9.16937,1500000,1000000
2019-11-29 07:00:43.241000,9.17259,9.16937,1500000,1500000
2019-11-29 07:00:43.342000,9.1726,9.16948,1500000,1000000
2019-11-29 07:00:43.461000,9.1726,9.16948,1500000,1000000
2019-11-29 07:00:43.562000,9.1726,9.16948,1500000,1000000
2019-11-29 07:00:43.713000,9.17273,9.16949,1500000,1000000
2019-11-29 07:00:44.566000,9.17261,9.16949,1500000,1000000
2019-11-29 07:00:44.975000,9.17261,9.16948,1500000,1000000
2019-11-29 07:00:45.841000,9.17261,9.16949,1500000,1000000
2019-11-29 07:00:45.891000,9.17261,9.16949,1500000,1000000
2019-11-29 07:00:46,9.17261,9.16948,1500000,1000000
2019-11-29 07:00:46.051000,9.17278,9.16958,1500000,1000000
2019-11-29 07:00:47.852000,9.17278,9.16958,1500000,1000000
2019-11-29 07:00:47.954000,9.17286,9.1696,1500000,1000000
2019-11-29 07:00:48.272000,9.17286,9.1696,1500000,1500000
2019-11-29 07:00:48.381000,9.17286,9.16998,1500000,1000000
2019-11-29 07:00:48.583000,9.17286,9.16999,1500000,1000000
2019-11-29 07:00:48.735000,9.17286,9.16998,1500000,1000000
2019-11-29 07:00:48.886000,9.17286,9.16998,1500000,1000000
2019-11-29 07:00:49.745000,9.17269,9.16998,1500000,1000000
2019-11-29 07:00:49.946000,9.17284,9.16999,1500000,1000000
2019-11-29 07:00:50.047000,9.17284,9.16998,2000000,1000000
2019-11-29 07:00:50.148000,9.17283,9.16968,1500000,1000000
2019-11-29 07:00:51.050000,9.17284,9.16968,2000000,1000000
2019-11-29 07:00:51.470000,9.17284,9.16968,2000000,1500000
2019-11-29 07:00:51.571000,9.17284,9.16998,1500000,1000000
2019-11-29 07:00:51.672000,9.17334,9.1706,1000000,1000000
2019-11-29 07:00:51.823000,9.17364,9.17065,1500000,1000000
2019-11-29 07:00:51.924000,9.17364,9.17069,1500000,1000000
2019-11-29 07:00:52.025000,9.17364,9.17073,1500000,1000000
2019-11-29 07:00:52.383000,9.1737,9.17064,1500000,1000000
2019-11-29 07:00:53.071000,9.1737,9.17064,1500000,1000000
2019-11-29 07:00:53.464000,9.17387,9.17062,1000000,1000000
2019-11-29 07:00:53.878000,9.17387,9.17076,1000000,1000000
2019-11-29 07:00:54.822000,9.17418,9.17076,1500000,1000000
2019-11-29 07:00:54.872000,9.17418,9.17094,1500000,1000000
2019-11-29 07:00:54.973000,9.17344,9.17097,1500000,1000000
2019-11-29 07:00:55.180000,9.174,9.17096,1500000,1000000
2019-11-29 07:00:55.288000,9.17428,9.17107,1500000,1000000
2019-11-29 07:00:56.023000,9.17431,9.17107,1500000,1000000
2019-11-29 07:00:56.387000,9.17431,9.17112,1500000,1000000
2019-11-29 07:00:56.488000,9.17431,9.17156,1500000,1000000
2019-11-29 07:00:57.184000,9.17431,9.17156,1500000,1000000
2019-11-29 07:00:57.285000,9.1745,9.17185,1500000,1000000
2019-11-29 07:00:57.335000,9.17453,9.17185,1000000,1000000
2019-11-29 07:00:57.386000,9.17503,9.17226,1500000,1000000
2019-11-29 07:00:57.537000,9.17503,9.1726,1000000,1000000
2019-11-29 07:00:57.638000,9.17504,9.17314,1000000,1000000
2019-11-29 07:00:57.739000,9.17569,9.17342,1500000,1000000
2019-11-29 07:00:57.840000,9.17637,9.17339,1000000,1000000
2019-11-29 07:00:57.890000,9.17637,9.17376,1000000,1000000
2019-11-29 07:00:57.991000,9.17692,9.17413,1500000,1000000
2019-11-29 07:00:58.092000,9.17676,9.17412,1500000,1000000
2019-11-29 07:00:58.193000,9.17674,9.17385,1500000,1000000
2019-11-29 07:00:58.309000,9.17676,9.17429,1500000,1000000
2019-11-29 07:00:59.080000,9.17647,9.17405,1500000,1000000
2019-11-29 07:00:59.540000,9.17675,9.17405,1500000,1000000
2019-11-29 07:00:59.792000,9.17672,9.17387,1500000,1000000
2019-11-29 07:00:59.993000,9.17668,9.17387,1500000,1000000
2019-11-29 07:01:00.144000,9.1763,9.17387,1000000,1000000
2019-11-29 07:01:00.195000,9.1763,9.17308,1000000,1000000
2019-11-29 07:01:00.296000,9.17631,9.17292,1000000,1000000
2019-11-29 07:01:00.497000,9.17641,9.17284,1500000,1000000
2019-11-29 07:01:00.547000,9.17623,9.17257,1500000,1200000
2019-11-29 07:01:00.598000,9.17623,9.17257,1500000,1500000
2019-11-29 07:01:01.102000,9.17623,9.17261,1500000,1000000
2019-11-29 07:01:01.203000,9.17623,9.17288,1500000,1500000
2019-11-29 07:01:01.254000,9.17623,9.17344,1500000,1000000
2019-11-29 07:01:01.305000,9.17648,9.17387,1500000,1000000
2019-11-29 07:01:01.406000,9.17666,9.1733,1500000,1000000
2019-11-29 07:01:01.664000,9.17666,9.17275,1500000,1200000
2019-11-29 07:01:01.894000,9.17666,9.17275,1500000,1200000
2019-11-29 07:01:02.163000,9.17666,9.17275,1500000,1200000
2019-11-29 07:01:02.214000,9.17618,9.1741,1000000,1000000
2019-11-29 07:01:02.264000,9.17657,9.1741,1500000,1000000
2019-11-29 07:01:02.315000,9.17657,9.17477,1500000,1000000
2019-11-29 07:01:02.365000,9.17708,9.17477,1500000,1000000
2019-11-29 07:01:03.175000,9.17737,9.17423,1500000,1120000
2019-11-29 07:01:03.261000,9.17727,9.17419,1500000,1000000
2019-11-29 07:01:03.427000,9.17738,9.17423,1500000,1000000
2019-11-29 07:01:03.741000,9.17738,9.17423,1500000,1000000
2019-11-29 07:01:03.842000,9.17748,9.17433,1500000,1000000
2019-11-29 07:01:03.993000,9.17748,9.17435,1500000,1000000
2019-11-29 07:01:04.043000,9.17748,9.17433,1500000,1000000
2019-11-29 07:01:04.094000,9.17748,9.17433,1500000,1000000
2019-11-29 07:01:04.280000,9.17738,9.17433,1000000,1000000
2019-11-29 07:01:04.389000,9.17748,9.17436,1500000,1000000
2019-11-29 07:01:04.490000,9.17758,9.17443,1500000,1000000
2019-11-29 07:01:05.383000,9.17767,9.17451,1500000,1000000
2019-11-29 07:01:05.607000,9.17767,9.17426,1500000,1500000
2019-11-29 07:01:05.765000,9.17767,9.17426,1500000,1500000
2019-11-29 07:01:06.120000,9.17756,9.17429,1000000,1500000
2019-11-29 07:01:06.222000,9.17756,9.1744,1000000,1500000
2019-11-29 07:01:06.323000,9.17745,9.17436,1000000,1500000
2019-11-29 07:01:06.444000,9.17745,9.17446,1000000,1500000
2019-11-29 07:01:06.578000,9.17779,9.17457,1500000,1500000
2019-11-29 07:01:06.679000,9.17779,9.17452,1500000,1500000
2019-11-29 07:01:06.808000,9.17779,9.1745,1500000,1500000
2019-11-29 07:01:07.026000,9.17757,9.1745,1000000,1000000
2019-11-29 07:01:07.128000,9.17727,9.17437,1000000,1500000
2019-11-29 07:01:07.178000,9.17717,9.17432,1000000,1000000
2019-11-29 07:01:07.229000,9.17717,9.1739,1000000,1500000
2019-11-29 07:01:07.330000,9.17717,9.1739,1000000,1500000
2019-11-29 07:01:07.381000,9.17717,9.17403,1000000,1000000
2019-11-29 07:01:07.482000,9.17717,9.17404,1000000,1000000
2019-11-29 07:01:08.734000,9.17711,9.17408,1500000,1000000
2019-11-29 07:01:10.123000,9.17709,9.17385,1000000,1500000
2019-11-29 07:01:10.174000,9.17709,9.17385,1000000,1200000
2019-11-29 07:01:10.661000,9.17699,9.17392,1000000,1000000
2019-11-29 07:01:10.711000,9.177,9.17395,1000000,1000000
2019-11-29 07:01:10.927000,9.17693,9.17395,1000000,1000000
2019-11-29 07:01:11.080000,9.17693,9.17401,1000000,1000000
2019-11-29 07:01:11.130000,9.17699,9.17402,1000000,1000000
2019-11-29 07:01:11.231000,9.17699,9.17409,1000000,1000000
2019-11-29 07:01:11.334000,9.17712,9.17417,1000000,1000000
2019-11-29 07:01:11.535000,9.17743,9.17418,1500000,1000000
2019-11-29 07:01:11.636000,9.17744,9.17418,1500000,1000000
2019-11-29 07:01:11.737000,9.17743,9.17417,1500000,1000000
2019-11-29 07:01:11.883000,9.17743,9.17417,1500000,1000000
2019-11-29 07:01:12.035000,9.17732,9.17417,1000000,1000000
2019-11-29 07:01:13.850000,9.17733,9.17409,1500000,1500000
2019-11-29 07:01:13.900000,9.17733,9.17447,1500000,1000000
2019-11-29 07:01:14.170000,9.17728,9.17485,1500000,1000000
2019-11-29 07:01:14.220000,9.17733,9.17514,1500000,1000000
2019-11-29 07:01:14.322000,9.17747,9.17522,1500000,1000000
2019-11-29 07:01:14.423000,9.17747,9.17516,1500000,1000000
2019-11-29 07:01:14.625000,9.17747,9.17547,1500000,1000000
2019-11-29 07:01:14.947000,9.17747,9.17547,1000000,1000000
2019-11-29 07:01:15.663000,9.17758,9.17547,1000000,1000000
2019-11-29 07:01:15.815000,9.17758,9.17536,1000000,1000000
2019-11-29 07:01:15.865000,9.17758,9.17539,1000000,1000000
2019-11-29 07:01:15.966000,9.17777,9.17567,1000000,1000000
2019-11-29 07:01:16.067000,9.17778,9.17548,1000000,1500000
2019-11-29 07:01:16.117000,9.17767,9.17548,1000000,1500000
2019-11-29 07:01:17.086000,9.17858,9.17558,1700000,1000000
2019-11-29 07:01:17.137000,9.17856,9.17592,1620000,1000000
2019-11-29 07:01:17.288000,9.17886,9.17576,1000000,1000000
2019-11-29 07:01:17.389000,9.17886,9.17591,1620000,1000000
2019-11-29 07:01:17.590000,9.17886,9.17577,1000000,1000000
2019-11-29 07:01:17.691000,9.17886,9.17591,1620000,1000000
2019-11-29 07:01:18.190000,9.17865,9.17568,1000000,1200000
2019-11-29 07:01:18.241000,9.17865,9.17568,1620000,1000000
2019-11-29 07:01:18.447000,9.17859,9.17557,1500000,1000000
2019-11-29 07:01:19.054000,9.17859,9.17544,1500000,1500000
2019-11-29 07:01:19.307000,9.17859,9.17544,1500000,1500000
2019-11-29 07:01:19.414000,9.17838,9.17547,1500000,1000000
2019-11-29 07:01:19.515000,9.17811,9.17516,1500000,1200000
2019-11-29 07:01:19.565000,9.17808,9.17527,1000000,1000000
2019-11-29 07:01:19.636000,9.17808,9.17523,1000000,1120000
2019-11-29 07:01:19.687000,9.17808,9.17532,1000000,1500000
2019-11-29 07:01:19.738000,9.17808,9.17532,1000000,1000000
2019-11-29 07:01:20.140000,9.17814,9.17532,1000000,1000000
2019-11-29 07:01:20.241000,9.17814,9.17539,1000000,1000000
2019-11-29 07:01:20.291000,9.17828,9.17547,1000000,1000000
2019-11-29 07:01:20.872000,9.17817,9.17547,1000000,1000000
2019-11-29 07:01:20.981000,9.17797,9.17547,1000000,1000000
2019-11-29 07:01:21.082000,9.17807,9.17529,1000000,1000000
2019-11-29 07:01:21.132000,9.17807,9.17529,1000000,1200000
2019-11-29 07:01:21.233000,9.17807,9.17553,1000000,1000000
2019-11-29 07:01:21.284000,9.17807,9.17538,1000000,1000000
2019-11-29 07:01:21.334000,9.17807,9.17542,1000000,1000000
2019-11-29 07:01:21.636000,9.17807,9.17538,1000000,1000000
2019-11-29 07:01:21.687000,9.17823,9.17553,1500000,1000000
2019-11-29 07:01:21.788000,9.17814,9.17536,1500000,1000000
2019-11-29 07:01:21.890000,9.17809,9.17536,1000000,1000000
2019-11-29 07:01:21.991000,9.17799,9.1752,1000000,1200000
2019-11-29 07:01:22.098000,9.17799,9.1752,1500000,1200000
2019-11-29 07:01:22.838000,9.17799,9.17522,1500000,1200000
2019-11-29 07:01:23.714000,9.17778,9.17528,1500000,1000000
2019-11-29 07:01:23.815000,9.17788,9.17542,1500000,1000000
2019-11-29 07:01:23.865000,9.17797,9.17538,1500000,1000000
2019-11-29 07:01:23.916000,9.17788,9.17545,1500000,1000000
2019-11-29 07:01:24.016000,9.17788,9.17539,1500000,1000000
2019-11-29 07:01:24.268000,9.17778,9.17539,1500000,1500000
2019-11-29 07:01:24.369000,9.17778,9.17548,1500000,1000000
2019-11-29 07:01:24.887000,9.17788,9.17548,1500000,1000000
2019-11-29 07:01:25.581000,9.17817,9.17549,1500000,1000000
2019-11-29 07:01:26.040000,9.17808,9.17548,1500000,1000000
2019-11-29 07:01:26.349000,9.17808,9.17549,1500000,1000000
2019-11-29 07:01:26.482000,9.17808,9.17549,1500000,1000000
2019-11-29 07:01:27.628000,9.17788,9.17549,1500000,1000000
2019-11-29 07:01:27.749000,9.17788,9.17549,1500000,1000000
2019-11-29 07:01:27.828000,9.17788,9.17549,1000000,1000000
2019-11-29 07:01:29.699000,9.17777,9.17549,1000000,1000000
2019-11-29 07:01:29.861000,9.17777,9.17548,1000000,1000000
2019-11-29 07:01:30.124000,9.17788,9.17548,1000000,1000000
2019-11-29 07:01:30.426000,9.17798,9.17548,1000000,1000000
2019-11-29 07:01:30.527000,9.17797,9.1754,1000000,1500000
2019-11-29 07:01:30.803000,9.17788,9.17548,1000000,1000000
2019-11-29 07:01:31.055000,9.17788,9.17549,1000000,1000000
2019-11-29 07:01:31.362000,9.17788,9.17548,1000000,1000000
2019-11-29 07:01:31.974000,9.17787,9.17548,1000000,1000000
2019-11-29 07:01:33.178000,9.17787,9.17549,1000000,1000000
2019-11-29 07:01:33.978000,9.17798,9.17548,1000000,1000000
2019-11-29 07:01:34.029000,9.17808,9.17548,1000000,1000000
2019-11-29 07:01:34.180000,9.17807,9.17548,1000000,1000000
2019-11-29 07:01:34.780000,9.17808,9.17549,1000000,1000000
2019-11-29 07:01:34.893000,9.17807,9.17548,1000000,1000000
2019-11-29 07:01:35.127000,9.17807,9.17549,1000000,1000000
2019-11-29 07:01:35.228000,9.17778,9.17481,1000000,1000000
2019-11-29 07:01:35.278000,9.17778,9.17498,1000000,1000000
2019-11-29 07:01:35.329000,9.17775,9.17481,1000000,1500000
2019-11-29 07:01:35.430000,9.17764,9.17477,1000000,1000000
2019-11-29 07:01:35.581000,9.17731,9.17433,1000000,1000000
2019-11-29 07:01:35.631000,9.17697,9.17412,1000000,1000000
2019-11-29 07:01:35.682000,9.17697,9.17395,1500000,1000000
2019-11-29 07:01:35.732000,9.17674,9.17394,1000000,1000000
2019-11-29 07:01:35.833000,9.17644,9.17395,1000000,1000000
2019-11-29 07:01:35.884000,9.17644,9.17343,1000000,1500000
2019-11-29 07:01:35.985000,9.17645,9.17328,1000000,1000000
2019-11-29 07:01:36.085000,9.176,9.17281,1000000,1000000
2019-11-29 07:01:36.136000,9.17535,9.17268,1000000,1000000
2019-11-29 07:01:36.237000,9.1752,9.17277,1000000,1000000
2019-11-29 07:01:36.287000,9.1752,9.17232,1000000,1000000
2019-11-29 07:01:36.338000,9.17492,9.17282,1000000,1000000
2019-11-29 07:01:36.439000,9.17484,9.17282,1000000,1000000
2019-11-29 07:01:36.566000,9.17444,9.17247,1000000,1000000
2019-11-29 07:01:36.617000,9.17456,9.17165,1000000,1000000
2019-11-29 07:01:36.718000,9.17456,9.17162,1000000,1000000
2019-11-29 07:01:36.769000,9.17456,9.17161,1000000,1500000
2019-11-29 07:01:36.965000,9.17456,9.17166,1000000,1000000
2019-11-29 07:01:37.218000,9.17456,9.17177,1000000,1000000
2019-11-29 07:01:37.714000,9.17456,9.17166,1000000,1000000
2019-11-29 07:01:37.882000,9.17456,9.17154,1000000,1000000
2019-11-29 07:01:37.933000,9.1742,9.17137,1000000,1000000
2019-11-29 07:01:38.034000,9.17401,9.17129,1000000,1120000
2019-11-29 07:01:38.084000,9.17401,9.17124,1000000,1500000
2019-11-29 07:01:38.135000,9.17459,9.17132,1000000,1000000
2019-11-29 07:01:38.437000,9.17443,9.17132,1000000,1000000
2019-11-29 07:01:38.487000,9.17458,9.17132,1000000,1000000
2019-11-29 07:01:38.614000,9.1747,9.17132,1500000,1000000
2019-11-29 07:01:38.816000,9.17454,9.17132,1000000,1000000
2019-11-29 07:01:39.270000,9.17447,9.17132,1000000,1000000
2019-11-29 07:01:39.471000,9.17445,9.17132,1000000,1000000
2019-11-29 07:01:39.827000,9.17445,9.17108,1000000,1500000
2019-11-29 07:01:39.878000,9.17443,9.17108,1000000,1500000
2019-11-29 07:01:39.929000,9.17445,9.17108,1000000,1500000
2019-11-29 07:01:40.070000,9.17445,9.17137,1000000,1000000
2019-11-29 07:01:40.121000,9.17445,9.17127,1000000,1000000
2019-11-29 07:01:40.221000,9.17433,9.17108,1000000,1500000
2019-11-29 07:01:40.322000,9.17445,9.17108,1000000,1500000
2019-11-29 07:01:40.372000,9.17413,9.17108,1000000,1500000
2019-11-29 07:01:40.423000,9.17423,9.17108,1000000,1500000
2019-11-29 07:01:40.474000,9.17445,9.17108,1000000,1500000
2019-11-29 07:01:40.680000,9.17443,9.17108,1000000,1500000
2019-11-29 07:01:40.730000,9.17445,9.17108,1000000,1500000
2019-11-29 07:01:40.882000,9.17443,9.17108,1000000,1500000
2019-11-29 07:01:41.032000,9.17433,9.17108,1000000,1500000
2019-11-29 07:01:41.083000,9.17476,9.17146,1500000,1500000
2019-11-29 07:01:41.133000,9.17525,9.17194,1500000,1500000
2019-11-29 07:01:41.184000,9.17524,9.17167,1500000,1500000
2019-11-29 07:01:41.285000,9.17459,9.1719,1000000,1500000
2019-11-29 07:01:41.386000,9.17548,9.17193,1000000,1500000
2019-11-29 07:01:41.486000,9.17568,9.17217,1000000,1500000
2019-11-29 07:01:41.637000,9.17608,9.17271,1000000,1500000
2019-11-29 07:01:41.688000,9.17608,9.17282,1000000,1500000
2019-11-29 07:01:41.789000,9.17614,9.17283,1500000,1500000
2019-11-29 07:01:41.839000,9.17609,9.17283,1500000,1500000
2019-11-29 07:01:41.890000,9.17609,9.17283,1000000,1500000
2019-11-29 07:01:42.141000,9.17628,9.173,1620000,1500000
2019-11-29 07:01:42.192000,9.17632,9.173,1000000,1500000
2019-11-29 07:01:42.242000,9.17634,9.17341,1000000,1000000
2019-11-29 07:01:42.293000,9.17634,9.17341,1000000,1500000
2019-11-29 07:01:42.343000,9.17652,9.17347,1000000,1500000
2019-11-29 07:01:42.394000,9.17652,9.17347,1000000,1500000
2019-11-29 07:01:42.494000,9.17676,9.17347,1000000,1500000
2019-11-29 07:01:42.545000,9.17682,9.17371,1000000,1500000
2019-11-29 07:01:42.595000,9.17682,9.17371,1000000,1500000
2019-11-29 07:01:42.646000,9.17689,9.17385,1000000,1000000
2019-11-29 07:01:42.696000,9.17689,9.17385,1000000,1500000
2019-11-29 07:01:42.747000,9.17693,9.17377,1000000,1000000
2019-11-29 07:01:42.847000,9.17672,9.1741,1000000,1000000
2019-11-29 07:01:42.898000,9.17683,9.1741,1000000,1000000
2019-11-29 07:01:43.500000,9.17737,9.1741,1500000,1000000
2019-11-29 07:01:43.551000,9.17737,9.17432,1500000,1000000
2019-11-29 07:01:43.601000,9.17743,9.17432,1000000,1000000
2019-11-29 07:01:43.948000,9.17723,9.17432,1000000,1000000
2019-11-29 07:01:44.049000,9.17743,9.17432,1000000,1000000
2019-11-29 07:01:44.522000,9.17713,9.17432,1000000,1000000
2019-11-29 07:01:44.573000,9.17743,9.17432,1000000,1000000
2019-11-29 07:01:44.674000,9.17751,9.17432,1000000,1000000
2019-11-29 07:01:45.067000,9.17723,9.17432,1000000,1000000
2019-11-29 07:01:45.535000,9.17723,9.17465,1000000,1000000
2019-11-29 07:01:47.537000,9.17723,9.17484,1000000,1000000
2019-11-29 07:01:47.664000,9.17733,9.17484,1000000,1000000
2019-11-29 07:01:47.765000,9.17754,9.17484,1500000,1000000
2019-11-29 07:01:47.995000,9.17754,9.17501,1500000,1000000
2019-11-29 07:01:48.361000,9.17733,9.17501,1000000,1000000
2019-11-29 07:01:48.840000,9.17733,9.17493,1000000,1000000
2019-11-29 07:01:49.884000,9.1776,9.17493,1500000,1000000
2019-11-29 07:01:49.985000,9.17743,9.17493,1000000,1000000
2019-11-29 07:01:50.244000,9.17743,9.17485,1000000,1000000
2019-11-29 07:01:50.539000,9.17798,9.17485,1000000,1500000
2019-11-29 07:01:50.589000,9.17793,9.17518,1000000,1120000
2019-11-29 07:01:50.640000,9.17836,9.17518,1000000,1500000
2019-11-29 07:01:50.690000,9.17845,9.17584,1000000,1000000
2019-11-29 07:01:50.741000,9.17846,9.17584,1000000,1000000
2019-11-29 07:01:50.842000,9.17831,9.17584,1000000,1000000
2019-11-29 07:01:50.892000,9.17831,9.17578,1000000,1000000
2019-11-29 07:01:50.943000,9.17827,9.17578,1000000,1000000
2019-11-29 07:01:51.063000,9.17808,9.17578,1000000,1000000
2019-11-29 07:01:51.172000,9.17817,9.17578,1000000,1000000
2019-11-29 07:01:52.768000,9.17828,9.17578,1000000,1000000
2019-11-29 07:01:52.818000,9.17818,9.17578,1000000,1000000
2019-11-29 07:01:52.919000,9.17818,9.17593,1000000,1000000
2019-11-29 07:01:53.042000,9.17808,9.17593,1000000,1000000
2019-11-29 07:01:53.208000,9.17818,9.17593,1000000,1000000
2019-11-29 07:01:54.111000,9.17808,9.17593,1000000,1000000
2019-11-29 07:01:55.493000,9.17808,9.17587,1000000,1000000
2019-11-29 07:01:55.654000,9.17818,9.17587,1000000,1000000
2019-11-29 07:01:55.931000,9.17828,9.17587,1000000,1000000
2019-11-29 07:01:56.617000,9.17818,9.17587,1000000,1000000
2019-11-29 07:01:56.860000,9.17818,9.1757,1000000,1120000
2019-11-29 07:01:56.989000,9.17778,9.1757,1000000,1000000
2019-11-29 07:01:57.870000,9.17798,9.17602,1000000,1000000
2019-11-29 07:01:57.971000,9.17798,9.1756,1000000,1500000
2019-11-29 07:01:58.021000,9.17798,9.1756,1500000,1500000
2019-11-29 07:01:58.387000,9.17818,9.1756,1500000,1500000
2019-11-29 07:01:58.589000,9.17818,9.17577,1500000,1000000
2019-11-29 07:01:58.690000,9.17808,9.17567,1500000,1500000
2019-11-29 07:02:00.057000,9.17808,9.17567,1500000,1500000
2019-11-29 07:02:00.209000,9.17787,9.17567,1000000,1000000
2019-11-29 07:02:00.310000,9.17791,9.17559,1500000,1000000
2019-11-29 07:02:01.173000,9.17791,9.17559,1500000,1000000
2019-11-29 07:02:02.393000,9.17823,9.17567,1500000,1000000
2019-11-29 07:02:02.494000,9.17799,9.17573,1500000,1000000
2019-11-29 07:02:02.595000,9.17797,9.17564,1000000,1000000
2019-11-29 07:02:02.730000,9.17832,9.17564,1000000,1500000
2019-11-29 07:02:02.831000,9.17832,9.17583,1000000,1000000
2019-11-29 07:02:03.891000,9.17815,9.17574,1500000,1000000
2019-11-29 07:02:05.064000,9.1782,9.17574,1000000,1000000
2019-11-29 07:02:06.240000,9.17815,9.17574,1000000,1000000
2019-11-29 07:02:06.928000,9.17834,9.17573,1000000,1000000
2019-11-29 07:02:06.978000,9.17826,9.17576,1000000,1000000
2019-11-29 07:02:07.087000,9.17831,9.17592,1000000,1000000
2019-11-29 07:02:07.138000,9.17838,9.1758,1500000,1000000
2019-11-29 07:02:07.188000,9.1782,9.1758,1000000,1000000
2019-11-29 07:02:07.289000,9.17837,9.1758,1500000,1000000
2019-11-29 07:02:07.440000,9.17837,9.1758,1500000,1000000
2019-11-29 07:02:07.962000,9.17828,9.1758,1000000,1000000
2019-11-29 07:02:08.549000,9.17828,9.1758,1500000,1000000
2019-11-29 07:02:08.713000,9.17833,9.17586,1500000,1000000
2019-11-29 07:02:08.864000,9.17844,9.17596,1500000,1000000
2019-11-29 07:02:08.915000,9.1785,9.17586,1000000,1000000
2019-11-29 07:02:08.966000,9.1786,9.17597,1500000,1000000
2019-11-29 07:02:09.016000,9.1786,9.1759,1500000,1000000
2019-11-29 07:02:09.931000,9.1786,9.1759,1500000,1000000
2019-11-29 07:02:10.168000,9.1786,9.17596,1500000,1000000
2019-11-29 07:02:10.369000,9.1786,9.17606,1500000,1000000
2019-11-29 07:02:10.470000,9.1786,9.17597,1500000,1000000
2019-11-29 07:02:10.575000,9.1786,9.17611,1500000,1000000
2019-11-29 07:02:10.676000,9.1786,9.17602,1500000,1000000
2019-11-29 07:02:10.777000,9.1786,9.17609,1500000,1000000
2019-11-29 07:02:10.878000,9.1786,9.17601,1500000,1000000
2019-11-29 07:02:11.292000,9.17866,9.17601,1620000,1000000
2019-11-29 07:02:12.400000,9.17863,9.17601,1500000,1500000
2019-11-29 07:02:12.501000,9.17876,9.17617,1000000,1000000
2019-11-29 07:02:12.602000,9.1787,9.17616,1500000,1000000
2019-11-29 07:02:13.577000,9.17858,9.17616,1500000,1000000
2019-11-29 07:02:13.792000,9.17858,9.17638,1500000,1000000
2019-11-29 07:02:13.893000,9.17858,9.17636,1500000,1000000
2019-11-29 07:02:14.683000,9.17858,9.1762,1500000,1000000
2019-11-29 07:02:14.987000,9.17858,9.1762,1500000,1000000
2019-11-29 07:02:17.167000,9.17863,9.1762,1500000,1000000
2019-11-29 07:02:17.736000,9.1785,9.1762,1000000,1000000
2019-11-29 07:02:17.837000,9.17851,9.17603,1000000,1000000
2019-11-29 07:02:17.993000,9.17856,9.17603,1500000,1000000
2019-11-29 07:02:18.094000,9.17862,9.17603,1500000,1500000
2019-11-29 07:02:18.256000,9.17834,9.17603,1500000,1000000
2019-11-29 07:02:18.307000,9.17828,9.17579,1500000,1500000
2019-11-29 07:02:18.465000,9.17828,9.17579,1500000,1500000
2019-11-29 07:02:18.943000,9.17824,9.17579,1000000,1500000
2019-11-29 07:02:19.044000,9.17828,9.17579,1500000,1500000
2019-11-29 07:02:19.276000,9.17824,9.17579,1000000,1500000
2019-11-29 07:02:19.377000,9.17824,9.17579,1000000,1500000
2019-11-29 07:02:20.598000,9.17834,9.17579,1000000,1500000
2019-11-29 07:02:23.192000,9.17824,9.17579,1000000,1500000
2019-11-29 07:02:24.389000,9.17833,9.17579,1500000,1500000
2019-11-29 07:02:26.163000,9.17833,9.17577,1500000,1500000
2019-11-29 07:02:26.213000,9.17838,9.17585,1500000,1500000
2019-11-29 07:02:26.657000,9.17855,9.1758,1000000,1500000
2019-11-29 07:02:26.758000,9.17855,9.17627,1000000,1000000
2019-11-29 07:02:26.859000,9.17855,9.17606,1000000,1500000
2019-11-29 07:02:27.139000,9.17855,9.17606,1500000,1500000
2019-11-29 07:02:27.240000,9.17872,9.17623,1500000,1000000
2019-11-29 07:02:27.290000,9.17873,9.17622,1620000,1000000
2019-11-29 07:02:27.341000,9.17873,9.17611,1620000,1000000
2019-11-29 07:02:28.409000,9.17876,9.17611,1500000,1500000
2019-11-29 07:02:28.560000,9.17896,9.17667,1500000,1000000
2019-11-29 07:02:28.692000,9.17896,9.17644,1500000,1500000
2019-11-29 07:02:28.793000,9.17896,9.17644,1500000,1500000
2019-11-29 07:02:30.935000,9.17896,9.17652,1500000,1000000
2019-11-29 07:02:33.189000,9.17894,9.17644,1500000,1500000
2019-11-29 07:02:33.323000,9.17888,9.17644,1500000,1500000
2019-11-29 07:02:33.427000,9.17886,9.17644,1500000,1500000
2019-11-29 07:02:40.202000,9.17888,9.17644,1500000,1500000
2019-11-29 07:02:43.146000,9.17888,9.17662,1500000,1500000
2019-11-29 07:02:47.692000,9.17888,9.1765,1500000,1500000
2019-11-29 07:02:48.014000,9.17848,9.1765,1500000,1000000
2019-11-29 07:02:48.115000,9.17851,9.17617,1500000,1500000
2019-11-29 07:02:49.669000,9.17851,9.17624,1500000,1000000
2019-11-29 07:02:50.224000,9.17851,9.17624,1500000,1000000
2019-11-29 07:02:56.304000,9.17838,9.17624,1500000,1000000
2019-11-29 07:02:56.417000,9.17838,9.1761,1500000,1500000
2019-11-29 07:02:56.956000,9.17838,9.1761,1500000,1500000
2019-11-29 07:02:59.895000,9.17847,9.1761,1500000,1500000
2019-11-29 07:03:00.537000,9.17847,9.17611,1500000,1500000
2019-11-29 07:03:01.555000,9.17847,9.17611,1500000,1500000
2019-11-29 07:03:01.885000,9.17847,9.17611,1500000,1500000
2019-11-29 07:03:02.875000,9.17847,9.17624,1500000,1500000
2019-11-29 07:03:03.259000,9.17847,9.17624,1500000,1500000
2019-11-29 07:03:09.137000,9.17847,9.17635,1500000,1000000
2019-11-29 07:03:09.968000,9.17847,9.17635,1500000,1000000
2019-11-29 07:03:11.287000,9.17847,9.17635,1500000,1000000
2019-11-29 07:03:14.106000,9.17847,9.17635,1500000,1000000
2019-11-29 07:03:17.087000,9.17858,9.17635,1500000,1000000
2019-11-29 07:03:17.339000,9.17848,9.17635,1000000,1000000
2019-11-29 07:03:17.410000,9.17858,9.17635,1500000,1000000
2019-11-29 07:03:18.188000,9.17858,9.17635,1500000,1500000
2019-11-29 07:03:18.859000,9.17858,9.17635,1500000,1500000
2019-11-29 07:03:19.104000,9.17858,9.17635,1500000,1500000
2019-11-29 07:03:21.097000,9.17838,9.17635,1120000,1000000
2019-11-29 07:03:23.863000,9.1789,9.17635,1500000,1500000
2019-11-29 07:03:23.964000,9.17899,9.17635,1500000,1500000
2019-11-29 07:03:24.166000,9.17898,9.17681,1500000,1500000
2019-11-29 07:03:24.216000,9.17898,9.17705,1500000,1500000
2019-11-29 07:03:24.569000,9.17898,9.17707,1500000,1500000
2019-11-29 07:03:24.670000,9.17898,9.17707,1500000,1500000
2019-11-29 07:03:25.006000,9.17898,9.17709,1500000,1500000
2019-11-29 07:03:25.635000,9.17898,9.17709,1000000,1500000
2019-11-29 07:03:26.908000,9.17898,9.17709,1500000,1500000
2019-11-29 07:03:27.414000,9.17888,9.17709,1000000,1500000
2019-11-29 07:03:27.515000,9.17888,9.17709,1000000,1500000
2019-11-29 07:03:27.704000,9.17878,9.17709,1000000,1500000
2019-11-29 07:03:27.805000,9.17868,9.17709,1000000,1500000
2019-11-29 07:03:27.855000,9.17878,9.17684,1000000,1500000
2019-11-29 07:03:27.906000,9.17868,9.17684,1000000,1500000
2019-11-29 07:03:27.956000,9.17878,9.17684,1000000,1500000
2019-11-29 07:03:28.073000,9.17878,9.17684,1000000,1500000
2019-11-29 07:03:29.197000,9.17878,9.17684,1500000,1500000
2019-11-29 07:03:31.237000,9.17858,9.17684,1000000,1500000
2019-11-29 07:03:31.287000,9.17877,9.17684,1500000,1500000
2019-11-29 07:03:32.309000,9.17888,9.17684,1500000,1500000
2019-11-29 07:03:33.523000,9.17888,9.17684,1500000,1500000
2019-11-29 07:03:35.445000,9.17898,9.17684,1500000,1500000
2019-11-29 07:03:35.867000,9.17887,9.17684,1500000,1500000
2019-11-29 07:03:36.656000,9.17887,9.17682,1500000,1500000
2019-11-29 07:03:37.187000,9.17887,9.17682,1500000,1500000
2019-11-29 07:03:37.899000,9.17887,9.17682,1500000,1500000
2019-11-29 07:03:39.103000,9.17898,9.17682,1500000,1500000
2019-11-29 07:03:40.357000,9.17898,9.17682,1500000,1500000
2019-11-29 07:03:42.312000,9.17888,9.17682,1500000,1500000
2019-11-29 07:03:43.114000,9.17888,9.17682,1500000,1500000
2019-11-29 07:03:44.008000,9.17888,9.17682,1500000,1500000
2019-11-29 07:03:44.109000,9.17888,9.17686,1500000,1500000
2019-11-29 07:03:45.006000,9.17897,9.17686,1500000,1500000
2019-11-29 07:03:45.207000,9.17897,9.17686,1500000,1500000
2019-11-29 07:03:46.708000,9.17897,9.17686,1500000,1500000
2019-11-29 07:03:52.498000,9.17897,9.17686,1000000,1500000
2019-11-29 07:03:52.638000,9.1791,9.17686,1500000,1500000
2019-11-29 07:03:52.689000,9.17925,9.17692,1500000,1500000
2019-11-29 07:03:52.790000,9.1796,9.17737,1000000,1120000
2019-11-29 07:03:52.941000,9.17968,9.17745,1500000,1000000
2019-11-29 07:03:53.092000,9.17936,9.17782,1500000,1000000
2019-11-29 07:03:54.079000,9.17936,9.17782,1500000,1000000
2019-11-29 07:03:55.241000,9.17936,9.17782,1000000,1000000
2019-11-29 07:04:00.548000,9.17927,9.17782,1000000,1000000
2019-11-29 07:04:00.649000,9.17927,9.17798,1000000,1000000
2019-11-29 07:04:00.901000,9.17922,9.17782,1000000,1000000
2019-11-29 07:04:02.008000,9.17944,9.17798,1000000,1000000
2019-11-29 07:04:02.281000,9.17946,9.17806,1000000,1000000
2019-11-29 07:04:02.381000,9.17958,9.17808,1500000,1000000
2019-11-29 07:04:02.777000,9.17933,9.17807,1000000,1000000
2019-11-29 07:04:03.032000,9.1793,9.17791,1000000,1000000
2019-11-29 07:04:03.082000,9.17915,9.17785,1000000,1000000
2019-11-29 07:04:03.228000,9.17907,9.17776,1000000,1000000
2019-11-29 07:04:04.226000,9.17908,9.17784,1000000,1000000
2019-11-29 07:04:05.860000,9.17908,9.17784,1000000,1500000
2019-11-29 07:04:06.013000,9.17931,9.17814,1000000,1000000
2019-11-29 07:04:06.146000,9.17908,9.1778,1000000,1000000
2019-11-29 07:04:09.090000,9.17927,9.17807,1000000,1000000
2019-11-29 07:04:09.645000,9.17951,9.17832,1000000,1000000
2019-11-29 07:04:10.701000,9.1793,9.1781,1000000,1000000
2019-11-29 07:04:11.089000,9.1793,9.17866,1000000,1000000
2019-11-29 07:04:11.140000,9.17949,9.1786,1000000,1500000
2019-11-29 07:04:11.190000,9.17947,9.17851,1000000,1000000
2019-11-29 07:04:11.241000,9.18065,9.17923,1000000,1500000
2019-11-29 07:04:11.292000,9.18065,9.17923,1000000,1500000
2019-11-29 07:04:11.342000,9.18109,9.17984,1000000,1500000
2019-11-29 07:04:11.443000,9.18101,9.17963,1000000,1500000
2019-11-29 07:04:11.544000,9.18092,9.17946,1000000,1500000
2019-11-29 07:04:11.594000,9.18092,9.17946,1000000,1000000
2019-11-29 07:04:11.746000,9.18124,9.17887,1500000,1000000
2019-11-29 07:04:11.796000,9.18114,9.17887,1000000,1000000
2019-11-29 07:04:11.847000,9.18123,9.17887,1500000,1000000
2019-11-29 07:04:11.948000,9.18088,9.17945,1000000,1000000
2019-11-29 07:04:12.049000,9.18133,9.17883,1500000,1500000
2019-11-29 07:04:12.100000,9.18134,9.17883,1500000,1000000
2019-11-29 07:04:12.150000,9.18089,9.17945,1000000,1000000
2019-11-29 07:04:12.618000,9.18139,9.17882,1000000,1200000
2019-11-29 07:04:12.669000,9.18134,9.17889,1000000,1000000
2019-11-29 07:04:12.769000,9.18137,9.17889,1000000,1000000
2019-11-29 07:04:12.820000,9.18085,9.17943,1000000,1000000
2019-11-29 07:04:13.021000,9.18137,9.17882,1000000,1200000
2019-11-29 07:04:13.072000,9.18137,9.17884,1000000,1120000
2019-11-29 07:04:13.123000,9.18076,9.17927,1000000,1000000
2019-11-29 07:04:13.225000,9.18132,9.17874,1000000,1000000
2019-11-29 07:04:13.888000,9.18132,9.17902,1000000,1120000
2019-11-29 07:04:13.989000,9.18088,9.17944,1000000,1000000
2019-11-29 07:04:14.240000,9.1808,9.17936,1000000,1000000
2019-11-29 07:04:14.467000,9.18078,9.17934,1000000,1000000
2019-11-29 07:04:16.864000,9.18076,9.17932,1000000,1000000
2019-11-29 07:04:17.066000,9.18068,9.1793,1000000,1000000
2019-11-29 07:04:17.169000,9.18067,9.1793,1000000,1000000
2019-11-29 07:04:17.270000,9.18067,9.17929,1000000,1000000
2019-11-29 07:04:17.428000,9.1806,9.17922,1000000,1000000
2019-11-29 07:04:17.664000,9.18054,9.17908,1000000,1000000
2019-11-29 07:04:18.765000,9.18034,9.17886,1000000,1000000
2019-11-29 07:04:18.866000,9.18034,9.17876,1000000,1000000
2019-11-29 07:04:18.917000,9.18034,9.17886,1000000,1000000
2019-11-29 07:04:19.206000,9.18034,9.17876,1000000,1000000
2019-11-29 07:04:20.433000,9.18033,9.17876,1000000,1000000
2019-11-29 07:04:20.534000,9.18033,9.1787,1000000,1000000
2019-11-29 07:04:20.786000,9.18033,9.17877,1000000,1000000
2019-11-29 07:04:21.077000,9.18033,9.1787,1000000,1000000
2019-11-29 07:04:21.191000,9.18033,9.17876,1000000,1000000
2019-11-29 07:04:22.462000,9.18022,9.17876,1000000,1000000
2019-11-29 07:04:22.905000,9.18022,9.17886,1000000,1000000
2019-11-29 07:04:22.955000,9.18022,9.17876,1000000,1000000
2019-11-29 07:04:23.006000,9.18022,9.17886,1000000,1000000
2019-11-29 07:04:23.056000,9.18022,9.17876,1000000,1000000
2019-11-29 07:04:23.175000,9.18031,9.17876,1000000,1000000
2019-11-29 07:04:23.353000,9.18031,9.17874,1000000,1000000
2019-11-29 07:04:23.606000,9.18031,9.17877,1000000,1000000
2019-11-29 07:04:24.705000,9.18031,9.17874,1000000,1000000
2019-11-29 07:04:25.355000,9.18031,9.17876,1000000,1000000
2019-11-29 07:04:25.454000,9.18031,9.17874,1000000,1000000
2019-11-29 07:04:25.623000,9.18031,9.17876,1000000,1000000
2019-11-29 07:04:26.107000,9.18031,9.17874,1000000,1000000
2019-11-29 07:04:26.675000,9.18031,9.17876,1000000,1000000
2019-11-29 07:04:26.775000,9.18031,9.17874,1000000,1000000
2019-11-29 07:04:26.901000,9.18031,9.17874,1000000,1500000
2019-11-29 07:04:28.222000,9.1804,9.179,1000000,1000000
2019-11-29 07:04:34.719000,9.18026,9.17868,1000000,1000000
2019-11-29 07:04:34.820000,9.18016,9.17857,1000000,1500000
2019-11-29 07:04:34.921000,9.18014,9.17853,1000000,1500000
2019-11-29 07:04:36.315000,9.18014,9.17853,1000000,1500000
2019-11-29 07:04:36.724000,9.18014,9.17853,1000000,1500000
2019-11-29 07:04:37.107000,9.18014,9.17853,1000000,1500000
2019-11-29 07:04:37.258000,9.18014,9.17853,1000000,1500000
2019-11-29 07:04:37.359000,9.18014,9.17853,1000000,1500000
2019-11-29 07:04:37.661000,9.18014,9.17853,1000000,1500000
2019-11-29 07:04:38.477000,9.18014,9.17853,1000000,1500000
2019-11-29 07:04:48.493000,9.18014,9.17853,1000000,1500000
2019-11-29 07:04:54.986000,9.18022,9.17861,1000000,1000000
2019-11-29 07:05:09.361000,9.18021,9.1786,1000000,1000000
2019-11-29 07:05:12.870000,9.18035,9.17867,1000000,1000000
2019-11-29 07:05:17.359000,9.18035,9.17876,1000000,1000000
2019-11-29 07:05:18.649000,9.18035,9.17867,1000000,1500000
2019-11-29 07:05:18.699000,9.18035,9.17876,1000000,1000000
2019-11-29 07:05:18.750000,9.18035,9.17867,1000000,1000000
2019-11-29 07:05:19.734000,9.18035,9.17876,1000000,1000000
2019-11-29 07:05:20.467000,9.18035,9.17887,1000000,1000000
2019-11-29 07:05:20.518000,9.18035,9.17876,1000000,1000000
2019-11-29 07:05:20.569000,9.18037,9.17869,1000000,1000000
2019-11-29 07:05:28.481000,9.18022,9.17861,1000000,1000000
2019-11-29 07:05:29.066000,9.18007,9.17846,1000000,1000000
2019-11-29 07:05:54.099000,9.18007,9.17847,1000000,1000000
2019-11-29 07:05:54.251000,9.18007,9.17846,1000000,1000000
2019-11-29 07:05:58.369000,9.18015,9.17854,1000000,1000000
2019-11-29 07:06:04.160000,9.18019,9.17866,1000000,1000000
2019-11-29 07:06:09.480000,9.18019,9.17858,1000000,1000000
2019-11-29 07:06:21.802000,9.18019,9.17866,1000000,1000000
2019-11-29 07:06:21.903000,9.18019,9.17876,1000000,1000000
2019-11-29 07:06:22.004000,9.18019,9.17886,1000000,1000000
2019-11-29 07:06:22.115000,9.18019,9.17876,1000000,1000000
2019-11-29 07:06:22.216000,9.18019,9.17886,1000000,1000000
2019-11-29 07:06:22.276000,9.18019,9.17876,1000000,1000000
2019-11-29 07:06:23.286000,9.18019,9.17866,1000000,1000000
2019-11-29 07:06:23.337000,9.18019,9.17876,1000000,1000000
2019-11-29 07:06:23.679000,9.18019,9.17866,1000000,1000000
2019-11-29 07:06:23.781000,9.18019,9.17876,1000000,1000000
2019-11-29 07:06:23.897000,9.18019,9.17866,1000000,1000000
2019-11-29 07:06:23.998000,9.18019,9.17876,1000000,1000000
2019-11-29 07:06:24.292000,9.18019,9.17866,1000000,1000000
2019-11-29 07:06:24.513000,9.18019,9.17876,1000000,1000000
2019-11-29 07:06:25.116000,9.18019,9.17866,1000000,1000000
2019-11-29 07:06:25.664000,9.18019,9.17877,1000000,1000000
2019-11-29 07:06:26.310000,9.18019,9.17876,1000000,1000000
2019-11-29 07:06:27.360000,9.18019,9.17877,1000000,1000000
2019-11-29 07:06:28.367000,9.18019,9.17866,1000000,1000000
2019-11-29 07:06:29.114000,9.18019,9.17858,1000000,1000000
2019-11-29 07:06:29.449000,9.18019,9.17867,1000000,1000000
2019-11-29 07:06:29.600000,9.18018,9.17866,1000000,1000000
2019-11-29 07:06:30.290000,9.18018,9.17859,1000000,1000000
2019-11-29 07:06:31.016000,9.18018,9.17867,1000000,1000000
2019-11-29 07:06:31.164000,9.18018,9.17886,1000000,1000000
2019-11-29 07:06:34.139000,9.18018,9.17897,1000000,1000000
2019-11-29 07:06:34.291000,9.18021,9.17906,1000000,1000000
2019-11-29 07:06:34.392000,9.18029,9.17916,1000000,1000000
2019-11-29 07:06:34.762000,9.18029,9.17926,1000000,1000000
2019-11-29 07:06:34.863000,9.18029,9.17936,1000000,1000000
2019-11-29 07:06:34.915000,9.18029,9.17926,1000000,1000000
2019-11-29 07:06:34.965000,9.18029,9.17936,1000000,1000000
2019-11-29 07:06:35.267000,9.18029,9.17926,1000000,1000000
2019-11-29 07:06:35.646000,9.1804,9.17926,1000000,1000000
2019-11-29 07:06:35.977000,9.1804,9.17916,1000000,1000000
2019-11-29 07:06:36.028000,9.1804,9.17926,1000000,1000000
2019-11-29 07:06:36.078000,9.1804,9.17897,1000000,1000000
2019-11-29 07:06:36.179000,9.1804,9.17896,1000000,1000000
2019-11-29 07:06:37.432000,9.1804,9.17906,1000000,1000000
2019-11-29 07:06:37.695000,9.1804,9.17897,1000000,1000000
2019-11-29 07:06:37.767000,9.1804,9.17906,1000000,1000000
2019-11-29 07:06:38.286000,9.1804,9.17917,1000000,1000000
2019-11-29 07:06:38.351000,9.1804,9.17906,1000000,1000000
2019-11-29 07:06:38.471000,9.1804,9.17897,1000000,1000000
2019-11-29 07:06:38.991000,9.1804,9.17906,1000000,1000000
2019-11-29 07:06:39.142000,9.1804,9.17896,1000000,1500000
2019-11-29 07:06:46.290000,9.1804,9.17906,1000000,1000000
2019-11-29 07:06:46.391000,9.18051,9.17917,1000000,1000000
2019-11-29 07:06:46.508000,9.18051,9.17912,1000000,1000000
2019-11-29 07:06:46.558000,9.18051,9.17916,1000000,1000000
2019-11-29 07:06:46.860000,9.18051,9.17926,1000000,1000000
2019-11-29 07:06:46.922000,9.18051,9.17916,1000000,1000000
2019-11-29 07:06:47.289000,9.18051,9.17912,1000000,1000000
2019-11-29 07:06:47.340000,9.18051,9.17916,1000000,1000000
2019-11-29 07:06:47.390000,9.18062,9.17918,1000000,1000000
2019-11-29 07:06:47.491000,9.18064,9.17922,1000000,1000000
2019-11-29 07:06:47.678000,9.18065,9.17924,1000000,1000000
2019-11-29 07:06:50.910000,9.1808,9.17937,1000000,1000000
2019-11-29 07:06:50.961000,9.1808,9.17946,1000000,1000000
2019-11-29 07:06:51.011000,9.18103,9.17963,1000000,1000000
2019-11-29 07:06:51.062000,9.18103,9.17966,1000000,1000000
2019-11-29 07:06:51.112000,9.18123,9.17974,1000000,1000000
2019-11-29 07:06:51.390000,9.1812,9.17972,1000000,1000000
2019-11-29 07:06:55.356000,9.1812,9.17976,1000000,1000000
2019-11-29 07:06:55.407000,9.1812,9.17972,1000000,1000000
2019-11-29 07:06:55.810000,9.1812,9.17976,1000000,1000000
2019-11-29 07:06:55.939000,9.1812,9.17972,1000000,1000000
2019-11-29 07:06:56.224000,9.1812,9.17976,1000000,1000000
2019-11-29 07:06:56.446000,9.1812,9.17972,1000000,1000000
2019-11-29 07:06:56.729000,9.18113,9.17966,1000000,1000000
2019-11-29 07:06:56.830000,9.18113,9.17965,1000000,1000000
2019-11-29 07:06:57.096000,9.18113,9.17966,1000000,1000000
2019-11-29 07:06:57.205000,9.18113,9.17967,1000000,1000000
2019-11-29 07:06:57.851000,9.18113,9.17964,1000000,1000000
2019-11-29 07:07:00.342000,9.18096,9.17942,1000000,1000000
2019-11-29 07:07:00.452000,9.18098,9.17957,1000000,1000000
2019-11-29 07:07:02.045000,9.18092,9.17942,1000000,1000000
2019-11-29 07:07:02.365000,9.18044,9.17906,1000000,1000000
2019-11-29 07:07:02.466000,9.18034,9.17887,1000000,1500000
2019-11-29 07:07:02.567000,9.18064,9.17908,1000000,1000000
2019-11-29 07:07:02.831000,9.1808,9.17926,1000000,1000000
2019-11-29 07:07:04.036000,9.18072,9.17912,1000000,1000000
2019-11-29 07:07:06.482000,9.18059,9.17897,1000000,1000000
2019-11-29 07:07:06.735000,9.18059,9.17896,1000000,1500000
2019-11-29 07:07:07.235000,9.18059,9.17896,1000000,1120000
2019-11-29 07:07:07.789000,9.18052,9.17881,1000000,1000000
2019-11-29 07:07:07.890000,9.18044,9.17859,1000000,1500000
2019-11-29 07:07:08.040000,9.18044,9.17876,1000000,1000000
2019-11-29 07:07:08.141000,9.18055,9.17887,1000000,1000000
2019-11-29 07:07:08.192000,9.18055,9.17882,1000000,1000000
2019-11-29 07:07:08.242000,9.18055,9.17897,1000000,1000000
2019-11-29 07:07:08.343000,9.18055,9.17896,1000000,1000000
2019-11-29 07:07:08.393000,9.18109,9.17898,1000000,1000000
2019-11-29 07:07:08.573000,9.18109,9.17906,1000000,1000000
2019-11-29 07:07:09.221000,9.18109,9.17882,1000000,1500000
2019-11-29 07:07:09.322000,9.18109,9.17883,1000000,1000000
2019-11-29 07:07:09.764000,9.18123,9.17892,1000000,1000000
2019-11-29 07:07:09.815000,9.18123,9.17882,1000000,1000000
2019-11-29 07:07:09.866000,9.18134,9.17936,1000000,1000000
2019-11-29 07:07:09.916000,9.18134,9.17956,1000000,1000000
2019-11-29 07:07:09.967000,9.18167,9.17967,1000000,1000000
2019-11-29 07:07:10.067000,9.18176,9.17956,1500000,1000000
2019-11-29 07:07:11.215000,9.18176,9.17956,1000000,1000000
2019-11-29 07:07:11.324000,9.18176,9.17966,1000000,1000000
2019-11-29 07:07:11.374000,9.18176,9.17956,1000000,1000000
2019-11-29 07:07:12.741000,9.18176,9.17939,1000000,1500000
2019-11-29 07:07:13.177000,9.18176,9.17957,1000000,1000000
2019-11-29 07:07:13.305000,9.18176,9.17939,1000000,1500000
2019-11-29 07:07:13.853000,9.18176,9.17956,1000000,1000000
2019-11-29 07:07:13.970000,9.18176,9.17946,1000000,1000000
2019-11-29 07:07:14.850000,9.18176,9.17956,1000000,1000000
2019-11-29 07:07:14.976000,9.18176,9.17946,1000000,1000000
2019-11-29 07:07:17.732000,9.18176,9.17946,1500000,1000000
2019-11-29 07:07:17.967000,9.18176,9.17957,1500000,1000000
2019-11-29 07:07:18.521000,9.18176,9.17947,1500000,1000000
2019-11-29 07:07:18.912000,9.18176,9.17957,1500000,1000000
2019-11-29 07:07:18.977000,9.18176,9.17947,1500000,1000000
2019-11-29 07:07:19.754000,9.18176,9.17947,1000000,1000000
2019-11-29 07:07:20.200000,9.18176,9.17957,1000000,1000000
2019-11-29 07:07:21.113000,9.18176,9.17947,1000000,1000000
2019-11-29 07:07:21.240000,9.18176,9.17956,1000000,1000000
2019-11-29 07:07:21.436000,9.18176,9.17947,1000000,1000000
2019-11-29 07:07:22.212000,9.18176,9.17956,1000000,1000000
2019-11-29 07:07:24.724000,9.18176,9.17947,1000000,1000000
2019-11-29 07:07:26.544000,9.18176,9.17946,1000000,1000000
2019-11-29 07:07:26.917000,9.18176,9.17956,1000000,1000000
2019-11-29 07:07:27.029000,9.18176,9.17967,1000000,1000000
2019-11-29 07:07:27.678000,9.18176,9.17956,1000000,1000000
2019-11-29 07:07:28.134000,9.18173,9.17986,1000000,1000000
2019-11-29 07:07:28.379000,9.18173,9.17976,1000000,1000000
2019-11-29 07:07:28.461000,9.18173,9.17987,1000000,1000000
2019-11-29 07:07:28.629000,9.18173,9.17977,1000000,1000000
2019-11-29 07:07:29.048000,9.18173,9.17987,1000000,1000000
2019-11-29 07:07:29.156000,9.18181,9.18016,1000000,1000000
2019-11-29 07:07:29.207000,9.18181,9.18006,1000000,1000000
2019-11-29 07:07:29.308000,9.1818,9.17987,1000000,1000000
2019-11-29 07:07:30.060000,9.18181,9.17996,1000000,1000000
2019-11-29 07:07:30.130000,9.18181,9.17986,1000000,1000000
2019-11-29 07:07:30.180000,9.18181,9.17996,1000000,1000000
2019-11-29 07:07:30.281000,9.18181,9.17986,1000000,1000000
2019-11-29 07:07:30.334000,9.18181,9.17996,1000000,1000000
2019-11-29 07:07:31.410000,9.18181,9.18006,1000000,1000000
2019-11-29 07:07:31.511000,9.18181,9.17996,1000000,1000000
2019-11-29 07:07:31.940000,9.18181,9.18006,1000000,1000000
2019-11-29 07:07:32.253000,9.1818,9.17997,1000000,1000000
2019-11-29 07:07:32.684000,9.18181,9.18006,1120000,1000000
2019-11-29 07:07:33.587000,9.18181,9.18006,1500000,1000000
2019-11-29 07:07:33.638000,9.18181,9.17996,1500000,1000000
2019-11-29 07:07:33.689000,9.18181,9.18006,1500000,1000000
2019-11-29 07:07:36.264000,9.18181,9.17996,1500000,1000000
2019-11-29 07:07:36.397000,9.1818,9.18007,1000000,1000000
2019-11-29 07:07:37.888000,9.18181,9.17996,1000000,1000000
2019-11-29 07:07:37.939000,9.18181,9.17986,1000000,1000000
2019-11-29 07:07:38.154000,9.18181,9.17996,1000000,1000000
2019-11-29 07:07:38.291000,9.18181,9.17962,1500000,1000000
2019-11-29 07:07:38.391000,9.18181,9.17933,1500000,1000000
2019-11-29 07:07:38.492000,9.18181,9.17976,1500000,1000000
2019-11-29 07:07:38.647000,9.18181,9.17966,1500000,1000000
2019-11-29 07:07:38.910000,9.18181,9.17976,1500000,1000000
2019-11-29 07:07:39.365000,9.1818,9.17987,1500000,1000000
2019-11-29 07:07:39.471000,9.18181,9.17976,1500000,1000000
2019-11-29 07:07:39.521000,9.18181,9.17976,1500000,1000000
2019-11-29 07:07:39.709000,9.18188,9.17966,1500000,1000000
2019-11-29 07:07:39.838000,9.18188,9.17976,1500000,1000000
2019-11-29 07:07:39.994000,9.18188,9.17966,1500000,1000000
2019-11-29 07:07:40.048000,9.18188,9.17976,1500000,1000000
2019-11-29 07:07:40.149000,9.18197,9.17996,1500000,1000000
2019-11-29 07:07:40.200000,9.18197,9.17942,1500000,1620000
2019-11-29 07:07:40.452000,9.18194,9.17932,1500000,1500000
2019-11-29 07:07:40.558000,9.18197,9.17967,1500000,1000000
2019-11-29 07:07:40.659000,9.18197,9.17976,1500000,1000000
2019-11-29 07:07:40.709000,9.18197,9.17966,1500000,1000000
2019-11-29 07:07:41.160000,9.18197,9.17976,1500000,1000000
2019-11-29 07:07:41.294000,9.18205,9.17966,1500000,1000000
2019-11-29 07:07:41.344000,9.18205,9.17976,1500000,1000000
2019-11-29 07:07:41.412000,9.18205,9.17965,1500000,1000000
2019-11-29 07:07:41.462000,9.18205,9.17967,1500000,1000000
2019-11-29 07:07:41.795000,9.18205,9.17932,1500000,1500000
2019-11-29 07:07:42.467000,9.18205,9.17932,1500000,1500000
2019-11-29 07:07:42.862000,9.18205,9.17932,1500000,1500000
2019-11-29 07:07:43.894000,9.18204,9.17932,1500000,1500000
2019-11-29 07:07:43.995000,9.18204,9.17932,1500000,1500000
2019-11-29 07:07:44.098000,9.18204,9.17932,1500000,1500000
2019-11-29 07:07:44.253000,9.18204,9.17932,1500000,1500000
2019-11-29 07:07:44.677000,9.18204,9.17966,1500000,1000000
2019-11-29 07:07:44.727000,9.18204,9.17932,1500000,1500000
2019-11-29 07:07:44.841000,9.18203,9.17922,1000000,1500000
2019-11-29 07:07:45.260000,9.18197,9.17932,1500000,1500000
2019-11-29 07:07:45.420000,9.18197,9.17922,1500000,1500000
2019-11-29 07:07:45.963000,9.18197,9.17967,1500000,1000000
2019-11-29 07:07:46.064000,9.18197,9.17966,1500000,1000000
2019-11-29 07:07:46.763000,9.18197,9.17966,1500000,1000000
2019-11-29 07:07:46.889000,9.18197,9.17972,1500000,1500000
2019-11-29 07:07:47.015000,9.18194,9.17982,1500000,1500000
2019-11-29 07:07:47.301000,9.18194,9.17994,1500000,1000000
2019-11-29 07:07:48.141000,9.1821,9.17982,1500000,1500000
2019-11-29 07:07:48.192000,9.1821,9.17982,1000000,1500000
2019-11-29 07:07:48.292000,9.18225,9.17982,1500000,1500000
2019-11-29 07:07:49.432000,9.18223,9.17982,1000000,1500000
2019-11-29 07:07:50.281000,9.18225,9.18,1500000,1000000
2019-11-29 07:07:50.382000,9.18243,9.17972,1500000,1500000
2019-11-29 07:07:50.433000,9.18182,9.18002,1000000,1000000
2019-11-29 07:07:50.937000,9.18231,9.17968,1500000,1500000
2019-11-29 07:07:51.113000,9.18231,9.17968,1500000,1500000
2019-11-29 07:07:51.214000,9.18231,9.17968,1500000,1500000
2019-11-29 07:07:52.455000,9.18231,9.17996,1500000,1000000
2019-11-29 07:07:52.556000,9.18185,9.18003,1000000,1000000
2019-11-29 07:07:54.404000,9.18183,9.18001,1000000,1000000
2019-11-29 07:07:55.315000,9.1817,9.17995,1000000,1120000
2019-11-29 07:07:55.416000,9.18144,9.17968,1000000,1000000
2019-11-29 07:07:57.841000,9.18144,9.17968,1500000,1120000
2019-11-29 07:07:58.526000,9.18144,9.17968,1000000,1000000
2019-11-29 07:07:58.577000,9.18144,9.17973,1000000,1000000
2019-11-29 07:07:58.728000,9.18154,9.17983,1000000,1000000
2019-11-29 07:07:58.914000,9.18154,9.17983,1500000,1000000
2019-11-29 07:07:59.015000,9.18137,9.17969,1000000,1000000
2019-11-29 07:08:00.153000,9.18137,9.17969,1000000,1500000
2019-11-29 07:08:03.171000,9.18136,9.17969,1000000,1500000
2019-11-29 07:08:11.413000,9.18136,9.17986,1000000,1000000
2019-11-29 07:08:11.565000,9.18136,9.17996,1000000,1000000
2019-11-29 07:08:11.665000,9.18136,9.17971,1000000,1500000
2019-11-29 07:08:13.799000,9.18136,9.17977,1000000,1000000
2019-11-29 07:08:17.469000,9.18136,9.17975,1000000,1500000
2019-11-29 07:08:18.102000,9.18136,9.17981,1000000,1000000
2019-11-29 07:08:23.925000,9.18136,9.1798,1000000,1000000
2019-11-29 07:08:24.263000,9.18143,9.1798,1000000,1000000
2019-11-29 07:08:26.572000,9.18143,9.17988,1000000,1000000
2019-11-29 07:08:31.926000,9.18143,9.17987,1000000,1000000
2019-11-29 07:08:44.321000,9.18142,9.17987,1000000,1000000
2019-11-29 07:08:47.426000,9.18142,9.17988,1000000,1000000
2019-11-29 07:08:53.306000,9.18142,9.17974,1000000,1500000
2019-11-29 07:08:57.490000,9.18142,9.17977,1000000,1000000
2019-11-29 07:08:57.541000,9.18142,9.17986,1000000,1000000
2019-11-29 07:08:57.593000,9.18142,9.17976,1000000,1000000
2019-11-29 07:08:58.143000,9.18142,9.17986,1000000,1000000
2019-11-29 07:08:58.294000,9.18155,9.17976,1000000,1500000
2019-11-29 07:08:58.344000,9.18155,9.17996,1000000,1000000
2019-11-29 07:08:58.395000,9.18155,9.17976,1000000,1500000
2019-11-29 07:08:59.252000,9.18155,9.17976,1000000,1500000
2019-11-29 07:08:59.353000,9.18155,9.17976,1000000,1500000
2019-11-29 07:09:00.073000,9.18155,9.17996,1000000,1000000
2019-11-29 07:09:02.196000,9.18155,9.18007,1000000,1000000
2019-11-29 07:09:02.255000,9.18155,9.17996,1000000,1000000
2019-11-29 07:09:03.197000,9.18155,9.17977,1000000,1500000
2019-11-29 07:09:10.784000,9.18155,9.1797,1000000,1500000
2019-11-29 07:09:10.991000,9.18155,9.18006,1000000,1000000
2019-11-29 07:09:11.092000,9.18155,9.18017,1000000,1000000
2019-11-29 07:09:11.193000,9.18155,9.18016,1000000,1000000
2019-11-29 07:09:11.440000,9.18155,9.18006,1000000,1000000
2019-11-29 07:09:11.491000,9.18155,9.18016,1000000,1000000
2019-11-29 07:09:11.541000,9.18155,9.18006,1000000,1000000
2019-11-29 07:09:11.592000,9.18162,9.18026,1000000,1000000
2019-11-29 07:09:11.642000,9.18162,9.17999,1000000,1500000
2019-11-29 07:09:11.763000,9.18171,9.18016,1000000,1000000
2019-11-29 07:09:11.864000,9.18171,9.18026,1000000,1000000
2019-11-29 07:09:11.930000,9.18171,9.18016,1000000,1500000
2019-11-29 07:09:12.032000,9.18171,9.18026,1000000,1000000
2019-11-29 07:09:12.612000,9.18171,9.18016,1000000,1500000
2019-11-29 07:09:12.662000,9.18171,9.18026,1000000,1000000
2019-11-29 07:09:12.777000,9.18171,9.18016,1000000,1500000
2019-11-29 07:09:14.042000,9.18171,9.18026,1000000,1000000
2019-11-29 07:09:14.161000,9.18171,9.18036,1000000,1000000
2019-11-29 07:09:14.559000,9.18171,9.18026,1000000,1000000
2019-11-29 07:09:15.998000,9.18171,9.18036,1000000,1000000
2019-11-29 07:09:18.764000,9.18171,9.18026,1000000,1000000
2019-11-29 07:09:18.815000,9.18171,9.18022,1000000,1000000
2019-11-29 07:09:18.865000,9.18171,9.18026,1000000,1000000
2019-11-29 07:09:18.973000,9.18171,9.18012,1000000,1500000
2019-11-29 07:09:19.467000,9.18171,9.18026,1000000,1000000
2019-11-29 07:09:19.618000,9.18171,9.18036,1000000,1000000
2019-11-29 07:09:19.818000,9.18171,9.18026,1000000,1000000
2019-11-29 07:09:19.882000,9.18171,9.18036,1000000,1000000
2019-11-29 07:09:19.982000,9.18171,9.18026,1000000,1000000
2019-11-29 07:09:20.376000,9.18171,9.18036,1000000,1000000
2019-11-29 07:09:20.440000,9.18171,9.18026,1000000,1000000
2019-11-29 07:09:20.556000,9.18171,9.18036,1000000,1000000
2019-11-29 07:09:21.085000,9.18178,9.18036,1000000,1000000
2019-11-29 07:09:23.461000,9.18178,9.18027,1000000,1000000
2019-11-29 07:09:24.188000,9.18178,9.18017,1000000,1000000
2019-11-29 07:09:24.289000,9.18178,9.18027,1000000,1000000
2019-11-29 07:09:25.254000,9.18178,9.18016,1000000,1000000
2019-11-29 07:09:25.402000,9.18178,9.18026,1000000,1000000
2019-11-29 07:09:26.667000,9.18178,9.18036,1000000,1000000
2019-11-29 07:09:26.718000,9.18178,9.18026,1000000,1000000
2019-11-29 07:09:26.819000,9.18187,9.18026,1000000,1000000
2019-11-29 07:09:26.919000,9.18187,9.18012,1000000,1500000
2019-11-29 07:09:26.970000,9.18172,9.18012,1000000,1500000
2019-11-29 07:09:29.176000,9.18172,9.18012,1000000,1500000
2019-11-29 07:09:29.277000,9.18172,9.18012,1000000,1500000
2019-11-29 07:09:29.824000,9.18172,9.18012,1000000,1500000
2019-11-29 07:09:30.589000,9.18172,9.18012,1000000,1000000
2019-11-29 07:09:32.686000,9.18172,9.18002,1000000,1500000
2019-11-29 07:09:33.745000,9.18172,9.18002,1000000,1500000
2019-11-29 07:09:36.609000,9.18172,9.18016,1000000,1500000
2019-11-29 07:09:36.760000,9.18172,9.18022,1000000,1500000
2019-11-29 07:09:36.810000,9.18172,9.18022,1000000,1120000
2019-11-29 07:09:36.861000,9.18176,9.18032,1000000,1500000
2019-11-29 07:09:36.961000,9.18208,9.18067,1000000,1000000
2019-11-29 07:09:37.062000,9.18172,9.18042,1000000,1000000
2019-11-29 07:09:37.163000,9.18196,9.18055,1000000,1000000
2019-11-29 07:09:37.264000,9.18175,9.18042,1000000,1000000
2019-11-29 07:09:37.314000,9.18175,9.18024,1000000,1500000
2019-11-29 07:09:37.365000,9.18184,9.18038,1000000,1500000
2019-11-29 07:09:37.466000,9.18199,9.18062,1000000,1000000
2019-11-29 07:09:37.566000,9.1818,9.1803,1000000,1000000
2019-11-29 07:09:37.617000,9.1818,9.18033,1000000,1000000
2019-11-29 07:09:37.738000,9.18192,9.18051,1000000,1000000
2019-11-29 07:09:37.788000,9.18192,9.18042,1000000,1000000
2019-11-29 07:09:37.889000,9.18182,9.18037,1000000,1000000
2019-11-29 07:09:37.990000,9.18203,9.18067,1000000,1000000
2019-11-29 07:09:38.090000,9.18178,9.18032,1000000,1120000
2019-11-29 07:09:39.432000,9.18178,9.18032,1000000,1500000
2019-11-29 07:09:39.541000,9.18178,9.18032,1000000,1120000
2019-11-29 07:09:40.607000,9.18178,9.18032,1000000,1500000
2019-11-29 07:09:40.986000,9.18178,9.18032,1000000,1120000
2019-11-29 07:09:42.363000,9.18176,9.1802,1000000,1000000
2019-11-29 07:09:52.920000,9.18176,9.1802,1000000,1500000
2019-11-29 07:09:56.558000,9.18176,9.1802,1000000,1000000
2019-11-29 07:09:56.609000,9.18176,9.18023,1000000,1000000
2019-11-29 07:09:56.709000,9.18175,9.18016,1000000,1120000
2019-11-29 07:09:57.426000,9.18175,9.18016,1000000,1500000
2019-11-29 07:09:57.577000,9.18175,9.18016,1000000,1120000
2019-11-29 07:09:58.114000,9.18173,9.18014,1000000,1500000
2019-11-29 07:09:59.077000,9.18173,9.18014,1000000,1000000
2019-11-29 07:09:59.454000,9.18176,9.18016,1000000,1000000
2019-11-29 07:09:59.866000,9.18173,9.18014,1000000,1000000
2019-11-29 07:10:00.269000,9.1814,9.1799,1000000,1500000
2019-11-29 07:10:01.098000,9.1814,9.17996,1000000,1500000
2019-11-29 07:10:01.149000,9.18173,9.18007,1000000,1000000
2019-11-29 07:10:01.249000,9.18181,9.18017,1000000,1000000
2019-11-29 07:10:02.237000,9.18149,9.17998,1000000,1500000
2019-11-29 07:10:02.389000,9.18149,9.17998,1000000,1000000
2019-11-29 07:10:03.099000,9.18149,9.17999,1000000,1120000
2019-11-29 07:10:03.205000,9.18178,9.1801,1000000,1500000
2019-11-29 07:10:03.435000,9.18182,9.18025,1000000,1000000
2019-11-29 07:10:04.233000,9.18147,9.18003,1000000,1000000
2019-11-29 07:10:05.115000,9.18147,9.18003,1000000,1500000
2019-11-29 07:10:05.165000,9.18177,9.18012,1000000,1000000
2019-11-29 07:10:06.275000,9.18177,9.18016,1000000,1000000
2019-11-29 07:10:08.107000,9.18177,9.18016,1000000,1500000
2019-11-29 07:10:08.964000,9.18177,9.18027,1000000,1000000
2019-11-29 07:10:09.065000,9.18177,9.18037,1000000,1000000
2019-11-29 07:10:09.166000,9.18177,9.18036,1000000,1000000
2019-11-29 07:10:09.216000,9.18177,9.18026,1000000,1000000
2019-11-29 07:10:09.267000,9.18177,9.18036,1000000,1000000
2019-11-29 07:10:11.456000,9.18177,9.18026,1000000,1000000
2019-11-29 07:10:11.514000,9.18177,9.18016,1000000,1500000
2019-11-29 07:10:12.530000,9.18177,9.18017,1000000,1000000
2019-11-29 07:10:14.107000,9.18177,9.18016,1000000,1500000
2019-11-29 07:10:14.158000,9.18177,9.18027,1000000,1000000
2019-11-29 07:10:14.582000,9.18177,9.18016,1000000,1500000
2019-11-29 07:10:14.826000,9.18177,9.18026,1000000,1000000
2019-11-29 07:10:14.877000,9.18177,9.18016,1000000,1500000
2019-11-29 07:10:15.198000,9.18177,9.18026,1000000,1000000
2019-11-29 07:10:15.276000,9.18177,9.18016,1000000,1500000
2019-11-29 07:10:16.003000,9.18177,9.18016,1000000,1500000
2019-11-29 07:10:18.382000,9.18177,9.18027,1000000,1000000
2019-11-29 07:10:19.127000,9.18177,9.18016,1000000,1500000
2019-11-29 07:10:19.585000,9.18177,9.18016,1000000,1500000
2019-11-29 07:10:19.686000,9.18177,9.18016,1000000,1500000
2019-11-29 07:10:21.976000,9.18177,9.18036,1000000,1000000
2019-11-29 07:10:22.481000,9.18177,9.18026,1000000,1000000
2019-11-29 07:10:22.635000,9.18177,9.18036,1000000,1000000
2019-11-29 07:10:22.724000,9.18177,9.18026,1000000,1000000
2019-11-29 07:10:23.518000,9.18177,9.18037,1000000,1000000
2019-11-29 07:10:23.568000,9.18179,9.18037,1000000,1000000
2019-11-29 07:10:24.714000,9.18179,9.18026,1000000,1000000
2019-11-29 07:10:24.815000,9.18179,9.18037,1000000,1000000
2019-11-29 07:10:26.343000,9.18179,9.18026,1000000,1000000
2019-11-29 07:10:27.070000,9.18179,9.18036,1000000,1000000
2019-11-29 07:10:27.466000,9.18179,9.18026,1000000,1000000
2019-11-29 07:10:30.081000,9.18179,9.18023,1000000,1500000
2019-11-29 07:10:30.412000,9.18179,9.18026,1000000,1000000
2019-11-29 07:10:30.518000,9.18179,9.18023,1000000,1000000
2019-11-29 07:10:30.569000,9.18179,9.18026,1000000,1000000
2019-11-29 07:10:30.705000,9.1817,9.18026,1000000,1000000
2019-11-29 07:10:30.806000,9.1817,9.18036,1000000,1000000
2019-11-29 07:10:31.083000,9.1817,9.18037,1000000,1000000
2019-11-29 07:10:31.133000,9.1817,9.18027,1000000,1000000
2019-11-29 07:10:31.292000,9.1817,9.18026,1000000,1000000
2019-11-29 07:10:32.079000,9.1817,9.18036,1000000,1000000
2019-11-29 07:10:32.334000,9.1817,9.18026,1000000,1000000
2019-11-29 07:10:32.446000,9.1817,9.18036,1000000,1000000
2019-11-29 07:10:33.016000,9.1817,9.18026,1000000,1000000
2019-11-29 07:10:35.321000,9.1817,9.18016,1000000,1000000
2019-11-29 07:10:35.422000,9.1817,9.18015,1000000,1000000
2019-11-29 07:10:35.472000,9.1817,9.18017,1000000,1000000
2019-11-29 07:10:35.861000,9.1817,9.18016,1000000,1000000
2019-11-29 07:10:35.912000,9.18183,9.18028,1000000,1000000
2019-11-29 07:10:48.168000,9.18186,9.18028,1000000,1500000
2019-11-29 07:10:48.319000,9.18197,9.18046,1000000,1000000
2019-11-29 07:10:48.470000,9.18211,9.18054,1000000,1000000
2019-11-29 07:10:49.867000,9.18211,9.18056,1000000,1000000
2019-11-29 07:10:49.950000,9.18211,9.18054,1000000,1000000
2019-11-29 07:10:50.359000,9.1821,9.18053,1000000,1000000
2019-11-29 07:10:51.551000,9.18193,9.18051,1000000,1000000
2019-11-29 07:10:51.652000,9.18201,9.1806,1000000,1000000
2019-11-29 07:10:52.766000,9.18197,9.18052,1000000,1000000
2019-11-29 07:10:54.475000,9.18185,9.18041,1000000,1000000
2019-11-29 07:10:54.576000,9.18192,9.18051,1000000,1000000
2019-11-29 07:11:13.236000,9.18192,9.18056,1000000,1000000
2019-11-29 07:11:13.375000,9.18192,9.18057,1000000,1000000
2019-11-29 07:11:14.671000,9.18193,9.18057,1000000,1000000
2019-11-29 07:11:15.861000,9.18193,9.18056,1000000,1000000
2019-11-29 07:11:16.565000,9.18193,9.18067,1000000,1000000
2019-11-29 07:11:16.666000,9.18193,9.1805,1000000,1500000
2019-11-29 07:11:16.717000,9.18193,9.1805,1000000,1000000
2019-11-29 07:11:16.885000,9.18193,9.18062,1000000,1500000
2019-11-29 07:11:16.936000,9.18193,9.1805,1000000,1000000
2019-11-29 07:11:17.037000,9.18193,9.18062,1000000,1500000
2019-11-29 07:11:17.138000,9.18193,9.1805,1000000,1000000
2019-11-29 07:11:17.289000,9.18191,9.18045,1000000,1000000
2019-11-29 07:11:17.440000,9.18191,9.18056,1000000,1000000
2019-11-29 07:11:17.541000,9.18191,9.18052,1000000,1000000
2019-11-29 07:11:17.642000,9.18191,9.18062,1000000,1000000
2019-11-29 07:11:17.793000,9.18191,9.18046,1000000,1000000
2019-11-29 07:11:17.852000,9.18191,9.18056,1000000,1000000
2019-11-29 07:11:17.953000,9.18191,9.18066,1000000,1000000
2019-11-29 07:11:18.003000,9.18191,9.18045,1000000,1000000
2019-11-29 07:11:18.110000,9.18191,9.18057,1000000,1000000
2019-11-29 07:11:18.161000,9.18191,9.18046,1000000,1000000
2019-11-29 07:11:18.290000,9.18191,9.18045,1000000,1000000
2019-11-29 07:11:18.488000,9.18191,9.18047,1000000,1000000
2019-11-29 07:11:18.609000,9.18191,9.18045,1000000,1000000
2019-11-29 07:11:18.921000,9.18191,9.18047,1000000,1000000
2019-11-29 07:11:20.377000,9.18191,9.18046,1000000,1000000
2019-11-29 07:11:20.497000,9.18191,9.18045,1000000,1000000
2019-11-29 07:11:21.648000,9.18191,9.18046,1000000,1000000
2019-11-29 07:11:22.230000,9.18191,9.18045,1000000,1000000
2019-11-29 07:11:42.055000,9.18206,9.18053,1000000,1000000
2019-11-29 07:11:42.156000,9.18205,9.18049,1000000,1000000
2019-11-29 07:11:48.528000,9.18203,9.18047,1000000,1000000
2019-11-29 07:11:48.638000,9.18191,9.18046,1000000,1000000
2019-11-29 07:11:48.845000,9.18191,9.18044,1000000,1000000
2019-11-29 07:11:48.897000,9.18191,9.18046,1000000,1000000
2019-11-29 07:11:48.958000,9.18191,9.18044,1000000,1000000
2019-11-29 07:11:49.376000,9.18191,9.18052,1000000,1000000
2019-11-29 07:11:49.527000,9.182,9.1806,1000000,1000000
2019-11-29 07:11:49.640000,9.182,9.18063,1000000,1000000
2019-11-29 07:11:49.741000,9.18224,9.18082,1000000,1000000
2019-11-29 07:11:49.836000,9.18224,9.18077,1000000,1000000
2019-11-29 07:11:49.887000,9.18233,9.18093,1000000,1000000
2019-11-29 07:11:50.811000,9.18216,9.1808,1000000,1000000
2019-11-29 07:11:52.222000,9.18217,9.18093,1000000,1000000
2019-11-29 07:11:52.323000,9.18217,9.18102,1000000,1000000
2019-11-29 07:11:52.625000,9.18223,9.1809,1000000,1000000
2019-11-29 07:11:53,9.18224,9.18082,1000000,1500000
2019-11-29 07:11:56.331000,9.18224,9.18093,1000000,1000000
2019-11-29 07:11:56.431000,9.18232,9.18092,1000000,1000000
2019-11-29 07:11:56.633000,9.18225,9.18082,1000000,1000000
2019-11-29 07:11:56.734000,9.18216,9.18093,1000000,1000000
2019-11-29 07:11:56.849000,9.18215,9.18093,1000000,1000000
2019-11-29 07:11:56.963000,9.18215,9.18082,1000000,1000000
2019-11-29 07:11:57.014000,9.18215,9.18072,1000000,1000000
2019-11-29 07:12:00.464000,9.18215,9.18067,1000000,1000000
2019-11-29 07:12:01.167000,9.18201,9.18065,1000000,1000000
2019-11-29 07:12:03.030000,9.18199,9.18057,1000000,1000000
2019-11-29 07:12:06.365000,9.18208,9.18066,1000000,1000000
2019-11-29 07:12:07.562000,9.18215,9.18082,1000000,1000000
2019-11-29 07:12:13.291000,9.18231,9.18091,1000000,1000000
2019-11-29 07:12:18.662000,9.18245,9.18096,1000000,1000000
2019-11-29 07:12:21.615000,9.1825,9.181,1000000,1000000
2019-11-29 07:12:21.667000,9.18244,9.18094,1000000,1000000
2019-11-29 07:12:23.507000,9.18246,9.18103,1000000,1000000
2019-11-29 07:12:23.674000,9.18239,9.18103,1000000,1000000
2019-11-29 07:12:42.419000,9.18248,9.18112,1000000,1000000
2019-11-29 07:12:42.520000,9.18242,9.18105,1000000,1000000
2019-11-29 07:12:43.014000,9.18248,9.18107,1000000,1000000
2019-11-29 07:12:43.361000,9.18254,9.1813,1000000,1000000
2019-11-29 07:12:43.411000,9.18266,9.1813,1500000,1000000
2019-11-29 07:12:43.513000,9.18259,9.18129,1000000,1000000
2019-11-29 07:12:44.420000,9.18242,9.18112,1000000,1000000
2019-11-29 07:12:44.521000,9.18234,9.18097,1000000,1000000
2019-11-29 07:12:46.752000,9.18225,9.18089,1000000,1000000
2019-11-29 07:12:48.320000,9.18243,9.18113,1000000,1000000
2019-11-29 07:12:48.421000,9.18234,9.18098,1000000,1000000
2019-11-29 07:12:49.628000,9.18225,9.18097,1000000,1000000
2019-11-29 07:12:49.948000,9.18217,9.18089,1000000,1000000
2019-11-29 07:12:53.471000,9.18217,9.18106,1000000,1000000
2019-11-29 07:12:53.571000,9.18254,9.18126,1000000,1000000
2019-11-29 07:12:53.622000,9.18254,9.18116,1000000,1000000
2019-11-29 07:12:53.723000,9.18282,9.18135,1000000,1000000
2019-11-29 07:12:59.004000,9.18282,9.18146,1000000,1000000
2019-11-29 07:12:59.055000,9.18282,9.18136,1000000,1000000
2019-11-29 07:12:59.428000,9.18282,9.18135,1000000,1500000
2019-11-29 07:13:02.233000,9.18282,9.18135,1000000,1000000
2019-11-29 07:13:08.439000,9.18282,9.18137,1000000,1000000
2019-11-29 07:13:08.542000,9.18282,9.18136,1000000,1000000
2019-11-29 07:13:08.643000,9.18282,9.18146,1000000,1000000
2019-11-29 07:13:08.762000,9.18282,9.18156,1000000,1000000
2019-11-29 07:13:08.812000,9.18282,9.18146,1000000,1000000
2019-11-29 07:13:09.232000,9.18282,9.18136,1000000,1000000
2019-11-29 07:13:09.333000,9.18282,9.18137,1000000,1000000
2019-11-29 07:13:09.754000,9.18282,9.18136,1000000,1000000
2019-11-29 07:13:11.036000,9.18282,9.18146,1000000,1000000
2019-11-29 07:13:11.239000,9.18282,9.18156,1000000,1000000
2019-11-29 07:13:11.290000,9.18282,9.18146,1000000,1000000
2019-11-29 07:13:11.340000,9.18282,9.18157,1000000,1000000
2019-11-29 07:13:11.390000,9.18282,9.18146,1000000,1000000
2019-11-29 07:13:11.441000,9.18282,9.18156,1000000,1000000
2019-11-29 07:13:11.934000,9.18282,9.18147,1000000,1000000
2019-11-29 07:13:12.049000,9.18282,9.18146,1000000,1000000
2019-11-29 07:13:12.100000,9.18282,9.18136,1000000,1000000
2019-11-29 07:13:12.280000,9.18282,9.18146,1000000,1000000
2019-11-29 07:13:13.752000,9.18282,9.18156,1000000,1000000
2019-11-29 07:13:13.892000,9.18338,9.18161,1000000,1500000
2019-11-29 07:13:13.993000,9.18338,9.18161,1000000,1500000
2019-11-29 07:13:14.402000,9.18323,9.18149,1000000,1500000
2019-11-29 07:13:15.256000,9.18323,9.18149,1000000,1500000
2019-11-29 07:13:15.518000,9.18323,9.18149,1000000,1500000
2019-11-29 07:13:15.619000,9.18323,9.18149,1000000,1500000
2019-11-29 07:13:16.911000,9.18323,9.18149,1000000,1500000
2019-11-29 07:13:18.338000,9.18323,9.18149,1000000,1500000
2019-11-29 07:13:20.476000,9.18308,9.18143,1000000,1500000
2019-11-29 07:13:24.384000,9.18318,9.1815,1000000,1500000
2019-11-29 07:13:24.484000,9.18288,9.18125,1000000,1500000
2019-11-29 07:13:24.882000,9.18303,9.18144,1000000,1000000
2019-11-29 07:13:25.288000,9.1824,9.18132,1000000,1000000
2019-11-29 07:13:25.389000,9.18313,9.18145,1000000,1000000
2019-11-29 07:13:25.490000,9.18363,9.1813,1000000,1500000
2019-11-29 07:13:25.540000,9.18377,9.18142,1000000,1000000
2019-11-29 07:13:25.595000,9.18377,9.18142,1000000,1000000
2019-11-29 07:13:25.646000,9.18395,9.18122,1000000,1500000
2019-11-29 07:13:25.797000,9.18395,9.18142,1500000,1500000
2019-11-29 07:13:25.899000,9.18383,9.18119,1000000,1500000
2019-11-29 07:13:26.652000,9.18383,9.18119,1000000,1500000
2019-11-29 07:13:26.821000,9.18374,9.1811,1000000,1500000
2019-11-29 07:13:29.312000,9.18374,9.1811,1500000,1500000
2019-11-29 07:13:29.476000,9.18374,9.1811,1000000,1500000
2019-11-29 07:13:34.064000,9.18374,9.1814,1000000,1500000
2019-11-29 07:13:34.316000,9.18374,9.1814,1000000,1500000
2019-11-29 07:13:34.457000,9.18374,9.1814,1000000,1500000
2019-11-29 07:13:34.558000,9.18374,9.1814,1000000,1500000
2019-11-29 07:13:35.292000,9.18374,9.1814,1000000,1500000
2019-11-29 07:13:35.856000,9.18374,9.18136,1000000,1500000
2019-11-29 07:13:36.057000,9.18374,9.18156,1000000,1000000
2019-11-29 07:13:36.360000,9.18374,9.18166,1000000,1000000
2019-11-29 07:13:36.410000,9.18374,9.18156,1000000,1000000
2019-11-29 07:13:36.511000,9.18374,9.18157,1000000,1000000
2019-11-29 07:13:36.562000,9.18374,9.18131,1000000,1500000
2019-11-29 07:13:36.827000,9.18374,9.18157,1000000,1000000
2019-11-29 07:13:36.978000,9.18374,9.18136,1000000,1500000
2019-11-29 07:13:37.079000,9.18374,9.18176,1000000,1000000
2019-11-29 07:13:37.180000,9.18374,9.18177,1000000,1000000
2019-11-29 07:13:37.344000,9.18374,9.18153,1000000,1000000
2019-11-29 07:13:37.395000,9.18374,9.18176,1000000,1000000
2019-11-29 07:13:37.496000,9.18374,9.18146,1000000,1500000
2019-11-29 07:13:37.621000,9.18374,9.18176,1000000,1000000
2019-11-29 07:13:37.722000,9.18374,9.18146,1000000,1500000
2019-11-29 07:13:37.970000,9.18374,9.18146,1000000,1500000
2019-11-29 07:13:38.144000,9.18374,9.18146,1000000,1500000
2019-11-29 07:13:38.568000,9.18374,9.18176,1000000,1000000
2019-11-29 07:13:38.873000,9.18374,9.18186,1000000,1000000
2019-11-29 07:13:38.952000,9.18374,9.18177,1000000,1000000
2019-11-29 07:13:39.218000,9.18374,9.18152,1000000,1000000
2019-11-29 07:13:40.731000,9.18374,9.18177,1000000,1000000
2019-11-29 07:13:43.316000,9.18374,9.18142,1000000,1500000
2019-11-29 07:13:43.367000,9.18374,9.18176,1000000,1000000
2019-11-29 07:13:43.417000,9.18374,9.18142,1000000,1500000
2019-11-29 07:13:43.902000,9.18374,9.18177,1000000,1000000
2019-11-29 07:13:44.013000,9.18374,9.18176,1000000,1000000
2019-11-29 07:13:44.570000,9.18374,9.18142,1000000,1500000
2019-11-29 07:13:45.722000,9.18374,9.18142,1000000,1500000
2019-11-29 07:13:45.823000,9.18374,9.18177,1000000,1000000
2019-11-29 07:13:45.874000,9.18388,9.18176,1000000,1000000
2019-11-29 07:13:45.925000,9.18388,9.18142,1000000,1500000
2019-11-29 07:13:46.026000,9.18388,9.18142,1000000,1500000
2019-11-29 07:13:51.530000,9.18388,9.18145,1000000,1500000
2019-11-29 07:13:51.903000,9.18384,9.18145,1000000,1500000
2019-11-29 07:13:53.854000,9.18384,9.18143,1000000,1500000
2019-11-29 07:13:53.976000,9.18384,9.18166,1000000,1000000
2019-11-29 07:13:54.026000,9.18384,9.18143,1000000,1500000
2019-11-29 07:13:54.402000,9.18384,9.18168,1000000,1000000
2019-11-29 07:13:54.453000,9.18384,9.18143,1000000,1500000
2019-11-29 07:13:57.685000,9.18384,9.18166,1000000,1000000
2019-11-29 07:13:57.735000,9.18384,9.18143,1000000,1500000
2019-11-29 07:13:57.786000,9.18384,9.18167,1000000,1000000
2019-11-29 07:13:57.836000,9.18384,9.18143,1000000,1500000
2019-11-29 07:13:58.914000,9.18384,9.18143,1000000,1500000
2019-11-29 07:13:59.015000,9.18384,9.18143,1000000,1500000
2019-11-29 07:13:59.217000,9.18384,9.18143,1000000,1500000
2019-11-29 07:14:00.138000,9.18378,9.18143,1000000,1500000
2019-11-29 07:14:00.188000,9.18384,9.18143,1000000,1500000
2019-11-29 07:14:00.239000,9.18348,9.18143,1000000,1500000
2019-11-29 07:14:00.476000,9.18338,9.18146,1000000,1500000
2019-11-29 07:14:05.402000,9.18338,9.18146,1000000,1500000
2019-11-29 07:14:10.463000,9.18328,9.18141,1000000,1500000
2019-11-29 07:14:10.514000,9.18338,9.18141,1000000,1500000
2019-11-29 07:14:11.754000,9.18307,9.18103,1000000,1500000
2019-11-29 07:14:11.805000,9.18317,9.18103,1000000,1500000
2019-11-29 07:14:11.856000,9.18317,9.18103,1000000,1500000
2019-11-29 07:14:11.906000,9.18308,9.18098,1000000,1500000
2019-11-29 07:14:12.108000,9.18308,9.18098,1000000,1500000
2019-11-29 07:14:16.186000,9.18308,9.18096,1000000,1500000
2019-11-29 07:14:16.436000,9.18298,9.18083,1000000,1500000
2019-11-29 07:14:16.639000,9.18298,9.18083,1000000,1500000
2019-11-29 07:14:16.790000,9.18298,9.18083,1000000,1500000
2019-11-29 07:14:17.191000,9.18298,9.18083,1000000,1500000
2019-11-29 07:14:17.241000,9.18287,9.18079,1000000,1500000
2019-11-29 07:14:17.292000,9.18297,9.18096,1000000,1000000
2019-11-29 07:14:17.393000,9.18297,9.18084,1000000,1500000
2019-11-29 07:14:17.444000,9.18297,9.18096,1000000,1000000
2019-11-29 07:14:17.545000,9.18307,9.18096,1000000,1000000
2019-11-29 07:14:17.595000,9.18307,9.18089,1000000,1500000
2019-11-29 07:14:18.152000,9.18297,9.18079,1000000,1500000
2019-11-29 07:14:18.253000,9.18297,9.18084,1000000,1500000
2019-11-29 07:14:18.303000,9.18308,9.18089,1000000,1500000
2019-11-29 07:14:18.519000,9.18308,9.18117,1000000,1000000
2019-11-29 07:14:18.569000,9.18308,9.18089,1000000,1500000
2019-11-29 07:14:19.022000,9.18308,9.18089,1000000,1500000
2019-11-29 07:14:19.851000,9.18308,9.18089,1000000,1500000
2019-11-29 07:14:19.952000,9.18308,9.18089,1000000,1500000
2019-11-29 07:14:20.204000,9.18308,9.18089,1000000,1500000
2019-11-29 07:14:21.964000,9.18308,9.18089,1000000,1500000
2019-11-29 07:14:23.964000,9.18308,9.18116,1000000,1000000
2019-11-29 07:14:24.091000,9.18308,9.18093,1000000,1500000
2019-11-29 07:14:24.141000,9.18308,9.18117,1000000,1000000
2019-11-29 07:14:24.480000,9.18308,9.18093,1000000,1500000
2019-11-29 07:14:25.486000,9.18308,9.18086,1000000,1500000
2019-11-29 07:14:25.589000,9.18318,9.18086,1000000,1500000
2019-11-29 07:14:27.208000,9.18308,9.18086,1000000,1500000
2019-11-29 07:14:27.360000,9.18298,9.18081,1000000,1500000
2019-11-29 07:14:27.688000,9.18298,9.18072,1000000,1810000
2019-11-29 07:14:27.739000,9.18298,9.18107,1000000,1000000
2019-11-29 07:14:27.840000,9.18308,9.18116,1000000,1000000
2019-11-29 07:14:27.941000,9.18308,9.18098,1000000,1500000
2019-11-29 07:14:28.085000,9.18308,9.18097,1000000,1000000
2019-11-29 07:14:28.247000,9.18308,9.18093,1000000,1500000
2019-11-29 07:14:28.612000,9.18308,9.18096,1000000,1000000
2019-11-29 07:14:28.714000,9.18308,9.18097,1000000,1000000
2019-11-29 07:14:28.815000,9.18308,9.18106,1000000,1000000
2019-11-29 07:14:28.944000,9.18308,9.18096,1000000,1000000
2019-11-29 07:14:29.120000,9.18308,9.18107,1000000,1000000
2019-11-29 07:14:29.224000,9.18308,9.18092,1000000,1500000
2019-11-29 07:14:31.369000,9.18308,9.18116,1000000,1000000
2019-11-29 07:14:31.483000,9.18308,9.18086,1000000,1500000
2019-11-29 07:14:31.988000,9.18298,9.18106,1000000,1000000
2019-11-29 07:14:32.038000,9.18298,9.18096,1000000,1000000
2019-11-29 07:14:32.089000,9.18298,9.18107,1000000,1000000
2019-11-29 07:14:32.195000,9.18298,9.18116,1000000,1000000
2019-11-29 07:14:32.318000,9.18298,9.18126,1000000,1000000
2019-11-29 07:14:32.369000,9.18298,9.18116,1000000,1000000
2019-11-29 07:14:32.419000,9.18298,9.18126,1000000,1000000
2019-11-29 07:14:32.469000,9.18298,9.18107,1000000,1000000
2019-11-29 07:14:32.569000,9.18298,9.18126,1000000,1000000
2019-11-29 07:14:32.619000,9.18298,9.18116,1000000,1000000
2019-11-29 07:14:32.720000,9.18298,9.18126,1000000,1000000
2019-11-29 07:14:32.771000,9.18298,9.18116,1000000,1000000
2019-11-29 07:14:33.131000,9.18298,9.18127,1000000,1000000
2019-11-29 07:14:33.182000,9.18312,9.18136,1000000,1000000
2019-11-29 07:14:33.285000,9.18312,9.18126,1000000,1000000
2019-11-29 07:14:33.355000,9.18312,9.18117,1000000,1000000
2019-11-29 07:14:33.406000,9.18312,9.18126,1000000,1000000
2019-11-29 07:14:33.456000,9.18312,9.18117,1000000,1000000
2019-11-29 07:14:33.507000,9.18323,9.18126,1000000,1000000
2019-11-29 07:14:33.557000,9.18323,9.18136,1000000,1000000
2019-11-29 07:14:33.659000,9.18323,9.18146,1000000,1000000
2019-11-29 07:14:33.760000,9.18323,9.18136,1000000,1000000
2019-11-29 07:14:33.861000,9.18323,9.18156,1000000,1000000
2019-11-29 07:14:34.012000,9.18338,9.18146,1000000,1000000
2019-11-29 07:14:34.213000,9.18338,9.18136,1000000,1000000
2019-11-29 07:14:34.264000,9.18338,9.18146,1000000,1000000
2019-11-29 07:14:34.314000,9.18338,9.18137,1000000,1000000
2019-11-29 07:14:34.473000,9.18338,9.18099,1000000,1500000
2019-11-29 07:14:34.574000,9.18338,9.18112,1000000,1250000
2019-11-29 07:14:34.779000,9.18338,9.18137,1000000,1000000
2019-11-29 07:14:34.880000,9.18338,9.18146,1000000,1000000
2019-11-29 07:14:34.981000,9.18338,9.18136,1000000,1000000
2019-11-29 07:14:35.136000,9.18338,9.18126,1000000,1000000
2019-11-29 07:14:35.237000,9.18338,9.18136,1000000,1000000
2019-11-29 07:14:35.288000,9.18338,9.18126,1000000,1000000
2019-11-29 07:14:35.491000,9.18338,9.18136,1000000,1000000
2019-11-29 07:14:35.587000,9.18338,9.18126,1000000,1000000
2019-11-29 07:14:35.656000,9.18338,9.18137,1000000,1000000
2019-11-29 07:14:35.734000,9.18338,9.18127,1000000,1000000
2019-11-29 07:14:35.854000,9.18338,9.18136,1000000,1000000
2019-11-29 07:14:35.915000,9.18338,9.18126,1000000,1000000
2019-11-29 07:14:36.026000,9.18338,9.18136,1000000,1000000
2019-11-29 07:14:36.087000,9.18338,9.18126,1000000,1000000
2019-11-29 07:14:36.537000,9.18338,9.18136,1000000,1000000
2019-11-29 07:14:36.950000,9.18338,9.18127,1000000,1000000
2019-11-29 07:14:37.001000,9.18338,9.18136,1000000,1000000
2019-11-29 07:14:37.071000,9.18338,9.18126,1000000,1000000
2019-11-29 07:14:38.906000,9.18338,9.18136,1000000,1000000
2019-11-29 07:14:39.205000,9.18338,9.18126,1000000,1000000
2019-11-29 07:14:39.259000,9.18338,9.18136,1000000,1000000
2019-11-29 07:14:39.945000,9.18338,9.18127,1000000,1000000
2019-11-29 07:14:40.702000,9.18338,9.18136,1000000,1000000
2019-11-29 07:14:40.879000,9.18338,9.18128,1000000,1000000
2019-11-29 07:14:41.502000,9.18338,9.18136,1000000,1000000
2019-11-29 07:14:41.665000,9.18338,9.18127,1000000,1000000
2019-11-29 07:14:42.335000,9.18338,9.18126,1000000,1000000
2019-11-29 07:14:43.177000,9.18338,9.18136,1000000,1000000
2019-11-29 07:14:43.232000,9.18338,9.18127,1000000,1000000
2019-11-29 07:14:43.295000,9.18338,9.18102,1000000,1620000
2019-11-29 07:14:44.092000,9.18328,9.18088,1000000,1500000
2019-11-29 07:14:44.193000,9.18313,9.18094,1000000,1500000
2019-11-29 07:14:44.244000,9.18322,9.18094,1000000,1500000
2019-11-29 07:14:44.446000,9.18324,9.18101,1000000,1500000
2019-11-29 07:14:44.706000,9.18324,9.18126,1000000,1000000
2019-11-29 07:14:44.767000,9.18324,9.18101,1000000,1500000
2019-11-29 07:14:44.880000,9.18324,9.18101,1000000,1500000
2019-11-29 07:14:44.931000,9.18324,9.18126,1000000,1000000
2019-11-29 07:14:44.981000,9.18324,9.18096,1000000,1500000
2019-11-29 07:14:46.253000,9.18324,9.18102,1000000,1000000
2019-11-29 07:14:46.354000,9.18314,9.18087,1000000,1500000
2019-11-29 07:14:46.594000,9.18314,9.18107,1000000,1000000
2019-11-29 07:14:46.696000,9.18314,9.18116,1000000,1000000
2019-11-29 07:14:46.797000,9.18323,9.18116,1000000,1000000
2019-11-29 07:14:46.848000,9.18331,9.18116,1000000,1000000
2019-11-29 07:14:46.899000,9.18331,9.18126,1000000,1000000
2019-11-29 07:14:47,9.18331,9.18117,1000000,1000000
2019-11-29 07:14:47.216000,9.18331,9.18107,1000000,1500000
2019-11-29 07:14:47.318000,9.18331,9.18116,1000000,1000000
2019-11-29 07:14:47.369000,9.18331,9.18126,1000000,1000000
2019-11-29 07:14:47.420000,9.18331,9.18116,1000000,1000000
2019-11-29 07:14:49.014000,9.18331,9.18117,1000000,1000000
2019-11-29 07:14:49.384000,9.18331,9.1811,1000000,1500000
2019-11-29 07:14:51.190000,9.18331,9.1811,1000000,1500000
2019-11-29 07:14:51.321000,9.18331,9.18126,1000000,1000000
2019-11-29 07:14:51.689000,9.18331,9.1811,1000000,1500000
2019-11-29 07:14:52.713000,9.18331,9.18137,1000000,1000000
2019-11-29 07:14:52.763000,9.18331,9.18114,1000000,1500000
2019-11-29 07:14:52.911000,9.18331,9.18136,1000000,1000000
2019-11-29 07:14:52.961000,9.18331,9.18114,1000000,1500000
2019-11-29 07:14:53.012000,9.18331,9.18136,1000000,1000000
2019-11-29 07:14:53.117000,9.18331,9.18114,1000000,1500000
2019-11-29 07:14:53.374000,9.18331,9.18136,1000000,1000000
2019-11-29 07:14:53.424000,9.18331,9.18108,1000000,1500000
2019-11-29 07:14:53.565000,9.18331,9.18102,1000000,1250000
2019-11-29 07:14:53.666000,9.18331,9.18099,1000000,1500000
2019-11-29 07:14:53.767000,9.18331,9.18126,1000000,1000000
2019-11-29 07:14:53.918000,9.18331,9.18099,1000000,1500000
2019-11-29 07:14:54.240000,9.18331,9.18126,1000000,1000000
2019-11-29 07:14:54.655000,9.18331,9.18099,1000000,1500000
2019-11-29 07:14:54.862000,9.18331,9.18126,1000000,1000000
2019-11-29 07:14:55.153000,9.18331,9.18099,1000000,1500000
2019-11-29 07:14:55.204000,9.18331,9.18127,1000000,1000000
2019-11-29 07:14:55.255000,9.18331,9.18099,1000000,1500000
2019-11-29 07:14:55.363000,9.18331,9.18126,1000000,1000000
2019-11-29 07:14:55.941000,9.18331,9.18099,1000000,1500000
2019-11-29 07:14:56.078000,9.18331,9.18099,1000000,1500000
2019-11-29 07:14:56.180000,9.18331,9.18099,1000000,1500000
2019-11-29 07:14:56.752000,9.18331,9.18099,1000000,1500000
2019-11-29 07:14:56.853000,9.18331,9.18099,1000000,1500000
2019-11-29 07:14:58.154000,9.18331,9.18086,1000000,1500000
2019-11-29 07:14:58.256000,9.18331,9.18086,1000000,1500000
2019-11-29 07:14:58.718000,9.18331,9.18086,1000000,1500000
2019-11-29 07:14:58.870000,9.18331,9.18086,1000000,1500000
2019-11-29 07:14:59.021000,9.18331,9.18086,1000000,1500000
2019-11-29 07:14:59.498000,9.18331,9.18126,1000000,1000000
2019-11-29 07:14:59.649000,9.18331,9.18091,1000000,1500000
2019-11-29 07:14:59.894000,9.18331,9.18091,1000000,1500000
2019-11-29 07:14:59.995000,9.18331,9.18091,1000000,1500000
2019-11-29 07:15:00.510000,9.18315,9.18125,1000000,1000000
