time,ask,bid,ask_volume,bid_volume
2020-01-10 06:55:00.493000,8.87562,8.87351,1000000,1000000
2020-01-10 06:55:05.391000,8.87562,8.87352,1000000,1000000
2020-01-10 06:55:23.842000,8.87562,8.87351,1000000,1000000
2020-01-10 06:55:35.355000,8.87562,8.87352,1000000,1000000
2020-01-10 06:55:37.637000,8.87579,8.87369,1000000,1000000
2020-01-10 06:55:37.688000,8.87581,8.87369,1000000,1000000
2020-01-10 06:55:37.739000,8.87636,8.87378,1700000,1000000
2020-01-10 06:55:37.840000,8.87637,8.87378,1500000,1000000
2020-01-10 06:55:40.711000,8.87637,8.87378,1500000,1000000
2020-01-10 06:55:48.091000,8.87637,8.87378,1750000,1000000
2020-01-10 06:55:50.063000,8.87637,8.87378,1500000,1000000
2020-01-10 06:55:53,8.87637,8.87378,1500000,1000000
2020-01-10 06:55:55.463000,8.87637,8.87402,1500000,1000000
2020-01-10 06:55:55.692000,8.87637,8.87402,1500000,1000000
2020-01-10 06:55:56.248000,8.87637,8.87412,1500000,1000000
2020-01-10 06:55:56.384000,8.87637,8.87412,1120000,1000000
2020-01-10 06:55:56.634000,8.87637,8.87402,1500000,1000000
2020-01-10 06:55:58.355000,8.87638,8.87412,1750000,1000000
2020-01-10 06:55:58.405000,8.87638,8.87402,1750000,1000000
2020-01-10 06:55:58.456000,8.87638,8.87412,1750000,1000000
2020-01-10 06:55:58.506000,8.87638,8.87402,1750000,1000000
2020-01-10 06:56:00.222000,8.87638,8.87392,1750000,1000000
2020-01-10 06:56:00.330000,8.87638,8.87392,1750000,1000000
2020-01-10 06:56:02.566000,8.87573,8.87392,1000000,1000000
2020-01-10 06:56:02.617000,8.87573,8.87362,1000000,1000000
2020-01-10 06:56:02.668000,8.87573,8.87373,1000000,1000000
2020-01-10 06:56:02.718000,8.87627,8.87384,1500000,1250000
2020-01-10 06:56:02.769000,8.87627,8.87389,1500000,1000000
2020-01-10 06:56:02.870000,8.87627,8.87387,1500000,1000000
2020-01-10 06:56:03.201000,8.87627,8.87389,1500000,1000000
2020-01-10 06:56:08.185000,8.87627,8.87378,1500000,1000000
2020-01-10 06:56:11.128000,8.87638,8.87375,1750000,1000000
2020-01-10 06:56:11.179000,8.87635,8.87375,1500000,1000000
2020-01-10 06:56:15.020000,8.87638,8.87375,1750000,1000000
2020-01-10 06:56:17.497000,8.87628,8.87362,1500000,1000000
2020-01-10 06:56:20.305000,8.87628,8.87362,1500000,1000000
2020-01-10 06:56:26.231000,8.87637,8.87362,2370000,1000000
2020-01-10 06:56:26.999000,8.87637,8.87353,2370000,1000000
2020-01-10 06:56:27.542000,8.87628,8.87351,1500000,1000000
2020-01-10 06:56:27.593000,8.87608,8.87351,1500000,1000000
2020-01-10 06:56:27.694000,8.87597,8.87361,1000000,1000000
2020-01-10 06:56:27.943000,8.87608,8.87361,1000000,1000000
2020-01-10 06:56:28.476000,8.87598,8.87354,1000000,1000000
2020-01-10 06:56:28.527000,8.87608,8.87354,1500000,1000000
2020-01-10 06:56:28.577000,8.87598,8.87351,1000000,1250000
2020-01-10 06:56:28.628000,8.87598,8.87346,1000000,1000000
2020-01-10 06:56:28.760000,8.87598,8.87338,1000000,1000000
2020-01-10 06:56:29.693000,8.87608,8.87338,1500000,1000000
2020-01-10 06:56:29.999000,8.87597,8.87338,1000000,1000000
2020-01-10 06:56:32.635000,8.87597,8.87338,1500000,1000000
2020-01-10 06:56:36.794000,8.87608,8.87338,1500000,1000000
2020-01-10 06:56:44.365000,8.87621,8.87338,1500000,1000000
2020-01-10 06:56:48.604000,8.87622,8.87337,1500000,1000000
2020-01-10 06:56:55.692000,8.87622,8.87337,1500000,1000000
2020-01-10 06:56:56.297000,8.87622,8.87337,1500000,1000000
2020-01-10 06:57:00.005000,8.87578,8.87337,1000000,1000000
2020-01-10 06:57:00.178000,8.87588,8.87337,1000000,1000000
2020-01-10 06:57:00.240000,8.87578,8.87337,1000000,1000000
2020-01-10 06:57:00.291000,8.87588,8.87337,1000000,1000000
2020-01-10 06:57:01.412000,8.87578,8.87337,1000000,1000000
2020-01-10 06:57:01.513000,8.87568,8.8733,1000000,1000000
2020-01-10 06:57:07.311000,8.87568,8.87344,1000000,1000000
2020-01-10 06:57:09.697000,8.87568,8.87351,1000000,1250000
2020-01-10 06:57:09.748000,8.87588,8.87363,1000000,1000000
2020-01-10 06:57:10.014000,8.87578,8.87363,1000000,1250000
2020-01-10 06:57:13.500000,8.87588,8.87363,1000000,1000000
2020-01-10 06:57:14.415000,8.87597,8.87363,1000000,1000000
2020-01-10 06:57:15.943000,8.87588,8.87363,1000000,1000000
2020-01-10 06:57:20.834000,8.87588,8.87354,1000000,1000000
2020-01-10 06:57:27.021000,8.87598,8.87354,1000000,1000000
2020-01-10 06:57:27.166000,8.87588,8.87354,1000000,1000000
2020-01-10 06:57:27.216000,8.87598,8.87354,1000000,1000000
2020-01-10 06:57:27.436000,8.87588,8.87354,1000000,1000000
2020-01-10 06:57:27.486000,8.87597,8.87354,1000000,1000000
2020-01-10 06:57:29.192000,8.87588,8.87354,1000000,1000000
2020-01-10 06:57:29.311000,8.87598,8.87354,1000000,1000000
2020-01-10 06:57:29.541000,8.87588,8.87354,1000000,1000000
2020-01-10 06:57:29.642000,8.87578,8.87354,1000000,1000000
2020-01-10 06:57:29.763000,8.87578,8.87364,1000000,1000000
2020-01-10 06:57:29.915000,8.87588,8.87364,1000000,1000000
2020-01-10 06:57:33.535000,8.87588,8.87354,1000000,1000000
2020-01-10 06:57:33.892000,8.87577,8.87354,1000000,1000000
2020-01-10 06:57:34.111000,8.87588,8.87354,1000000,1000000
2020-01-10 06:57:34.175000,8.87578,8.87354,1000000,1000000
2020-01-10 06:57:36.061000,8.87588,8.87354,1000000,1000000
2020-01-10 06:57:36.676000,8.87578,8.87354,1000000,1000000
2020-01-10 06:57:40.607000,8.87588,8.87354,1000000,1000000
2020-01-10 06:57:40.660000,8.87598,8.87354,1000000,1000000
2020-01-10 06:57:44.011000,8.87608,8.87354,1500000,1000000
2020-01-10 06:57:44.109000,8.87598,8.87354,1000000,1000000
2020-01-10 06:57:44.160000,8.87608,8.87354,1500000,1000000
2020-01-10 06:57:45.931000,8.87598,8.87341,1500000,1000000
2020-01-10 06:57:45.982000,8.87598,8.87333,1500000,1000000
2020-01-10 06:57:51.884000,8.87587,8.87333,1000000,1000000
2020-01-10 06:57:53.420000,8.87598,8.87333,1000000,1000000
2020-01-10 06:57:54.010000,8.87617,8.87333,1500000,1000000
2020-01-10 06:57:54.060000,8.87607,8.87335,1500000,1000000
2020-01-10 06:57:54.172000,8.87597,8.87335,1000000,1000000
2020-01-10 06:57:54.340000,8.87608,8.87335,1500000,1000000
2020-01-10 06:57:54.454000,8.87598,8.87335,1000000,1000000
2020-01-10 06:57:55.979000,8.87598,8.87335,1500000,1000000
2020-01-10 06:57:56.215000,8.87598,8.87335,1500000,1000000
2020-01-10 06:57:57.945000,8.87588,8.87335,1500000,1000000
2020-01-10 06:57:58.046000,8.87587,8.87308,1500000,1000000
2020-01-10 06:57:59.472000,8.87488,8.87308,1000000,1000000
2020-01-10 06:58:00.128000,8.87488,8.87307,1000000,1000000
2020-01-10 06:58:02.514000,8.87448,8.8729,1000000,1000000
2020-01-10 06:58:02.565000,8.87418,8.87226,1000000,1000000
2020-01-10 06:58:02.665000,8.87478,8.87238,1000000,1000000
2020-01-10 06:58:02.716000,8.87478,8.87244,1000000,1000000
2020-01-10 06:58:02.817000,8.87478,8.87259,1000000,1000000
2020-01-10 06:58:02.981000,8.87478,8.87263,1000000,1000000
2020-01-10 06:58:03.082000,8.87478,8.87269,1000000,1000000
2020-01-10 06:58:03.350000,8.87488,8.87269,1000000,1000000
2020-01-10 06:58:04.398000,8.87478,8.87269,1000000,1000000
2020-01-10 06:58:04.581000,8.87388,8.87269,1000000,1000000
2020-01-10 06:58:04.639000,8.87397,8.87269,1000000,1000000
2020-01-10 06:58:04.740000,8.87388,8.87269,1000000,1000000
2020-01-10 06:58:05.014000,8.87398,8.87269,1000000,1000000
2020-01-10 06:58:05.389000,8.87388,8.87269,1000000,1000000
2020-01-10 06:58:07.421000,8.87378,8.87269,1000000,1000000
2020-01-10 06:58:10.140000,8.87388,8.87269,1000000,1000000
2020-01-10 06:58:10.252000,8.87388,8.87262,1000000,1000000
2020-01-10 06:58:10.514000,8.87378,8.87262,1000000,1000000
2020-01-10 06:58:11.466000,8.87368,8.87262,1000000,1000000
2020-01-10 06:58:11.768000,8.87368,8.87263,1000000,1000000
2020-01-10 06:58:13.291000,8.87378,8.87262,1000000,1000000
2020-01-10 06:58:16.646000,8.87388,8.87262,1000000,1000000
2020-01-10 06:58:17.345000,8.87398,8.87251,1000000,1000000
2020-01-10 06:58:17.665000,8.87388,8.87251,1000000,1000000
2020-01-10 06:58:17.716000,8.87418,8.87251,1000000,1000000
2020-01-10 06:58:18.790000,8.87447,8.87261,1000000,1250000
2020-01-10 06:58:18.841000,8.87448,8.87281,1000000,1000000
2020-01-10 06:58:18.942000,8.87458,8.87298,1000000,1000000
2020-01-10 06:58:19.093000,8.87448,8.87298,1000000,1000000
2020-01-10 06:58:19.241000,8.87458,8.87298,1000000,1000000
2020-01-10 06:58:25.034000,8.87458,8.87293,1000000,1000000
2020-01-10 06:58:28.914000,8.87468,8.87293,1000000,1000000
2020-01-10 06:58:29.601000,8.87458,8.87293,1000000,1000000
2020-01-10 06:58:29.735000,8.87468,8.87293,1000000,1000000
2020-01-10 06:58:32.846000,8.87458,8.87293,1000000,1000000
2020-01-10 06:58:34.732000,8.87468,8.87293,1000000,1000000
2020-01-10 06:58:37.302000,8.87457,8.87293,1000000,1000000
2020-01-10 06:58:38.583000,8.87468,8.87293,1000000,1000000
2020-01-10 06:58:38.634000,8.87478,8.87293,1000000,1000000
2020-01-10 06:58:39.481000,8.87488,8.87293,1000000,1000000
2020-01-10 06:58:42.431000,8.87508,8.87293,1000000,1000000
2020-01-10 06:58:44.256000,8.87508,8.87301,1000000,1000000
2020-01-10 06:58:48.025000,8.87508,8.87302,1000000,1000000
2020-01-10 06:58:49.899000,8.87508,8.87301,1000000,1000000
2020-01-10 06:58:50,8.87498,8.87301,1000000,1000000
2020-01-10 06:58:50.172000,8.87498,8.87302,1000000,1000000
2020-01-10 06:58:54.335000,8.87498,8.87301,1000000,1000000
2020-01-10 06:58:56.116000,8.87507,8.87301,1000000,1000000
2020-01-10 06:59:00.704000,8.87507,8.87293,1000000,1000000
2020-01-10 06:59:05.034000,8.87507,8.87294,1000000,1000000
2020-01-10 06:59:08.884000,8.87458,8.87294,1000000,1000000
2020-01-10 06:59:09.066000,8.87448,8.87294,1000000,1000000
2020-01-10 06:59:09.167000,8.87448,8.87301,1000000,1000000
2020-01-10 06:59:09.767000,8.87448,8.87273,1000000,1000000
2020-01-10 06:59:14.405000,8.87478,8.87273,1000000,1000000
2020-01-10 06:59:14.456000,8.87488,8.87273,1000000,1000000
2020-01-10 06:59:14.607000,8.87458,8.87244,1000000,1000000
2020-01-10 06:59:14.658000,8.87468,8.87244,1000000,1000000
2020-01-10 06:59:14.809000,8.87488,8.87249,1000000,1000000
2020-01-10 06:59:14.860000,8.87467,8.87249,1000000,1000000
2020-01-10 06:59:15.258000,8.87448,8.87242,1000000,1000000
2020-01-10 06:59:22.420000,8.87458,8.87242,1000000,1000000
2020-01-10 06:59:23.530000,8.87458,8.87232,1000000,1000000
2020-01-10 06:59:24.412000,8.87468,8.87232,1000000,1000000
2020-01-10 06:59:25.877000,8.87458,8.87232,1000000,1000000
2020-01-10 06:59:30.041000,8.87468,8.87232,1000000,1000000
2020-01-10 06:59:30.142000,8.87498,8.87232,1000000,1000000
2020-01-10 06:59:30.192000,8.87498,8.8724,1000000,1000000
2020-01-10 06:59:35.388000,8.87498,8.8724,1000000,1500000
2020-01-10 06:59:35.445000,8.87498,8.8724,1000000,1500000
2020-01-10 06:59:35.496000,8.87498,8.87283,1000000,1000000
2020-01-10 06:59:35.597000,8.87498,8.8724,1000000,1000000
2020-01-10 06:59:35.972000,8.87478,8.8724,1000000,1000000
2020-01-10 06:59:46.828000,8.87468,8.8724,1000000,1000000
2020-01-10 06:59:48.137000,8.87477,8.8724,1000000,1000000
2020-01-10 06:59:48.247000,8.87478,8.8724,1000000,1000000
2020-01-10 06:59:50.072000,8.87488,8.8724,1000000,1000000
2020-01-10 06:59:50.122000,8.87478,8.8724,1000000,1000000
2020-01-10 06:59:50.173000,8.87538,8.8724,1000000,1000000
2020-01-10 06:59:50.223000,8.87528,8.8724,1000000,1000000
2020-01-10 06:59:50.731000,8.87518,8.8724,1000000,1000000
2020-01-10 06:59:51.040000,8.87527,8.8724,1000000,1000000
2020-01-10 06:59:51.091000,8.87517,8.87224,1000000,1000000
2020-01-10 06:59:51.142000,8.87508,8.87224,1000000,1000000
2020-01-10 06:59:51.306000,8.87498,8.87224,1000000,1000000
2020-01-10 06:59:51.356000,8.87508,8.87224,1000000,1000000
2020-01-10 06:59:51.407000,8.87517,8.87224,1000000,1000000
2020-01-10 06:59:51.593000,8.87508,8.87224,1000000,1000000
2020-01-10 06:59:52.778000,8.87477,8.87191,1000000,1000000
2020-01-10 06:59:52.879000,8.87478,8.87191,1000000,1000000
2020-01-10 06:59:53.044000,8.87488,8.87191,1000000,1000000
2020-01-10 06:59:53.207000,8.87488,8.87184,1000000,1000000
2020-01-10 06:59:53.327000,8.87478,8.87184,1000000,1000000
2020-01-10 06:59:53.428000,8.87467,8.87184,1000000,1000000
2020-01-10 06:59:53.478000,8.87478,8.87184,1000000,1000000
2020-01-10 06:59:53.529000,8.87468,8.87184,1000000,1000000
2020-01-10 06:59:53.652000,8.87478,8.87184,1000000,1000000
2020-01-10 06:59:54.103000,8.87468,8.87184,1000000,1000000
2020-01-10 06:59:54.203000,8.87458,8.87156,1000000,1000000
2020-01-10 06:59:55.280000,8.87468,8.87145,1000000,1000000
2020-01-10 06:59:55.391000,8.87468,8.87105,1000000,1000000
2020-01-10 06:59:55.543000,8.87468,8.87112,1000000,1000000
2020-01-10 06:59:55.658000,8.87468,8.87125,1000000,1000000
2020-01-10 06:59:55.760000,8.87468,8.87109,1000000,1000000
2020-01-10 06:59:55.861000,8.87478,8.87109,1000000,1000000
2020-01-10 06:59:55.911000,8.87478,8.87124,1000000,1000000
2020-01-10 06:59:56.013000,8.87478,8.87126,1000000,1000000
2020-01-10 06:59:56.290000,8.87477,8.87126,1000000,1000000
2020-01-10 06:59:56.392000,8.87477,8.87089,1000000,1000000
2020-01-10 06:59:58.438000,8.87477,8.87115,1000000,1000000
2020-01-10 06:59:59.133000,8.87468,8.87115,1000000,1000000
2020-01-10 06:59:59.183000,8.87487,8.87115,1000000,1000000
2020-01-10 06:59:59.990000,8.87488,8.87115,1000000,1000000
2020-01-10 07:00:00.041000,8.87478,8.87128,1000000,1000000
2020-01-10 07:00:00.092000,8.87478,8.87115,1000000,1500000
2020-01-10 07:00:00.193000,8.87498,8.87115,1000000,1500000
2020-01-10 07:00:00.244000,8.87498,8.87115,1000000,1000000
2020-01-10 07:00:00.345000,8.87492,8.87116,1000000,1000000
2020-01-10 07:00:00.452000,8.87408,8.87116,1000000,1000000
2020-01-10 07:00:00.630000,8.87408,8.87121,1000000,1000000
2020-01-10 07:00:00.731000,8.87408,8.87108,1000000,1000000
2020-01-10 07:00:00.832000,8.87408,8.87076,1000000,1500000
2020-01-10 07:00:01.033000,8.87408,8.87085,1000000,1500000
2020-01-10 07:00:01.084000,8.87428,8.87085,1000000,1500000
2020-01-10 07:00:01.134000,8.87418,8.87085,1000000,1500000
2020-01-10 07:00:01.229000,8.87408,8.87081,1000000,1500000
2020-01-10 07:00:01.279000,8.87408,8.87144,1000000,1500000
2020-01-10 07:00:01.597000,8.87617,8.87207,1200000,1000000
2020-01-10 07:00:01.647000,8.87617,8.8744,1200000,1000000
2020-01-10 07:00:01.748000,8.87943,8.87535,1200000,1000000
2020-01-10 07:00:01.798000,8.88108,8.87764,1500000,1000000
2020-01-10 07:00:01.899000,8.87998,8.8789,1000000,1000000
2020-01-10 07:00:02,8.87967,8.87838,300000,1000000
2020-01-10 07:00:02.163000,8.88478,8.87918,1000000,1000000
2020-01-10 07:00:02.214000,8.88399,8.87863,1000000,1000000
2020-01-10 07:00:02.416000,8.88399,8.87873,1000000,1000000
2020-01-10 07:00:02.516000,8.88398,8.87875,1000000,1000000
2020-01-10 07:00:02.617000,8.88398,8.87847,1000000,1000000
2020-01-10 07:00:02.668000,8.88478,8.87847,1120000,1000000
2020-01-10 07:00:02.768000,8.8849,8.87831,1500000,1000000
2020-01-10 07:00:02.819000,8.88508,8.87907,1500000,1000000
2020-01-10 07:00:03.212000,8.88509,8.88168,1500000,1000000
2020-01-10 07:00:03.313000,8.88601,8.88303,1000000,1000000
2020-01-10 07:00:03.364000,8.88636,8.88263,1000000,1250000
2020-01-10 07:00:03.465000,8.88636,8.88261,1000000,1250000
2020-01-10 07:00:03.566000,8.88636,8.88233,1000000,1000000
2020-01-10 07:00:03.667000,8.88637,8.88233,1000000,1000000
2020-01-10 07:00:03.717000,8.88637,8.8826,1000000,1250000
2020-01-10 07:00:03.824000,8.88628,8.8826,1000000,1250000
2020-01-10 07:00:03.875000,8.88638,8.8826,1000000,1250000
2020-01-10 07:00:04.089000,8.88908,8.88233,1250000,1000000
2020-01-10 07:00:04.189000,8.88838,8.88131,1750000,1000000
2020-01-10 07:00:04.240000,8.88838,8.8814,1750000,1250000
2020-01-10 07:00:04.341000,8.88838,8.88136,1750000,1250000
2020-01-10 07:00:04.448000,8.88838,8.88159,1750000,1250000
2020-01-10 07:00:04.498000,8.88838,8.88142,1750000,1250000
2020-01-10 07:00:04.549000,8.88838,8.8812,1500000,1000000
2020-01-10 07:00:04.630000,8.88788,8.88113,1120000,1000000
2020-01-10 07:00:04.743000,8.88788,8.88142,1120000,1250000
2020-01-10 07:00:04.794000,8.88786,8.88113,1000000,1000000
2020-01-10 07:00:04.844000,8.88786,8.88143,1250000,1250000
2020-01-10 07:00:05.067000,8.88786,8.88122,1250000,1250000
2020-01-10 07:00:05.118000,8.88787,8.88113,1370000,1000000
2020-01-10 07:00:05.219000,8.886,8.88008,1000000,1000000
2020-01-10 07:00:05.269000,8.88601,8.87765,1000000,1500000
2020-01-10 07:00:05.320000,8.88787,8.87765,1120000,1000000
2020-01-10 07:00:05.420000,8.88477,8.87708,690000,1250000
2020-01-10 07:00:05.965000,8.88488,8.87804,1500000,1000000
2020-01-10 07:00:06.066000,8.8855,8.88082,1000000,1250000
2020-01-10 07:00:06.117000,8.88599,8.87984,1000000,1000000
2020-01-10 07:00:06.167000,8.88632,8.88082,1750000,1250000
2020-01-10 07:00:06.218000,8.88633,8.88082,1750000,1250000
2020-01-10 07:00:06.319000,8.88771,8.88127,1500000,1250000
2020-01-10 07:00:06.431000,8.88788,8.88127,1750000,1250000
2020-01-10 07:00:06.481000,8.88788,8.88573,1000000,7370000
2020-01-10 07:00:06.532000,8.88878,8.88751,1500000,1000000
2020-01-10 07:00:06.633000,8.88921,8.88716,1000000,1000000
2020-01-10 07:00:06.683000,8.89008,8.88741,1500000,1000000
2020-01-10 07:00:06.734000,8.89008,8.88872,1500000,1000000
2020-01-10 07:00:06.835000,8.89134,8.88813,1000000,1000000
2020-01-10 07:00:06.936000,8.89191,8.89081,370000,1250000
2020-01-10 07:00:07.036000,8.89484,8.89162,1000000,1250000
2020-01-10 07:00:07.137000,8.89508,8.89163,1750000,1250000
2020-01-10 07:00:07.250000,8.89508,8.89162,1750000,1250000
2020-01-10 07:00:07.361000,8.89508,8.89163,1750000,1250000
2020-01-10 07:00:07.542000,8.89508,8.89162,1750000,1250000
2020-01-10 07:00:07.764000,8.89468,8.89121,1500000,1000000
2020-01-10 07:00:07.815000,8.89468,8.89065,1500000,1000000
2020-01-10 07:00:07.915000,8.89478,8.89002,1500000,1250000
2020-01-10 07:00:08.016000,8.89478,8.88983,1500000,1000000
2020-01-10 07:00:08.067000,8.89468,8.89003,1500000,1250000
2020-01-10 07:00:08.117000,8.89468,8.88985,1500000,1250000
2020-01-10 07:00:08.218000,8.89574,8.89166,1500000,1000000
2020-01-10 07:00:08.319000,8.89801,8.89559,1000000,1000000
2020-01-10 07:00:08.470000,8.89578,8.89513,1000000,1000000
2020-01-10 07:00:08.520000,8.89578,8.89497,1000000,1000000
2020-01-10 07:00:08.621000,8.89638,8.89332,1500000,1500000
2020-01-10 07:00:08.772000,8.89571,8.89211,1000000,1000000
2020-01-10 07:00:08.823000,8.89571,8.89087,1000000,1000000
2020-01-10 07:00:08.923000,8.89549,8.89003,1250000,1000000
2020-01-10 07:00:08.974000,8.89549,8.88836,1250000,1750000
2020-01-10 07:00:10.790000,8.89541,8.88901,870000,1250000
2020-01-10 07:00:10.891000,8.89771,8.89549,370000,1000000
2020-01-10 07:00:10.941000,8.90238,8.89847,1500000,1000000
2020-01-10 07:00:10.992000,8.90081,8.89847,1500000,1000000
2020-01-10 07:00:11.093000,8.90238,8.89775,1500000,750000
2020-01-10 07:00:11.143000,8.90031,8.89769,1000000,750000
2020-01-10 07:00:11.193000,8.89951,8.89237,1000000,1000000
2020-01-10 07:00:11.244000,8.89951,8.89237,1000000,1000000
2020-01-10 07:00:11.344000,8.90248,8.8922,1500000,1500000
2020-01-10 07:00:11.395000,8.90024,8.89237,1000000,1000000
2020-01-10 07:00:11.496000,8.90041,8.89139,1000000,1250000
2020-01-10 07:00:11.629000,8.90041,8.89081,1000000,1250000
2020-01-10 07:00:11.889000,8.90257,8.89166,1500000,1000000
2020-01-10 07:00:11.960000,8.90125,8.89165,1500000,1000000
2020-01-10 07:00:12.234000,8.90125,8.89165,1500000,1000000
2020-01-10 07:00:12.746000,8.90125,8.89389,1500000,1000000
2020-01-10 07:00:12.847000,8.90126,8.89631,1500000,1000000
2020-01-10 07:00:12.898000,8.90124,8.89605,1500000,1000000
2020-01-10 07:00:12.998000,8.90126,8.89413,1500000,1500000
2020-01-10 07:00:13.049000,8.90081,8.89391,1000000,1500000
2020-01-10 07:00:13.141000,8.90081,8.89386,1000000,1000000
2020-01-10 07:00:13.242000,8.90081,8.89386,1000000,1500000
2020-01-10 07:00:13.392000,8.90081,8.89386,1000000,1500000
2020-01-10 07:00:13.493000,8.90081,8.89386,1000000,1500000
2020-01-10 07:00:13.620000,8.90081,8.89386,1000000,1500000
2020-01-10 07:00:13.721000,8.90081,8.89386,1000000,1500000
2020-01-10 07:00:14.378000,8.90126,8.89859,1500000,1500000
2020-01-10 07:00:14.429000,8.90125,8.89825,1500000,1000000
2020-01-10 07:00:14.530000,8.90091,8.89616,1000000,1100000
2020-01-10 07:00:14.631000,8.90091,8.89517,1000000,1500000
2020-01-10 07:00:14.732000,8.90091,8.89466,1000000,1000000
2020-01-10 07:00:14.833000,8.90091,8.89396,1000000,1250000
2020-01-10 07:00:14.939000,8.90091,8.89421,1000000,1500000
2020-01-10 07:00:15.414000,8.90091,8.89632,1000000,1000000
2020-01-10 07:00:15.763000,8.90091,8.89641,1000000,1000000
2020-01-10 07:00:15.874000,8.90091,8.8964,1000000,1000000
2020-01-10 07:00:15.975000,8.90091,8.89649,1000000,1000000
2020-01-10 07:00:16.453000,8.90091,8.89713,1000000,1000000
2020-01-10 07:00:16.792000,8.90091,8.89732,1000000,1000000
2020-01-10 07:00:16.902000,8.90091,8.89722,1000000,1000000
2020-01-10 07:00:17.207000,8.90091,8.89699,1000000,1000000
2020-01-10 07:00:17.670000,8.90091,8.89732,1000000,1000000
2020-01-10 07:00:18.146000,8.90091,8.89786,1000000,1250000
2020-01-10 07:00:18.247000,8.90126,8.89812,1000000,1850000
2020-01-10 07:00:18.348000,8.90228,8.90042,1000000,1000000
2020-01-10 07:00:18.399000,8.90218,8.89895,1000000,1000000
2020-01-10 07:00:18.499000,8.90218,8.89892,1000000,1500000
2020-01-10 07:00:18.550000,8.90218,8.89854,1000000,1000000
2020-01-10 07:00:18.852000,8.90218,8.8985,1000000,1000000
2020-01-10 07:00:18.902000,8.90141,8.8985,1000000,1000000
2020-01-10 07:00:19.003000,8.90218,8.89822,1500000,1000000
2020-01-10 07:00:19.110000,8.90011,8.89822,1000000,1000000
2020-01-10 07:00:19.210000,8.90021,8.89823,1120000,1000000
2020-01-10 07:00:19.371000,8.90022,8.89823,1000000,1000000
2020-01-10 07:00:19.422000,8.90022,8.89792,1000000,1000000
2020-01-10 07:00:19.560000,8.90021,8.89792,1000000,1000000
2020-01-10 07:00:19.804000,8.90021,8.89843,1000000,1000000
2020-01-10 07:00:19.926000,8.90021,8.89833,1000000,1000000
2020-01-10 07:00:19.977000,8.90211,8.89843,1000000,1000000
2020-01-10 07:00:20.078000,8.90258,8.89832,1000000,1000000
2020-01-10 07:00:20.128000,8.90228,8.89822,1000000,1000000
2020-01-10 07:00:20.229000,8.90145,8.89813,1250000,1000000
2020-01-10 07:00:20.330000,8.90135,8.89813,1000000,1000000
2020-01-10 07:00:20.466000,8.90135,8.89822,1000000,1000000
2020-01-10 07:00:20.909000,8.90083,8.89623,1250000,1500000
2020-01-10 07:00:21.026000,8.90091,8.89543,1000000,1500000
2020-01-10 07:00:21.076000,8.8984,8.8963,7670000,1250000
2020-01-10 07:00:21.127000,8.89774,8.8947,1000000,1500000
2020-01-10 07:00:21.228000,8.90039,8.8947,1000000,1000000
2020-01-10 07:00:21.278000,8.90008,8.8947,1000000,1000000
2020-01-10 07:00:21.379000,8.89951,8.89422,1000000,1500000
2020-01-10 07:00:21.480000,8.89908,8.89422,1690000,1500000
2020-01-10 07:00:21.581000,8.89907,8.89422,1250000,1500000
2020-01-10 07:00:22.253000,8.89908,8.89422,1690000,1500000
2020-01-10 07:00:23.074000,8.89908,8.89682,1690000,1500000
2020-01-10 07:00:23.592000,8.89907,8.89699,1250000,1000000
2020-01-10 07:00:25.231000,8.89886,8.89603,1250000,1000000
2020-01-10 07:00:25.913000,8.8989,8.89423,1000000,1100000
2020-01-10 07:00:25.964000,8.90117,8.89804,1000000,1000000
2020-01-10 07:00:26.014000,8.90117,8.89738,1000000,1000000
2020-01-10 07:00:26.065000,8.89999,8.89427,1000000,1000000
2020-01-10 07:00:26.166000,8.9002,8.89453,1620000,1000000
2020-01-10 07:00:26.267000,8.9002,8.89491,1000000,1120000
2020-01-10 07:00:26.317000,8.89786,8.89433,1250000,1000000
2020-01-10 07:00:26.368000,8.89889,8.89433,1250000,1000000
2020-01-10 07:00:26.469000,8.8989,8.89373,1250000,1000000
2020-01-10 07:00:26.721000,8.89897,8.89373,1000000,1000000
2020-01-10 07:00:26.772000,8.8989,8.89373,1250000,1000000
2020-01-10 07:00:27.310000,8.8989,8.89442,1250000,1000000
2020-01-10 07:00:28.663000,8.89889,8.89442,1250000,1000000
2020-01-10 07:00:28.764000,8.89905,8.89422,1000000,1000000
2020-01-10 07:00:28.901000,8.89905,8.89422,1000000,1000000
2020-01-10 07:00:28.983000,8.89905,8.89462,1000000,1000000
2020-01-10 07:00:29.266000,8.89905,8.89502,1000000,1000000
2020-01-10 07:00:29.367000,8.89865,8.89463,1000000,1000000
2020-01-10 07:00:29.418000,8.89858,8.89463,1620000,1000000
2020-01-10 07:00:29.544000,8.89844,8.89463,1000000,1000000
2020-01-10 07:00:30.236000,8.89929,8.89463,1500000,1000000
2020-01-10 07:00:30.287000,8.8988,8.89483,1750000,1000000
2020-01-10 07:00:30.395000,8.89881,8.89472,1750000,1000000
2020-01-10 07:00:30.496000,8.89881,8.89462,1750000,1000000
2020-01-10 07:00:30.648000,8.8986,8.89462,1000000,1000000
2020-01-10 07:00:30.749000,8.89882,8.89462,1500000,1000000
2020-01-10 07:00:30.799000,8.89798,8.89462,1250000,1000000
2020-01-10 07:00:30.914000,8.89799,8.89452,1250000,1000000
2020-01-10 07:00:32.087000,8.89799,8.89462,1250000,1000000
2020-01-10 07:00:32.199000,8.89799,8.89452,1250000,1000000
2020-01-10 07:00:32.561000,8.89799,8.89462,1250000,1000000
2020-01-10 07:00:33.244000,8.89799,8.89452,1250000,1000000
2020-01-10 07:00:33.819000,8.89799,8.89462,1250000,1000000
2020-01-10 07:00:34.729000,8.89808,8.89462,1000000,1000000
2020-01-10 07:00:35.757000,8.89809,8.89462,1250000,1000000
2020-01-10 07:00:36.145000,8.89809,8.89452,1250000,1000000
2020-01-10 07:00:36.381000,8.89809,8.89512,1250000,1000000
2020-01-10 07:00:37.037000,8.89811,8.89512,1000000,1000000
2020-01-10 07:00:37.088000,8.89811,8.89502,1000000,1000000
2020-01-10 07:00:37.767000,8.89812,8.89502,1250000,1000000
2020-01-10 07:00:38.133000,8.8982,8.89493,1000000,1000000
2020-01-10 07:00:38.184000,8.89811,8.89493,1250000,1000000
2020-01-10 07:00:38.301000,8.8982,8.89502,1000000,1000000
2020-01-10 07:00:38.932000,8.89811,8.89502,1250000,1000000
2020-01-10 07:00:38.983000,8.89811,8.89492,1250000,1000000
2020-01-10 07:00:39.033000,8.89811,8.89502,1250000,1000000
2020-01-10 07:00:39.134000,8.8982,8.89492,1000000,1000000
2020-01-10 07:00:39.185000,8.8982,8.89482,1000000,1000000
2020-01-10 07:00:39.286000,8.8982,8.89462,1000000,1000000
2020-01-10 07:00:39.493000,8.8982,8.89452,1000000,1000000
2020-01-10 07:00:39.594000,8.89844,8.89422,1500000,1500000
2020-01-10 07:00:39.645000,8.89835,8.89422,1750000,1500000
2020-01-10 07:00:39.696000,8.8983,8.89422,1000000,1500000
2020-01-10 07:00:39.847000,8.89828,8.89422,1000000,1000000
2020-01-10 07:00:40.087000,8.89828,8.89412,1000000,1500000
2020-01-10 07:00:40.614000,8.89557,8.89262,1000000,1500000
2020-01-10 07:00:40.715000,8.89499,8.89282,1000000,1000000
2020-01-10 07:00:40.765000,8.89498,8.89213,1000000,1000000
2020-01-10 07:00:40.816000,8.89318,8.89153,1000000,1500000
2020-01-10 07:00:40.918000,8.8929,8.89104,1120000,1000000
2020-01-10 07:00:40.969000,8.89249,8.89103,1000000,1000000
2020-01-10 07:00:41.070000,8.89271,8.88972,1000000,1000000
2020-01-10 07:00:41.120000,8.89083,8.88893,1000000,1000000
2020-01-10 07:00:41.171000,8.89083,8.88816,1000000,1000000
2020-01-10 07:00:41.272000,8.88982,8.88754,1250000,1000000
2020-01-10 07:00:41.423000,8.88983,8.88755,1250000,1000000
2020-01-10 07:00:41.523000,8.88996,8.88633,1000000,1000000
2020-01-10 07:00:41.574000,8.88982,8.88593,1250000,1000000
2020-01-10 07:00:41.675000,8.88982,8.88544,1250000,1500000
2020-01-10 07:00:41.725000,8.88983,8.88552,1250000,1500000
2020-01-10 07:00:41.882000,8.88983,8.88552,1250000,1500000
2020-01-10 07:00:41.983000,8.88983,8.88551,1250000,1500000
2020-01-10 07:00:42.360000,8.88978,8.8872,1250000,1000000
2020-01-10 07:00:42.461000,8.8898,8.8872,1000000,1000000
2020-01-10 07:00:42.561000,8.88985,8.8872,1000000,1000000
2020-01-10 07:00:42.612000,8.88992,8.8872,1000000,1000000
2020-01-10 07:00:42.713000,8.88997,8.8872,1250000,1000000
2020-01-10 07:00:42.814000,8.88957,8.88591,1000000,1000000
2020-01-10 07:00:42.864000,8.88957,8.88568,1000000,1500000
2020-01-10 07:00:42.965000,8.88979,8.8872,1000000,1000000
2020-01-10 07:00:43.066000,8.88983,8.8872,1000000,1000000
2020-01-10 07:00:43.117000,8.88995,8.88721,1690000,1000000
2020-01-10 07:00:43.167000,8.88995,8.8872,1000000,1500000
2020-01-10 07:00:43.218000,8.88987,8.8872,1000000,1000000
2020-01-10 07:00:43.319000,8.89017,8.8872,1250000,1500000
2020-01-10 07:00:43.419000,8.89016,8.88645,1000000,1500000
2020-01-10 07:00:43.470000,8.89016,8.88615,1000000,1500000
2020-01-10 07:00:43.520000,8.88952,8.88615,1000000,1500000
2020-01-10 07:00:43.621000,8.88945,8.88592,1250000,1500000
2020-01-10 07:00:43.884000,8.88952,8.88592,1000000,1500000
2020-01-10 07:00:43.935000,8.88945,8.88592,1250000,1500000
2020-01-10 07:00:44.128000,8.88944,8.88592,1250000,1500000
2020-01-10 07:00:44.284000,8.88945,8.88592,1250000,1500000
2020-01-10 07:00:45.138000,8.88952,8.88592,1000000,1500000
2020-01-10 07:00:45.189000,8.88968,8.88592,1250000,1500000
2020-01-10 07:00:45.240000,8.88972,8.88592,1000000,1500000
2020-01-10 07:00:45.365000,8.88968,8.88592,1250000,1500000
2020-01-10 07:00:46.023000,8.88968,8.88595,1250000,1500000
2020-01-10 07:00:46.074000,8.88968,8.88579,1250000,1500000
2020-01-10 07:00:46.389000,8.88972,8.88579,1000000,1500000
2020-01-10 07:00:46.613000,8.88975,8.88579,1250000,1500000
2020-01-10 07:00:47.416000,8.8898,8.88579,1000000,1500000
2020-01-10 07:00:48.180000,8.88986,8.88579,1250000,1500000
2020-01-10 07:00:49.038000,8.88996,8.88579,1000000,1500000
2020-01-10 07:00:49.089000,8.88996,8.88516,1000000,1500000
2020-01-10 07:00:49.190000,8.88781,8.88423,1000000,1500000
2020-01-10 07:00:49.494000,8.88781,8.88409,1000000,1500000
2020-01-10 07:00:49.545000,8.88778,8.88389,1250000,1500000
2020-01-10 07:00:49.596000,8.88725,8.88325,1000000,1500000
2020-01-10 07:00:49.646000,8.8869,8.88327,1250000,1500000
2020-01-10 07:00:49.697000,8.88695,8.88272,1000000,1500000
2020-01-10 07:00:49.747000,8.88689,8.88272,1250000,1500000
2020-01-10 07:00:49.798000,8.88631,8.88197,1000000,1000000
2020-01-10 07:00:49.848000,8.88631,8.88251,1000000,1500000
2020-01-10 07:00:49.899000,8.88622,8.88234,1000000,1500000
2020-01-10 07:00:49.999000,8.88569,8.88236,1000000,1500000
2020-01-10 07:00:50.100000,8.88638,8.88365,1000000,1500000
2020-01-10 07:00:50.248000,8.8875,8.88375,1250000,1500000
2020-01-10 07:00:50.299000,8.88743,8.88436,1000000,1500000
2020-01-10 07:00:50.400000,8.88819,8.88491,1000000,1500000
2020-01-10 07:00:50.501000,8.88848,8.88491,1250000,1500000
2020-01-10 07:00:50.702000,8.88847,8.88491,1250000,1500000
2020-01-10 07:00:50.753000,8.88848,8.88507,1000000,1500000
2020-01-10 07:00:50.804000,8.88879,8.88507,1250000,1500000
2020-01-10 07:00:50.854000,8.88879,8.88507,1750000,1500000
2020-01-10 07:00:50.905000,8.88879,8.88507,1250000,1500000
2020-01-10 07:00:50.956000,8.88879,8.88511,1250000,1500000
2020-01-10 07:00:51.006000,8.88902,8.88527,1000000,1500000
2020-01-10 07:00:51.107000,8.88902,8.88512,1000000,1500000
2020-01-10 07:00:51.208000,8.88854,8.88494,1000000,1500000
2020-01-10 07:00:52.062000,8.88853,8.88515,1000000,1500000
2020-01-10 07:00:52.913000,8.88853,8.88515,1300000,1500000
2020-01-10 07:00:52.963000,8.88853,8.88515,1500000,1500000
2020-01-10 07:00:53.014000,8.88788,8.88447,1500000,1500000
2020-01-10 07:00:53.065000,8.88781,8.88378,1000000,1500000
2020-01-10 07:00:53.116000,8.88733,8.88378,1000000,1500000
2020-01-10 07:00:53.318000,8.88734,8.88378,1250000,1500000
2020-01-10 07:00:53.419000,8.887,8.88378,1000000,1500000
2020-01-10 07:00:53.801000,8.887,8.88353,1000000,1500000
2020-01-10 07:00:53.851000,8.887,8.88353,1000000,1500000
2020-01-10 07:00:53.953000,8.88687,8.88353,1250000,1500000
2020-01-10 07:00:54.059000,8.88688,8.88353,1250000,1500000
2020-01-10 07:00:54.160000,8.88658,8.88351,1000000,1500000
2020-01-10 07:00:54.211000,8.88642,8.88322,1000000,1500000
2020-01-10 07:00:54.261000,8.88649,8.88342,1000000,1500000
2020-01-10 07:00:54.362000,8.887,8.88359,1000000,1500000
2020-01-10 07:00:54.556000,8.88704,8.88391,1000000,1500000
2020-01-10 07:00:54.945000,8.88704,8.88363,1000000,1500000
2020-01-10 07:00:55.045000,8.88704,8.88339,1000000,1500000
2020-01-10 07:00:55.146000,8.88704,8.88402,1000000,1500000
2020-01-10 07:00:55.247000,8.88735,8.88409,1000000,1500000
2020-01-10 07:00:55.298000,8.88761,8.88409,1000000,1500000
2020-01-10 07:00:55.834000,8.88794,8.88409,1500000,1500000
2020-01-10 07:00:56.223000,8.88798,8.88416,1500000,1500000
2020-01-10 07:00:57.863000,8.88798,8.8845,1500000,1500000
2020-01-10 07:00:57.964000,8.88844,8.88499,1000000,1500000
2020-01-10 07:00:58.015000,8.88844,8.88523,1000000,1500000
2020-01-10 07:00:58.065000,8.88877,8.88523,1000000,1500000
2020-01-10 07:00:58.116000,8.88877,8.88536,1000000,1500000
2020-01-10 07:00:58.605000,8.88866,8.8863,1000000,1000000
2020-01-10 07:00:58.656000,8.88967,8.88637,1500000,1000000
2020-01-10 07:00:58.757000,8.89026,8.88636,1000000,1000000
2020-01-10 07:00:59.043000,8.89026,8.88637,1000000,1000000
2020-01-10 07:00:59.148000,8.89026,8.88641,1000000,1000000
2020-01-10 07:00:59.299000,8.89026,8.8864,1000000,1000000
2020-01-10 07:00:59.406000,8.89026,8.8864,1000000,1000000
2020-01-10 07:01:00.118000,8.89026,8.88662,1000000,1000000
2020-01-10 07:01:00.219000,8.88911,8.88662,1000000,1000000
2020-01-10 07:01:00.320000,8.8884,8.88662,1000000,1000000
2020-01-10 07:01:00.371000,8.8884,8.88612,1000000,1000000
2020-01-10 07:01:00.472000,8.88829,8.88542,1000000,1000000
2020-01-10 07:01:00.523000,8.88813,8.88542,1500000,1000000
2020-01-10 07:01:00.574000,8.88813,8.88483,1500000,1500000
2020-01-10 07:01:00.624000,8.88812,8.88483,1500000,1500000
2020-01-10 07:01:00.775000,8.88812,8.88483,1500000,1500000
2020-01-10 07:01:00.876000,8.88812,8.88483,1500000,1500000
2020-01-10 07:01:00.977000,8.88796,8.88483,1500000,1000000
2020-01-10 07:01:01.028000,8.88796,8.88483,1500000,1000000
2020-01-10 07:01:01.079000,8.88801,8.88483,1500000,1000000
2020-01-10 07:01:01.180000,8.88815,8.88483,1620000,1000000
2020-01-10 07:01:01.281000,8.88815,8.88483,1620000,1000000
2020-01-10 07:01:01.435000,8.88815,8.88513,1120000,1000000
2020-01-10 07:01:01.542000,8.88945,8.88601,1500000,1000000
2020-01-10 07:01:01.643000,8.88954,8.88612,1000000,1000000
2020-01-10 07:01:01.744000,8.88994,8.88634,1000000,1000000
2020-01-10 07:01:01.845000,8.89007,8.88673,1500000,1000000
2020-01-10 07:01:01.963000,8.89007,8.88673,1500000,1000000
2020-01-10 07:01:02.939000,8.88902,8.88673,1000000,1000000
2020-01-10 07:01:03.040000,8.88795,8.88647,1000000,1000000
2020-01-10 07:01:03.091000,8.88773,8.88583,1000000,1000000
2020-01-10 07:01:03.142000,8.88782,8.88583,1000000,1000000
2020-01-10 07:01:03.192000,8.88756,8.88458,1750000,1000000
2020-01-10 07:01:03.243000,8.88756,8.88442,1750000,1000000
2020-01-10 07:01:03.364000,8.88735,8.88433,1500000,1000000
2020-01-10 07:01:03.415000,8.8871,8.88433,1500000,1000000
2020-01-10 07:01:03.516000,8.88632,8.88433,1000000,1000000
2020-01-10 07:01:03.566000,8.88664,8.88432,1000000,1000000
2020-01-10 07:01:03.617000,8.88664,8.88432,1000000,1500000
2020-01-10 07:01:03.667000,8.8874,8.88422,1330000,1000000
2020-01-10 07:01:03.718000,8.8874,8.88412,1330000,1000000
2020-01-10 07:01:03.769000,8.88691,8.88412,1000000,1000000
2020-01-10 07:01:03.870000,8.88669,8.88412,1000000,1000000
2020-01-10 07:01:05.020000,8.88669,8.88413,1000000,1000000
2020-01-10 07:01:06.123000,8.88669,8.88432,1000000,1000000
2020-01-10 07:01:06.174000,8.88676,8.88432,1250000,1000000
2020-01-10 07:01:06.275000,8.88651,8.88432,1000000,1000000
2020-01-10 07:01:06.376000,8.88602,8.88432,1000000,1000000
2020-01-10 07:01:06.639000,8.88602,8.88422,1000000,1000000
2020-01-10 07:01:06.883000,8.88601,8.88295,1250000,1000000
2020-01-10 07:01:06.934000,8.8859,8.88295,1250000,1000000
2020-01-10 07:01:07.035000,8.88391,8.88172,1000000,1000000
2020-01-10 07:01:07.136000,8.88224,8.88079,1000000,1000000
2020-01-10 07:01:07.237000,8.88178,8.88054,1000000,1000000
2020-01-10 07:01:07.288000,8.88178,8.87955,1000000,1000000
2020-01-10 07:01:07.409000,8.88097,8.87899,1000000,1500000
2020-01-10 07:01:07.460000,8.88073,8.87889,1000000,1000000
2020-01-10 07:01:07.561000,8.88073,8.87841,1000000,1000000
2020-01-10 07:01:07.712000,8.88073,8.87845,1000000,1000000
2020-01-10 07:01:07.763000,8.88073,8.87847,1000000,1000000
2020-01-10 07:01:07.813000,8.88073,8.87847,1000000,1000000
2020-01-10 07:01:07.864000,8.88073,8.87851,1000000,1000000
2020-01-10 07:01:08.098000,8.88073,8.87851,1000000,1000000
2020-01-10 07:01:08.149000,8.88073,8.87851,1000000,1000000
2020-01-10 07:01:08.199000,8.88035,8.87837,1000000,1000000
2020-01-10 07:01:08.300000,8.88031,8.87833,1250000,1000000
2020-01-10 07:01:08.401000,8.88007,8.87833,1000000,1000000
2020-01-10 07:01:08.452000,8.88007,8.87821,1000000,1000000
2020-01-10 07:01:09.007000,8.88007,8.87821,1000000,1000000
2020-01-10 07:01:09.377000,8.88007,8.87822,1000000,1000000
2020-01-10 07:01:09.478000,8.88007,8.87822,1000000,1000000
2020-01-10 07:01:09.579000,8.88031,8.8779,1000000,1000000
2020-01-10 07:01:09.673000,8.87994,8.87821,1000000,1000000
2020-01-10 07:01:09.724000,8.87981,8.87772,1000000,1000000
2020-01-10 07:01:09.774000,8.87928,8.87772,1000000,1000000
2020-01-10 07:01:09.926000,8.87928,8.87735,1000000,1000000
2020-01-10 07:01:09.977000,8.87909,8.87735,1000000,1000000
2020-01-10 07:01:10.027000,8.87909,8.87713,1000000,1000000
2020-01-10 07:01:10.078000,8.87872,8.87672,1000000,1000000
2020-01-10 07:01:10.129000,8.87872,8.87638,1000000,1000000
2020-01-10 07:01:10.179000,8.87819,8.87621,1000000,1000000
2020-01-10 07:01:10.280000,8.88001,8.87611,1000000,1000000
2020-01-10 07:01:10.381000,8.87987,8.8753,1500000,1000000
2020-01-10 07:01:10.432000,8.87944,8.87502,1000000,1000000
2020-01-10 07:01:10.533000,8.87847,8.87409,1000000,1000000
2020-01-10 07:01:10.583000,8.87886,8.87419,1250000,1500000
2020-01-10 07:01:10.634000,8.87886,8.8748,1000000,1000000
2020-01-10 07:01:10.735000,8.87886,8.8748,1000000,1000000
2020-01-10 07:01:10.835000,8.87886,8.8748,1000000,1000000
2020-01-10 07:01:10.886000,8.87866,8.874,1000000,1000000
2020-01-10 07:01:10.936000,8.87877,8.87472,1000000,1000000
2020-01-10 07:01:10.987000,8.87894,8.87428,1000000,1500000
2020-01-10 07:01:11.037000,8.87908,8.87449,1000000,1500000
2020-01-10 07:01:11.138000,8.87938,8.87509,1000000,1000000
2020-01-10 07:01:11.189000,8.87938,8.87511,1000000,1000000
2020-01-10 07:01:11.297000,8.87938,8.87512,1000000,1000000
2020-01-10 07:01:11.348000,8.87941,8.87536,1000000,1000000
2020-01-10 07:01:11.708000,8.87987,8.87543,1000000,1000000
2020-01-10 07:01:11.809000,8.88025,8.87647,1000000,1000000
2020-01-10 07:01:11.910000,8.88086,8.87849,1000000,1000000
2020-01-10 07:01:11.960000,8.88155,8.87849,2000000,1000000
2020-01-10 07:01:12.011000,8.88155,8.87827,1500000,1000000
2020-01-10 07:01:12.062000,8.88156,8.87847,1500000,1000000
2020-01-10 07:01:12.112000,8.88156,8.8795,1500000,1000000
2020-01-10 07:01:12.163000,8.88249,8.87949,1000000,1000000
2020-01-10 07:01:12.214000,8.88249,8.8786,1000000,1000000
2020-01-10 07:01:12.264000,8.88241,8.8788,1000000,1000000
2020-01-10 07:01:12.315000,8.88236,8.87863,1000000,1000000
2020-01-10 07:01:12.366000,8.88277,8.87875,1500000,1000000
2020-01-10 07:01:12.471000,8.88277,8.87914,1500000,1000000
2020-01-10 07:01:12.622000,8.88277,8.87889,1500000,1000000
2020-01-10 07:01:12.799000,8.88277,8.87889,1000000,1000000
2020-01-10 07:01:13.950000,8.88277,8.87849,1000000,1500000
2020-01-10 07:01:14.471000,8.88277,8.87854,1000000,1000000
2020-01-10 07:01:14.885000,8.88305,8.87854,1500000,1000000
2020-01-10 07:01:15.008000,8.88296,8.87837,1000000,1000000
2020-01-10 07:01:15.059000,8.88263,8.87835,1000000,1000000
2020-01-10 07:01:15.160000,8.88218,8.87764,1000000,1500000
2020-01-10 07:01:15.210000,8.88218,8.87764,1000000,1500000
2020-01-10 07:01:16.109000,8.88218,8.87783,1000000,1500000
2020-01-10 07:01:16.265000,8.88218,8.87852,1000000,1000000
2020-01-10 07:01:16.366000,8.88254,8.87874,1000000,1000000
2020-01-10 07:01:16.467000,8.88277,8.87874,1000000,1250000
2020-01-10 07:01:16.624000,8.88271,8.87874,1000000,1250000
2020-01-10 07:01:16.813000,8.88302,8.87874,1000000,1750000
2020-01-10 07:01:17.547000,8.88302,8.87905,1000000,1000000
2020-01-10 07:01:17.699000,8.88302,8.87923,1000000,1000000
2020-01-10 07:01:17.821000,8.88305,8.87923,1000000,1000000
2020-01-10 07:01:18.033000,8.88306,8.87934,1000000,1750000
2020-01-10 07:01:18.598000,8.88306,8.88122,1000000,1000000
2020-01-10 07:01:18.735000,8.88305,8.88122,1000000,1000000
2020-01-10 07:01:18.785000,8.88306,8.88102,1000000,1000000
2020-01-10 07:01:18.987000,8.88306,8.88112,1000000,1000000
2020-01-10 07:01:19.146000,8.88306,8.88102,1000000,1000000
2020-01-10 07:01:19.197000,8.88306,8.88112,1000000,1000000
2020-01-10 07:01:19.298000,8.88305,8.88112,1500000,1000000
2020-01-10 07:01:19.588000,8.88306,8.88102,1500000,1000000
2020-01-10 07:01:19.689000,8.88305,8.88072,1500000,1000000
2020-01-10 07:01:20.028000,8.88306,8.88072,1500000,1000000
2020-01-10 07:01:20.839000,8.88292,8.88072,1000000,1000000
2020-01-10 07:01:21.088000,8.88266,8.88072,1000000,1000000
2020-01-10 07:01:22.007000,8.88266,8.88072,1000000,1000000
2020-01-10 07:01:22.849000,8.88266,8.88102,1000000,1000000
2020-01-10 07:01:23.084000,8.88266,8.88083,1000000,1000000
2020-01-10 07:01:23.285000,8.8825,8.88083,1000000,1000000
2020-01-10 07:01:23.501000,8.88229,8.88083,1000000,1000000
2020-01-10 07:01:24.377000,8.88203,8.88083,1000000,1000000
2020-01-10 07:01:25.333000,8.88201,8.88073,1000000,1000000
2020-01-10 07:01:25.434000,8.88201,8.88072,1000000,1000000
2020-01-10 07:01:26.086000,8.88193,8.88063,1000000,1000000
2020-01-10 07:01:26.137000,8.88193,8.88052,1000000,1000000
2020-01-10 07:01:26.238000,8.88193,8.88042,1000000,1000000
2020-01-10 07:01:26.288000,8.88193,8.88052,1000000,1000000
2020-01-10 07:01:26.895000,8.88193,8.88062,1000000,1000000
2020-01-10 07:01:26.996000,8.88193,8.88073,1000000,1000000
2020-01-10 07:01:27.097000,8.88193,8.88082,1000000,1000000
2020-01-10 07:01:27.198000,8.88193,8.88082,1000000,1000000
2020-01-10 07:01:28.933000,8.88184,8.88082,1000000,1000000
2020-01-10 07:01:29.678000,8.88184,8.88073,1000000,1000000
2020-01-10 07:01:29.728000,8.88184,8.88082,1000000,1000000
2020-01-10 07:01:30.081000,8.88233,8.88073,1000000,1000000
2020-01-10 07:01:30.420000,8.88233,8.88062,1000000,1000000
2020-01-10 07:01:31.521000,8.88233,8.88072,1000000,1000000
2020-01-10 07:01:31.572000,8.88279,8.88072,1000000,1500000
2020-01-10 07:01:31.673000,8.88304,8.88072,1000000,1500000
2020-01-10 07:01:31.774000,8.88295,8.88052,1000000,1500000
2020-01-10 07:01:31.824000,8.88295,8.88062,1000000,1500000
2020-01-10 07:01:31.925000,8.88314,8.88212,1700000,1000000
2020-01-10 07:01:33.474000,8.88324,8.88203,1700000,1000000
2020-01-10 07:01:33.524000,8.88324,8.88212,1700000,1000000
2020-01-10 07:01:33.576000,8.8832,8.88202,1700000,1000000
2020-01-10 07:01:33.727000,8.88313,8.88213,1700000,1000000
2020-01-10 07:01:33.828000,8.88315,8.88222,1700000,1000000
2020-01-10 07:01:33.947000,8.88331,8.88231,1700000,1000000
2020-01-10 07:01:34.149000,8.8834,8.88222,1700000,1000000
2020-01-10 07:01:34.819000,8.8834,8.88222,1700000,1000000
2020-01-10 07:01:38.067000,8.88336,8.88222,1700000,1000000
2020-01-10 07:01:39.648000,8.88336,8.88222,1700000,1000000
2020-01-10 07:01:39.942000,8.88336,8.88222,1700000,1000000
2020-01-10 07:01:40.934000,8.88336,8.88222,1700000,1000000
2020-01-10 07:01:42.425000,8.88336,8.88212,1700000,1000000
2020-01-10 07:01:42.476000,8.88336,8.88202,1700000,1000000
2020-01-10 07:01:42.527000,8.88336,8.88212,1700000,1000000
2020-01-10 07:01:43.414000,8.88327,8.88122,1700000,1000000
2020-01-10 07:01:44.545000,8.88332,8.88112,1700000,1000000
2020-01-10 07:01:45.066000,8.88347,8.88103,1700000,1000000
2020-01-10 07:01:45.217000,8.88338,8.88092,1700000,1000000
2020-01-10 07:01:45.318000,8.88328,8.88082,1700000,1000000
2020-01-10 07:01:45.419000,8.88337,8.88093,1700000,1000000
2020-01-10 07:01:46.650000,8.88346,8.88142,1200000,1000000
2020-01-10 07:01:46.837000,8.88346,8.88172,1200000,1000000
2020-01-10 07:01:49.300000,8.8835,8.88172,1700000,1000000
2020-01-10 07:01:49.401000,8.8835,8.88172,1700000,1000000
2020-01-10 07:01:50.346000,8.8835,8.88172,1700000,1000000
2020-01-10 07:01:50.720000,8.8835,8.88172,1700000,1000000
2020-01-10 07:01:50.771000,8.8835,8.88162,1700000,1000000
2020-01-10 07:01:50.822000,8.8835,8.88172,1700000,1000000
2020-01-10 07:01:50.923000,8.88339,8.88152,1700000,1000000
2020-01-10 07:01:54.004000,8.88334,8.88152,1500000,1000000
2020-01-10 07:01:54.055000,8.88334,8.88152,1000000,1000000
2020-01-10 07:01:54.106000,8.8833,8.88152,1000000,1000000
2020-01-10 07:01:54.832000,8.88331,8.88152,1000000,1000000
2020-01-10 07:01:55.800000,8.88328,8.88152,1000000,1000000
2020-01-10 07:01:56.231000,8.8832,8.88152,1000000,1000000
2020-01-10 07:01:56.797000,8.88319,8.88132,1000000,1000000
2020-01-10 07:01:56.847000,8.88319,8.88142,1000000,1000000
2020-01-10 07:01:56.998000,8.88319,8.88122,1000000,1000000
2020-01-10 07:01:59.808000,8.88319,8.88132,1000000,1000000
2020-01-10 07:02:00.117000,8.88319,8.88082,1000000,1000000
2020-01-10 07:02:00.222000,8.88305,8.88082,1000000,1000000
2020-01-10 07:02:00.323000,8.88298,8.88082,1000000,1000000
2020-01-10 07:02:01.703000,8.88298,8.88072,1000000,1000000
2020-01-10 07:02:01.754000,8.88296,8.88072,1000000,1000000
2020-01-10 07:02:05.239000,8.88296,8.88092,1000000,1000000
2020-01-10 07:02:05.303000,8.88296,8.88082,1000000,1000000
2020-01-10 07:02:05.501000,8.88296,8.88072,1000000,1000000
2020-01-10 07:02:05.653000,8.88296,8.88082,1000000,1000000
2020-01-10 07:02:05.890000,8.88296,8.88092,1000000,1000000
2020-01-10 07:02:06.028000,8.88296,8.88082,1000000,1000000
2020-01-10 07:02:07.998000,8.8826,8.88082,1000000,1000000
2020-01-10 07:02:09.750000,8.88221,8.88082,1000000,1000000
2020-01-10 07:02:09.851000,8.88313,8.88096,1000000,1000000
2020-01-10 07:02:09.901000,8.88313,8.88139,1000000,1000000
2020-01-10 07:02:10.002000,8.88294,8.88184,1000000,1000000
2020-01-10 07:02:10.053000,8.88286,8.88082,1000000,1000000
2020-01-10 07:02:10.104000,8.88286,8.88073,1000000,1000000
2020-01-10 07:02:10.204000,8.88257,8.88062,1000000,1000000
2020-01-10 07:02:10.305000,8.8822,8.88062,1000000,1000000
2020-01-10 07:02:10.407000,8.88203,8.88062,1000000,1000000
2020-01-10 07:02:10.508000,8.88189,8.88042,1000000,1000000
2020-01-10 07:02:10.559000,8.88179,8.88042,1000000,1000000
2020-01-10 07:02:10.844000,8.88179,8.88052,1000000,1000000
2020-01-10 07:02:10.894000,8.88179,8.88042,1000000,1000000
2020-01-10 07:02:11.165000,8.88179,8.88053,1000000,1000000
2020-01-10 07:02:12.128000,8.88176,8.88053,1000000,1000000
2020-01-10 07:02:12.230000,8.88168,8.88053,1000000,1000000
2020-01-10 07:02:12.489000,8.88168,8.88043,1000000,1000000
2020-01-10 07:02:13.107000,8.88179,8.88043,1000000,1000000
2020-01-10 07:02:15.156000,8.88178,8.88043,1250000,1000000
2020-01-10 07:02:15.265000,8.88179,8.88043,1250000,1000000
2020-01-10 07:02:16.208000,8.88178,8.88043,1250000,1000000
2020-01-10 07:02:17.336000,8.88179,8.88043,1250000,1000000
2020-01-10 07:02:20.696000,8.88182,8.88043,1000000,1000000
2020-01-10 07:02:21.872000,8.88182,8.87972,1000000,1000000
2020-01-10 07:02:21.923000,8.88178,8.87972,1000000,1000000
2020-01-10 07:02:22.077000,8.88178,8.87962,1000000,1000000
2020-01-10 07:02:22.128000,8.88178,8.87992,1000000,1000000
2020-01-10 07:02:22.179000,8.88196,8.88002,1000000,1000000
2020-01-10 07:02:22.280000,8.88204,8.88012,1000000,1000000
2020-01-10 07:02:22.381000,8.88242,8.88012,1000000,1000000
2020-01-10 07:02:22.672000,8.88242,8.88023,1000000,1000000
2020-01-10 07:02:22.773000,8.88242,8.88092,1000000,1000000
2020-01-10 07:02:23.303000,8.88242,8.88082,1000000,1000000
2020-01-10 07:02:23.404000,8.88233,8.88072,1250000,1000000
2020-01-10 07:02:23.488000,8.88233,8.88082,1250000,1000000
2020-01-10 07:02:23.539000,8.88233,8.88072,1250000,1000000
2020-01-10 07:02:23.698000,8.88233,8.88082,1250000,1000000
2020-01-10 07:02:23.749000,8.88233,8.88062,1250000,1000000
2020-01-10 07:02:23.800000,8.88242,8.88062,1000000,1000000
2020-01-10 07:02:23.901000,8.88251,8.88052,1250000,1000000
2020-01-10 07:02:24.044000,8.88251,8.88043,1250000,1000000
2020-01-10 07:02:24.164000,8.88251,8.88053,1250000,1000000
2020-01-10 07:02:24.845000,8.8825,8.88053,1250000,1000000
2020-01-10 07:02:24.970000,8.88251,8.88053,1250000,1000000
2020-01-10 07:02:25.288000,8.88251,8.88062,1250000,1000000
2020-01-10 07:02:25.498000,8.8825,8.88062,1250000,1000000
2020-01-10 07:02:25.599000,8.88251,8.88062,1250000,1000000
2020-01-10 07:02:25.878000,8.8825,8.88062,1250000,1000000
2020-01-10 07:02:26.053000,8.88251,8.88062,1250000,1000000
2020-01-10 07:02:26.360000,8.8825,8.88062,1250000,1000000
2020-01-10 07:02:26.511000,8.88251,8.88062,1250000,1000000
2020-01-10 07:02:27.078000,8.8825,8.88062,1250000,1000000
2020-01-10 07:02:28.129000,8.8825,8.88052,1250000,1000000
2020-01-10 07:02:28.241000,8.88251,8.88052,1250000,1000000
2020-01-10 07:02:28.925000,8.88251,8.88042,1250000,1000000
2020-01-10 07:02:31.491000,8.88251,8.88032,1250000,1000000
2020-01-10 07:02:31.556000,8.88251,8.88042,1250000,1000000
2020-01-10 07:02:31.819000,8.88251,8.88033,1250000,1000000
2020-01-10 07:02:32.419000,8.8825,8.88033,1250000,1000000
2020-01-10 07:02:32.669000,8.8825,8.88042,1250000,1000000
2020-01-10 07:02:32.838000,8.88265,8.88042,1000000,1000000
2020-01-10 07:02:33.159000,8.88265,8.88052,1000000,1000000
2020-01-10 07:02:33.311000,8.88265,8.88062,1000000,1000000
2020-01-10 07:02:33.425000,8.88265,8.88052,1000000,1000000
2020-01-10 07:02:33.520000,8.88265,8.88062,1000000,1000000
2020-01-10 07:02:34.467000,8.88265,8.88072,1000000,1000000
2020-01-10 07:02:34.802000,8.88283,8.88072,1000000,1000000
2020-01-10 07:02:36.305000,8.88283,8.88062,1000000,1000000
2020-01-10 07:02:37.381000,8.88278,8.88052,1000000,1000000
2020-01-10 07:02:37.988000,8.88278,8.88052,1500000,1000000
2020-01-10 07:02:39.138000,8.88278,8.88052,1000000,1000000
2020-01-10 07:02:39.189000,8.88268,8.88042,1000000,1000000
2020-01-10 07:02:39.290000,8.88266,8.88042,1000000,1000000
2020-01-10 07:02:39.541000,8.88267,8.88042,1000000,1000000
2020-01-10 07:02:40.366000,8.88267,8.88052,1000000,1000000
2020-01-10 07:02:40.471000,8.88266,8.88052,1000000,1000000
2020-01-10 07:02:41.582000,8.88278,8.88052,1000000,1000000
2020-01-10 07:02:41.684000,8.88308,8.88052,1500000,1000000
2020-01-10 07:02:41.785000,8.88308,8.88052,1500000,1000000
2020-01-10 07:02:41.886000,8.88328,8.88072,1500000,1000000
2020-01-10 07:02:41.936000,8.88317,8.88063,1500000,1000000
2020-01-10 07:02:42.738000,8.88328,8.88042,1500000,1000000
2020-01-10 07:02:42.839000,8.88328,8.88043,1500000,1000000
2020-01-10 07:02:42.992000,8.88328,8.88082,1000000,1000000
2020-01-10 07:02:43.093000,8.88337,8.88084,1000000,1000000
2020-01-10 07:02:43.214000,8.88387,8.88152,1000000,1000000
2020-01-10 07:02:43.315000,8.88424,8.88153,1000000,1000000
2020-01-10 07:02:43.365000,8.88423,8.88147,1000000,1000000
2020-01-10 07:02:43.416000,8.88434,8.88147,1500000,1000000
2020-01-10 07:02:43.517000,8.88435,8.88138,1000000,1000000
2020-01-10 07:02:43.567000,8.88437,8.88148,1000000,1000000
2020-01-10 07:02:43.739000,8.88437,8.88152,1000000,1000000
2020-01-10 07:02:43.841000,8.88431,8.88155,1000000,1000000
2020-01-10 07:02:44.158000,8.88431,8.88172,1000000,1000000
2020-01-10 07:02:44.309000,8.8843,8.88172,1000000,1000000
2020-01-10 07:02:44.410000,8.8843,8.88162,1000000,1000000
2020-01-10 07:02:44.511000,8.88438,8.88162,1000000,1000000
2020-01-10 07:02:44.562000,8.88438,8.88172,1000000,1000000
2020-01-10 07:02:44.662000,8.88444,8.88162,1000000,1000000
2020-01-10 07:02:44.713000,8.88444,8.88162,1000000,1000000
2020-01-10 07:02:44.764000,8.88431,8.88177,1000000,1000000
2020-01-10 07:02:44.814000,8.88441,8.88242,1000000,1000000
2020-01-10 07:02:44.952000,8.88441,8.88268,1000000,1000000
2020-01-10 07:02:45.003000,8.8844,8.88259,1000000,1000000
2020-01-10 07:02:45.104000,8.88441,8.88259,1000000,1000000
2020-01-10 07:02:45.205000,8.88441,8.8826,1000000,1000000
2020-01-10 07:02:45.306000,8.8844,8.88259,1000000,1000000
2020-01-10 07:02:45.426000,8.88441,8.88258,1000000,1000000
2020-01-10 07:02:46.040000,8.88441,8.88219,1000000,1000000
2020-01-10 07:02:46.091000,8.88452,8.88211,1000000,1000000
2020-01-10 07:02:46.142000,8.88448,8.88163,1000000,1000000
2020-01-10 07:02:46.193000,8.88428,8.88163,1000000,1000000
2020-01-10 07:02:46.566000,8.88428,8.88163,1000000,1000000
2020-01-10 07:02:46.617000,8.88428,8.88163,1000000,1000000
2020-01-10 07:02:46.718000,8.88428,8.88163,1000000,1000000
2020-01-10 07:02:46.860000,8.88428,8.88153,1000000,1000000
2020-01-10 07:02:46.910000,8.88416,8.88153,1000000,1000000
2020-01-10 07:02:47.061000,8.88416,8.88162,1000000,1000000
2020-01-10 07:02:47.192000,8.88416,8.88152,1000000,1000000
2020-01-10 07:02:47.243000,8.88416,8.88162,1000000,1000000
2020-01-10 07:02:48.361000,8.88434,8.88162,1000000,1000000
2020-01-10 07:02:49.046000,8.88434,8.88162,1000000,1000000
2020-01-10 07:02:49.920000,8.88398,8.88152,1000000,1000000
2020-01-10 07:02:50.253000,8.88408,8.88162,1000000,1000000
2020-01-10 07:02:51.857000,8.88398,8.88152,1000000,1000000
2020-01-10 07:02:53.790000,8.88388,8.88142,1000000,1000000
2020-01-10 07:02:53.891000,8.88378,8.88132,1000000,1000000
2020-01-10 07:02:53.992000,8.88408,8.88152,1000000,1000000
2020-01-10 07:02:54.093000,8.88421,8.88162,1000000,1000000
2020-01-10 07:02:54.464000,8.88418,8.88142,1500000,1000000
2020-01-10 07:02:55.565000,8.88408,8.88132,1500000,1000000
2020-01-10 07:02:56.306000,8.88408,8.88132,1500000,1000000
2020-01-10 07:02:57.169000,8.88418,8.88142,1500000,1000000
2020-01-10 07:02:57.744000,8.88418,8.88142,1500000,1000000
2020-01-10 07:02:57.812000,8.88408,8.88132,1500000,1000000
2020-01-10 07:02:59.802000,8.88408,8.88132,1500000,1000000
2020-01-10 07:03:00.041000,8.88421,8.88152,2000000,1000000
2020-01-10 07:03:00.142000,8.88421,8.88162,1500000,1000000
2020-01-10 07:03:00.904000,8.88427,8.88172,1500000,1000000
2020-01-10 07:03:01.474000,8.88418,8.88162,1500000,1000000
2020-01-10 07:03:01.525000,8.88428,8.88172,1500000,1000000
2020-01-10 07:03:01.626000,8.88408,8.88152,1500000,1000000
2020-01-10 07:03:01.677000,8.88417,8.88163,1500000,1000000
2020-01-10 07:03:01.778000,8.88418,8.88162,1500000,1000000
2020-01-10 07:03:01.828000,8.88408,8.88152,1500000,1000000
2020-01-10 07:03:01.929000,8.88428,8.88172,1500000,1000000
2020-01-10 07:03:01.979000,8.88418,8.88162,1500000,1000000
2020-01-10 07:03:02.030000,8.88408,8.88152,1500000,1500000
2020-01-10 07:03:02.081000,8.88414,8.88192,1500000,1000000
2020-01-10 07:03:02.131000,8.88392,8.88182,1500000,1000000
2020-01-10 07:03:02.182000,8.88446,8.88189,1500000,1000000
2020-01-10 07:03:02.283000,8.88469,8.88222,1000000,1500000
2020-01-10 07:03:02.384000,8.88499,8.88203,1000000,1500000
2020-01-10 07:03:02.434000,8.88499,8.88224,1000000,1500000
2020-01-10 07:03:02.515000,8.88499,8.88211,1000000,1500000
2020-01-10 07:03:02.566000,8.88556,8.88237,1000000,1000000
2020-01-10 07:03:02.616000,8.88549,8.8823,1000000,1500000
2020-01-10 07:03:02.718000,8.88574,8.8827,1000000,1000000
2020-01-10 07:03:02.769000,8.8857,8.88249,1500000,1000000
2020-01-10 07:03:02.870000,8.88517,8.88281,1000000,1000000
2020-01-10 07:03:02.971000,8.88517,8.88286,1000000,1000000
2020-01-10 07:03:03.073000,8.88517,8.88251,1000000,1000000
2020-01-10 07:03:03.225000,8.88517,8.88263,1000000,1000000
2020-01-10 07:03:03.478000,8.88517,8.88272,1000000,1000000
2020-01-10 07:03:03.680000,8.88517,8.88273,1000000,1000000
2020-01-10 07:03:03.781000,8.88517,8.88272,1000000,1000000
2020-01-10 07:03:04.109000,8.88503,8.88272,1000000,1000000
2020-01-10 07:03:04.211000,8.88503,8.88272,1000000,1000000
2020-01-10 07:03:04.457000,8.88503,8.88273,1000000,1500000
2020-01-10 07:03:04.558000,8.88503,8.88289,1000000,1000000
2020-01-10 07:03:04.659000,8.88503,8.88282,1000000,1000000
2020-01-10 07:03:04.710000,8.88503,8.88292,1000000,1000000
2020-01-10 07:03:05.014000,8.88503,8.88283,1000000,1000000
2020-01-10 07:03:05.115000,8.88503,8.88276,1000000,1500000
2020-01-10 07:03:05.266000,8.88503,8.88272,1000000,1000000
2020-01-10 07:03:05.317000,8.88533,8.88281,1000000,1000000
2020-01-10 07:03:05.367000,8.88533,8.88285,1000000,1000000
2020-01-10 07:03:05.468000,8.88533,8.88272,1000000,1000000
2020-01-10 07:03:05.519000,8.88533,8.88282,1000000,1000000
2020-01-10 07:03:05.721000,8.88533,8.88272,1000000,1000000
2020-01-10 07:03:05.771000,8.88533,8.88283,1000000,1000000
2020-01-10 07:03:05.873000,8.88533,8.88283,1000000,1000000
2020-01-10 07:03:05.923000,8.88533,8.88272,1000000,1000000
2020-01-10 07:03:05.974000,8.88533,8.88283,1000000,1000000
2020-01-10 07:03:06.024000,8.88528,8.88274,1500000,1000000
2020-01-10 07:03:06.075000,8.88528,8.88252,1500000,1000000
2020-01-10 07:03:06.176000,8.88521,8.88242,1000000,1000000
2020-01-10 07:03:06.278000,8.88487,8.88262,1000000,1000000
2020-01-10 07:03:06.379000,8.88487,8.88273,1000000,1000000
2020-01-10 07:03:06.430000,8.88502,8.88273,1000000,1000000
2020-01-10 07:03:06.649000,8.88502,8.88262,1000000,1000000
2020-01-10 07:03:06.700000,8.88547,8.88262,1000000,1000000
2020-01-10 07:03:07.563000,8.88547,8.88262,1000000,1000000
2020-01-10 07:03:08.185000,8.88507,8.88263,1000000,1000000
2020-01-10 07:03:08.357000,8.88528,8.88272,1000000,1000000
2020-01-10 07:03:08.408000,8.8855,8.88283,1000000,1000000
2020-01-10 07:03:08.509000,8.8855,8.88298,1000000,1000000
2020-01-10 07:03:08.610000,8.8855,8.88289,1000000,1000000
2020-01-10 07:03:08.661000,8.8855,8.88287,1000000,1000000
2020-01-10 07:03:08.711000,8.8855,8.88288,1000000,1000000
2020-01-10 07:03:08.812000,8.8855,8.88279,1000000,1500000
2020-01-10 07:03:09.115000,8.8855,8.88323,1000000,1000000
2020-01-10 07:03:09.166000,8.8862,8.88317,1000000,1000000
2020-01-10 07:03:09.216000,8.88629,8.88381,1750000,1000000
2020-01-10 07:03:09.267000,8.88708,8.88418,1000000,1000000
2020-01-10 07:03:09.317000,8.88708,8.88425,1000000,1000000
2020-01-10 07:03:09.368000,8.88708,8.88414,1000000,1120000
2020-01-10 07:03:09.419000,8.88708,8.88433,1000000,1000000
2020-01-10 07:03:09.520000,8.88708,8.88459,1000000,1000000
2020-01-10 07:03:09.621000,8.88708,8.88465,1000000,1000000
2020-01-10 07:03:09.722000,8.88708,8.88464,1000000,1250000
2020-01-10 07:03:09.773000,8.88708,8.8844,1000000,1000000
2020-01-10 07:03:09.874000,8.88708,8.88439,1000000,1500000
2020-01-10 07:03:09.924000,8.88708,8.88439,1000000,2000000
2020-01-10 07:03:09.975000,8.88708,8.88439,1000000,1500000
2020-01-10 07:03:10.076000,8.88708,8.88426,1000000,1500000
2020-01-10 07:03:10.177000,8.88708,8.88424,1000000,1000000
2020-01-10 07:03:10.278000,8.88708,8.88432,1000000,1000000
2020-01-10 07:03:10.379000,8.88708,8.88423,1000000,1000000
2020-01-10 07:03:10.429000,8.88674,8.88432,1000000,1000000
2020-01-10 07:03:10.530000,8.88673,8.88442,1000000,1000000
2020-01-10 07:03:10.581000,8.88674,8.88422,1000000,1000000
2020-01-10 07:03:10.632000,8.88674,8.88449,1000000,1250000
2020-01-10 07:03:10.733000,8.88674,8.88457,1000000,1000000
2020-01-10 07:03:10.936000,8.88674,8.88467,1000000,1000000
2020-01-10 07:03:11.037000,8.88673,8.88452,1000000,1250000
2020-01-10 07:03:11.139000,8.88673,8.88443,1000000,1000000
2020-01-10 07:03:11.252000,8.88674,8.88433,1000000,1000000
2020-01-10 07:03:11.403000,8.88674,8.88443,1000000,1000000
2020-01-10 07:03:11.454000,8.88674,8.88405,1000000,1000000
2020-01-10 07:03:11.555000,8.88674,8.88375,1000000,1000000
2020-01-10 07:03:11.605000,8.88624,8.88389,1000000,1250000
2020-01-10 07:03:11.656000,8.88624,8.88352,1000000,2000000
2020-01-10 07:03:11.707000,8.88624,8.88377,1000000,1250000
2020-01-10 07:03:11.757000,8.88624,8.88374,1000000,1120000
2020-01-10 07:03:11.858000,8.88624,8.8834,1000000,1750000
2020-01-10 07:03:12.110000,8.88624,8.88352,1000000,1250000
2020-01-10 07:03:12.161000,8.88624,8.88341,1000000,1000000
2020-01-10 07:03:12.262000,8.88624,8.88357,1000000,1000000
2020-01-10 07:03:12.313000,8.88624,8.88348,1000000,1000000
2020-01-10 07:03:12.413000,8.88624,8.8834,1000000,1750000
2020-01-10 07:03:12.514000,8.88624,8.88337,1000000,1000000
2020-01-10 07:03:12.565000,8.88624,8.88329,1000000,1500000
2020-01-10 07:03:12.615000,8.88624,8.88346,1000000,1000000
2020-01-10 07:03:12.859000,8.88624,8.88347,1000000,1250000
2020-01-10 07:03:12.984000,8.88636,8.88358,1000000,1000000
2020-01-10 07:03:13.086000,8.88636,8.88376,1000000,1690000
2020-01-10 07:03:13.231000,8.88636,8.88393,1000000,1250000
2020-01-10 07:03:13.332000,8.88636,8.88393,1000000,1000000
2020-01-10 07:03:13.383000,8.88703,8.88399,1000000,1500000
2020-01-10 07:03:13.434000,8.88703,8.88414,1000000,1000000
2020-01-10 07:03:13.571000,8.88703,8.88463,1000000,1000000
2020-01-10 07:03:13.622000,8.88777,8.88476,1000000,1120000
2020-01-10 07:03:13.673000,8.88822,8.885,1500000,1250000
2020-01-10 07:03:13.724000,8.8882,8.88506,1500000,1750000
2020-01-10 07:03:13.774000,8.88791,8.88525,1000000,1000000
2020-01-10 07:03:13.875000,8.88791,8.88496,1000000,1750000
2020-01-10 07:03:13.976000,8.88791,8.88496,1000000,1750000
2020-01-10 07:03:14.989000,8.88778,8.88482,1000000,1750000
2020-01-10 07:03:15.120000,8.88742,8.88482,1000000,1750000
2020-01-10 07:03:15.465000,8.88741,8.88482,1000000,1750000
2020-01-10 07:03:15.566000,8.88742,8.88483,1000000,1500000
2020-01-10 07:03:15.882000,8.88772,8.88482,1000000,1500000
2020-01-10 07:03:15.933000,8.88781,8.88492,1000000,1000000
2020-01-10 07:03:15.983000,8.88782,8.88504,1000000,1000000
2020-01-10 07:03:16.084000,8.88782,8.88542,1000000,1000000
2020-01-10 07:03:16.487000,8.88782,8.88524,1000000,1000000
2020-01-10 07:03:16.631000,8.88782,8.88525,1000000,1000000
2020-01-10 07:03:16.840000,8.88782,8.88524,1000000,1000000
2020-01-10 07:03:17.015000,8.88782,8.88525,1000000,1250000
2020-01-10 07:03:17.065000,8.88772,8.88525,1000000,1250000
2020-01-10 07:03:17.375000,8.8878,8.88512,1000000,1250000
2020-01-10 07:03:18.003000,8.8878,8.88512,1000000,1250000
2020-01-10 07:03:18.054000,8.8878,8.88543,1000000,1250000
2020-01-10 07:03:18.104000,8.8878,8.88517,1000000,1000000
2020-01-10 07:03:18.205000,8.8878,8.88516,1000000,1250000
2020-01-10 07:03:18.440000,8.8878,8.88527,1000000,1250000
2020-01-10 07:03:18.806000,8.8878,8.88522,1000000,1000000
2020-01-10 07:03:18.907000,8.88773,8.88509,1000000,1000000
2020-01-10 07:03:19.335000,8.88773,8.8851,1000000,1000000
2020-01-10 07:03:19.579000,8.88773,8.88509,1000000,1000000
2020-01-10 07:03:20.235000,8.88759,8.88509,1000000,1000000
2020-01-10 07:03:20.285000,8.88759,8.88492,1000000,1000000
2020-01-10 07:03:20.386000,8.88759,8.88493,1000000,1000000
2020-01-10 07:03:20.487000,8.88759,8.88492,1000000,1000000
2020-01-10 07:03:21.804000,8.88758,8.88492,1000000,1000000
2020-01-10 07:03:23.282000,8.88765,8.88492,1000000,1500000
2020-01-10 07:03:23.333000,8.88765,8.88492,1000000,1500000
2020-01-10 07:03:24.137000,8.88766,8.88492,1000000,1120000
2020-01-10 07:03:24.518000,8.88788,8.88492,1000000,1120000
2020-01-10 07:03:24.569000,8.88788,8.88492,1000000,1120000
2020-01-10 07:03:24.670000,8.88788,8.88493,1000000,1000000
2020-01-10 07:03:24.829000,8.88788,8.88492,1000000,1120000
2020-01-10 07:03:25.061000,8.88788,8.88495,1000000,1000000
2020-01-10 07:03:25.162000,8.88788,8.88508,1000000,1000000
2020-01-10 07:03:26.171000,8.88776,8.88508,1000000,1000000
2020-01-10 07:03:26.273000,8.88772,8.88508,1000000,1000000
2020-01-10 07:03:27.695000,8.88764,8.88508,1000000,1000000
2020-01-10 07:03:28.664000,8.88758,8.88522,1120000,1000000
2020-01-10 07:03:29.415000,8.88748,8.88512,1000000,1000000
2020-01-10 07:03:31.126000,8.88758,8.88522,1120000,1000000
2020-01-10 07:03:31.227000,8.88758,8.88533,1000000,1000000
2020-01-10 07:03:31.278000,8.88758,8.88522,1000000,1000000
2020-01-10 07:03:31.530000,8.88748,8.88512,1000000,1000000
2020-01-10 07:03:32.319000,8.88758,8.88522,1000000,1000000
2020-01-10 07:03:32.471000,8.88748,8.88512,1000000,1000000
2020-01-10 07:03:33.695000,8.88758,8.88522,1000000,1000000
2020-01-10 07:03:34.748000,8.88764,8.88532,1000000,1000000
2020-01-10 07:03:34.849000,8.88714,8.88493,1000000,1000000
2020-01-10 07:03:34.950000,8.88695,8.88522,1000000,1000000
2020-01-10 07:03:35.897000,8.88695,8.88532,1000000,1000000
2020-01-10 07:03:36.914000,8.88696,8.88502,1000000,1000000
2020-01-10 07:03:36.965000,8.88753,8.88532,1000000,1000000
2020-01-10 07:03:37.066000,8.88758,8.88512,1000000,1000000
2020-01-10 07:03:37.217000,8.88758,8.88523,1000000,1000000
2020-01-10 07:03:37.268000,8.88758,8.88516,1000000,1250000
2020-01-10 07:03:37.470000,8.88758,8.88524,1000000,1000000
2020-01-10 07:03:37.572000,8.88758,8.88516,1000000,1690000
2020-01-10 07:03:37.673000,8.88758,8.88526,1000000,1250000
2020-01-10 07:03:37.816000,8.88758,8.88516,1000000,1000000
2020-01-10 07:03:38.157000,8.88758,8.88511,1000000,1000000
2020-01-10 07:03:38.416000,8.88737,8.88511,1000000,1000000
2020-01-10 07:03:38.553000,8.88737,8.88493,1000000,1000000
2020-01-10 07:03:38.654000,8.88737,8.88502,1000000,1690000
2020-01-10 07:03:38.755000,8.88737,8.88502,1000000,1000000
2020-01-10 07:03:38.856000,8.88737,8.88502,1000000,1000000
2020-01-10 07:03:39.411000,8.88737,8.88505,1000000,1000000
2020-01-10 07:03:39.563000,8.88745,8.88505,1000000,1000000
2020-01-10 07:03:40.355000,8.88745,8.88511,1000000,1000000
2020-01-10 07:03:40.456000,8.88745,8.88515,1000000,1250000
2020-01-10 07:03:40.759000,8.88745,8.88502,1000000,1000000
2020-01-10 07:03:40.860000,8.88745,8.88509,1000000,1250000
2020-01-10 07:03:41.011000,8.88745,8.8851,1000000,1000000
2020-01-10 07:03:41.062000,8.88745,8.88502,1000000,1000000
2020-01-10 07:03:41.334000,8.88745,8.88522,1000000,1000000
2020-01-10 07:03:41.435000,8.88748,8.88522,1000000,1000000
2020-01-10 07:03:41.587000,8.88738,8.88512,1000000,1000000
2020-01-10 07:03:41.889000,8.88748,8.88522,1000000,1000000
2020-01-10 07:03:42.041000,8.88738,8.88512,1000000,1000000
2020-01-10 07:03:42.142000,8.8881,8.88562,1500000,1000000
2020-01-10 07:03:42.220000,8.88821,8.88694,1000000,1000000
2020-01-10 07:03:42.271000,8.88869,8.88598,1000000,1500000
2020-01-10 07:03:42.322000,8.88869,8.8859,1000000,1500000
2020-01-10 07:03:42.373000,8.88869,8.88572,1000000,1620000
2020-01-10 07:03:42.423000,8.88869,8.88594,1000000,1500000
2020-01-10 07:03:42.474000,8.88869,8.88572,1000000,1000000
2020-01-10 07:03:42.524000,8.88869,8.88592,1000000,1000000
2020-01-10 07:03:42.575000,8.88868,8.88586,1000000,1500000
2020-01-10 07:03:42.626000,8.88869,8.88582,1000000,1000000
2020-01-10 07:03:42.677000,8.88869,8.88602,1000000,1000000
2020-01-10 07:03:42.728000,8.88869,8.8858,1000000,1000000
2020-01-10 07:03:42.828000,8.88869,8.88573,1000000,1000000
2020-01-10 07:03:43.030000,8.88851,8.88573,1300000,1000000
2020-01-10 07:03:43.131000,8.88879,8.88607,1200000,1500000
2020-01-10 07:03:43.182000,8.88879,8.88622,1200000,1000000
2020-01-10 07:03:43.283000,8.88879,8.88623,1000000,1500000
2020-01-10 07:03:43.333000,8.88879,8.88612,1000000,1500000
2020-01-10 07:03:43.384000,8.88876,8.88613,1000000,1500000
2020-01-10 07:03:43.435000,8.88876,8.88613,1000000,1000000
2020-01-10 07:03:43.535000,8.88876,8.88632,1000000,1000000
2020-01-10 07:03:43.636000,8.88876,8.88601,1000000,1500000
2020-01-10 07:03:43.699000,8.88859,8.88602,1000000,1000000
2020-01-10 07:03:43.750000,8.88939,8.88667,1500000,1750000
2020-01-10 07:03:43.800000,8.88928,8.88728,1000000,1000000
2020-01-10 07:03:43.901000,8.89048,8.88765,1500000,1000000
2020-01-10 07:03:44.002000,8.89038,8.88765,1000000,1500000
2020-01-10 07:03:44.103000,8.89048,8.88758,1120000,1500000
2020-01-10 07:03:44.154000,8.8902,8.88758,1000000,1000000
2020-01-10 07:03:44.204000,8.8902,8.88755,1000000,1000000
2020-01-10 07:03:45.275000,8.89005,8.88755,1000000,1000000
2020-01-10 07:03:46.416000,8.89005,8.88763,1000000,1000000
2020-01-10 07:03:48.568000,8.89005,8.88761,1000000,1000000
2020-01-10 07:03:49.518000,8.89005,8.88761,1000000,1000000
2020-01-10 07:03:49.753000,8.89006,8.88766,1000000,1000000
2020-01-10 07:03:50.822000,8.89011,8.88766,1000000,1000000
2020-01-10 07:03:50.940000,8.89011,8.88766,1000000,1000000
2020-01-10 07:03:51.626000,8.89011,8.88757,1000000,1000000
2020-01-10 07:03:52.031000,8.8902,8.88749,1000000,1000000
2020-01-10 07:03:52.589000,8.8902,8.88751,1000000,1000000
2020-01-10 07:03:53.310000,8.89024,8.88749,1000000,2000000
2020-01-10 07:03:53.411000,8.89073,8.88802,1000000,1000000
2020-01-10 07:03:53.462000,8.89031,8.88773,1000000,1000000
2020-01-10 07:03:53.563000,8.89019,8.88722,1000000,1000000
2020-01-10 07:03:53.614000,8.88979,8.88691,1000000,1120000
2020-01-10 07:03:53.715000,8.88938,8.88708,1000000,1000000
2020-01-10 07:03:53.816000,8.88938,8.88732,1000000,1000000
2020-01-10 07:03:53.867000,8.88938,8.88679,1000000,1000000
2020-01-10 07:03:53.917000,8.88937,8.88697,1000000,1000000
2020-01-10 07:03:54.063000,8.88938,8.88734,1000000,1000000
2020-01-10 07:03:54.114000,8.88938,8.88715,1000000,1000000
2020-01-10 07:03:54.165000,8.88938,8.88682,1000000,1000000
2020-01-10 07:03:54.215000,8.88938,8.887,1000000,1250000
2020-01-10 07:03:54.266000,8.88938,8.88694,1000000,1000000
2020-01-10 07:03:54.316000,8.88938,8.8871,1000000,1000000
2020-01-10 07:03:54.367000,8.88938,8.88698,1000000,1000000
2020-01-10 07:03:54.468000,8.88937,8.88718,1000000,1000000
2020-01-10 07:03:54.569000,8.88938,8.88709,1000000,1000000
2020-01-10 07:03:54.670000,8.88938,8.88688,1000000,1000000
2020-01-10 07:03:54.771000,8.88938,8.88704,1000000,1000000
2020-01-10 07:03:54.872000,8.88937,8.887,1000000,1000000
2020-01-10 07:03:54.973000,8.88937,8.88676,1000000,1000000
2020-01-10 07:03:55.024000,8.88938,8.8871,1000000,1000000
2020-01-10 07:03:55.074000,8.88938,8.88694,1000000,1000000
2020-01-10 07:03:55.125000,8.88938,8.88705,1000000,1250000
2020-01-10 07:03:55.226000,8.88926,8.88705,1000000,1000000
2020-01-10 07:03:55.276000,8.88926,8.88689,1000000,1000000
2020-01-10 07:03:55.327000,8.88926,8.88697,1000000,1000000
2020-01-10 07:03:55.378000,8.88926,8.88694,1000000,1000000
2020-01-10 07:03:55.479000,8.88926,8.88688,1000000,1000000
2020-01-10 07:03:55.580000,8.88988,8.88691,1500000,1000000
2020-01-10 07:03:55.741000,8.88988,8.88691,1500000,1000000
2020-01-10 07:03:55.843000,8.88978,8.88693,1500000,1000000
2020-01-10 07:03:55.944000,8.88987,8.88698,1500000,1000000
2020-01-10 07:03:55.994000,8.88987,8.88708,1500000,1000000
2020-01-10 07:03:56.045000,8.88978,8.88708,1500000,1000000
2020-01-10 07:03:56.146000,8.88988,8.88691,1500000,1000000
2020-01-10 07:03:56.197000,8.88987,8.88693,1620000,1000000
2020-01-10 07:03:56.248000,8.88987,8.88693,1500000,1000000
2020-01-10 07:03:56.349000,8.88978,8.88707,1500000,1000000
2020-01-10 07:03:56.399000,8.88988,8.88724,1000000,1000000
2020-01-10 07:03:56.450000,8.88978,8.88724,1500000,1000000
2020-01-10 07:03:56.500000,8.88978,8.88707,1500000,1000000
2020-01-10 07:03:56.551000,8.88978,8.88707,1000000,1000000
2020-01-10 07:03:56.652000,8.88978,8.88712,1000000,1000000
2020-01-10 07:03:56.753000,8.88978,8.88729,1500000,1000000
2020-01-10 07:03:56.804000,8.88978,8.88677,1500000,1500000
2020-01-10 07:03:56.855000,8.88978,8.88688,1500000,1000000
2020-01-10 07:03:57.006000,8.88978,8.88679,1500000,1000000
2020-01-10 07:03:57.107000,8.88987,8.88733,1120000,1000000
2020-01-10 07:03:57.208000,8.88987,8.88739,1000000,1000000
2020-01-10 07:03:57.384000,8.88978,8.88689,1500000,1000000
2020-01-10 07:03:57.435000,8.88968,8.88689,1500000,1000000
2020-01-10 07:03:57.485000,8.88968,8.88672,1500000,1690000
2020-01-10 07:03:57.536000,8.88978,8.88727,1500000,1500000
2020-01-10 07:03:57.637000,8.88978,8.8877,1000000,1000000
2020-01-10 07:03:57.738000,8.88978,8.88797,1000000,1000000
2020-01-10 07:03:57.839000,8.88978,8.88793,1000000,1000000
2020-01-10 07:03:58.337000,8.88978,8.88792,1000000,1000000
2020-01-10 07:03:58.438000,8.88988,8.88789,1000000,1000000
2020-01-10 07:03:58.690000,8.88978,8.88789,1000000,1000000
2020-01-10 07:03:58.841000,8.88978,8.8879,1000000,1000000
2020-01-10 07:03:59.542000,8.8895,8.8879,1000000,1000000
2020-01-10 07:03:59.593000,8.88978,8.88774,1500000,1000000
2020-01-10 07:03:59.643000,8.88978,8.88774,1500000,1000000
2020-01-10 07:03:59.694000,8.88987,8.88715,1500000,1000000
2020-01-10 07:03:59.744000,8.88985,8.88715,1500000,1000000
2020-01-10 07:03:59.795000,8.88987,8.88718,1500000,1000000
2020-01-10 07:03:59.896000,8.88987,8.88732,1500000,1000000
2020-01-10 07:03:59.997000,8.88987,8.88732,1500000,1000000
2020-01-10 07:04:00.048000,8.88998,8.88732,1500000,1000000
2020-01-10 07:04:00.098000,8.88998,8.88756,1500000,1000000
2020-01-10 07:04:00.199000,8.88998,8.88724,1500000,1500000
2020-01-10 07:04:00.250000,8.88998,8.88726,1500000,1000000
2020-01-10 07:04:00.351000,8.88998,8.88723,1500000,1000000
2020-01-10 07:04:00.402000,8.88998,8.88711,1500000,1000000
2020-01-10 07:04:00.452000,8.88987,8.8871,1000000,1000000
2020-01-10 07:04:00.553000,8.88977,8.88713,1000000,1000000
2020-01-10 07:04:00.604000,8.88988,8.88713,1000000,1000000
2020-01-10 07:04:00.655000,8.88997,8.88732,1500000,1000000
2020-01-10 07:04:00.756000,8.88997,8.88727,1500000,1000000
2020-01-10 07:04:00.857000,8.88997,8.88709,1500000,1000000
2020-01-10 07:04:00.977000,8.88997,8.88709,1000000,1000000
2020-01-10 07:04:01.078000,8.88978,8.88709,1000000,1000000
2020-01-10 07:04:01.179000,8.88968,8.88703,1000000,1000000
2020-01-10 07:04:01.482000,8.88968,8.88696,1000000,1000000
2020-01-10 07:04:01.633000,8.88988,8.88696,1000000,1000000
2020-01-10 07:04:01.735000,8.89007,8.88709,1000000,1000000
2020-01-10 07:04:01.785000,8.89008,8.88721,1000000,1000000
2020-01-10 07:04:01.886000,8.89018,8.88723,1000000,1000000
2020-01-10 07:04:01.936000,8.89018,8.88744,1000000,1000000
2020-01-10 07:04:02.038000,8.88987,8.88757,1000000,1000000
2020-01-10 07:04:02.139000,8.88977,8.88772,1000000,1000000
2020-01-10 07:04:02.190000,8.88988,8.88772,1000000,1000000
2020-01-10 07:04:02.240000,8.88988,8.88774,1000000,1000000
2020-01-10 07:04:02.296000,8.88988,8.88772,1000000,1000000
2020-01-10 07:04:02.414000,8.89008,8.88772,1000000,1000000
2020-01-10 07:04:02.465000,8.88998,8.88772,1000000,1000000
2020-01-10 07:04:02.596000,8.88998,8.88777,1000000,1000000
2020-01-10 07:04:02.697000,8.88998,8.88767,1000000,1000000
2020-01-10 07:04:02.798000,8.88978,8.88771,1000000,1000000
2020-01-10 07:04:02.848000,8.88988,8.88771,1000000,1000000
2020-01-10 07:04:03,8.88988,8.88753,1000000,1000000
2020-01-10 07:04:03.051000,8.88968,8.88753,1000000,1000000
2020-01-10 07:04:03.152000,8.88968,8.88771,1000000,1000000
2020-01-10 07:04:03.203000,8.88968,8.88751,1000000,1000000
2020-01-10 07:04:03.354000,8.88968,8.8874,1000000,1000000
2020-01-10 07:04:03.719000,8.88968,8.8875,1000000,1000000
2020-01-10 07:04:03.820000,8.88968,8.88748,1000000,1000000
2020-01-10 07:04:03.921000,8.88968,8.88749,1000000,1000000
2020-01-10 07:04:03.972000,8.88968,8.88747,1000000,1000000
2020-01-10 07:04:04.459000,8.88968,8.88758,1000000,1000000
2020-01-10 07:04:04.561000,8.88978,8.88758,1000000,1000000
2020-01-10 07:04:04.713000,8.88978,8.88769,1000000,1000000
2020-01-10 07:04:05.213000,8.88978,8.88749,1000000,1000000
2020-01-10 07:04:05.263000,8.88968,8.8874,1000000,1000000
2020-01-10 07:04:05.364000,8.88968,8.88745,1000000,1000000
2020-01-10 07:04:05.465000,8.88968,8.8874,1000000,1000000
2020-01-10 07:04:05.516000,8.88968,8.88738,1000000,1000000
2020-01-10 07:04:06.100000,8.88968,8.8874,1000000,1000000
2020-01-10 07:04:06.394000,8.88977,8.8874,1000000,1000000
2020-01-10 07:04:07.334000,8.88977,8.88741,1000000,1000000
2020-01-10 07:04:07.435000,8.88977,8.88737,1000000,1000000
2020-01-10 07:04:07.536000,8.88998,8.88752,1000000,1000000
2020-01-10 07:04:07.775000,8.88993,8.88752,1000000,1000000
2020-01-10 07:04:07.826000,8.88988,8.88742,1000000,1000000
2020-01-10 07:04:07.977000,8.88998,8.88752,1000000,1000000
2020-01-10 07:04:08.078000,8.89008,8.88779,1000000,1000000
2020-01-10 07:04:08.179000,8.89028,8.88811,1000000,1500000
2020-01-10 07:04:08.230000,8.89058,8.88778,1000000,1000000
2020-01-10 07:04:08.280000,8.89074,8.88805,1000000,1000000
2020-01-10 07:04:08.381000,8.89105,8.88838,1000000,1000000
2020-01-10 07:04:08.432000,8.89125,8.88812,1000000,1000000
2020-01-10 07:04:08.483000,8.89125,8.88802,1000000,1000000
2020-01-10 07:04:08.533000,8.89093,8.88833,1000000,1000000
2020-01-10 07:04:08.584000,8.89093,8.88812,1000000,1000000
2020-01-10 07:04:08.685000,8.89112,8.88822,1000000,1000000
2020-01-10 07:04:08.735000,8.89077,8.88822,1000000,1000000
2020-01-10 07:04:08.836000,8.8907,8.88822,1000000,1000000
2020-01-10 07:04:08.887000,8.89106,8.88832,1000000,1000000
2020-01-10 07:04:08.988000,8.89108,8.88813,1000000,1000000
2020-01-10 07:04:09.089000,8.89091,8.88792,1000000,1620000
2020-01-10 07:04:09.203000,8.89089,8.88802,1000000,1000000
2020-01-10 07:04:09.253000,8.89121,8.88812,1000000,1500000
2020-01-10 07:04:09.304000,8.89118,8.8882,1000000,1500000
2020-01-10 07:04:09.355000,8.89089,8.88792,1000000,1500000
2020-01-10 07:04:09.405000,8.89089,8.88802,1000000,1500000
2020-01-10 07:04:09.456000,8.89095,8.88793,1000000,1500000
2020-01-10 07:04:09.557000,8.89108,8.88803,1000000,1500000
2020-01-10 07:04:09.607000,8.89089,8.88793,1000000,1500000
2020-01-10 07:04:09.708000,8.89091,8.88793,1000000,1500000
2020-01-10 07:04:09.759000,8.89086,8.88793,1000000,1500000
2020-01-10 07:04:10.015000,8.89077,8.88792,1000000,1500000
2020-01-10 07:04:10.116000,8.89108,8.88812,1000000,1500000
2020-01-10 07:04:10.369000,8.89108,8.88793,1000000,1500000
2020-01-10 07:04:10.469000,8.89103,8.88782,1000000,1500000
2020-01-10 07:04:10.570000,8.891,8.88782,1000000,1500000
2020-01-10 07:04:10.696000,8.89091,8.88799,1000000,1500000
2020-01-10 07:04:10.746000,8.89108,8.88799,1120000,1500000
2020-01-10 07:04:10.847000,8.89108,8.88799,1000000,1500000
2020-01-10 07:04:11.356000,8.89098,8.88796,1000000,1500000
2020-01-10 07:04:11.407000,8.89098,8.88796,1000000,1500000
2020-01-10 07:04:11.457000,8.89088,8.88792,1000000,1500000
2020-01-10 07:04:11.508000,8.89098,8.88808,1000000,1000000
2020-01-10 07:04:11.811000,8.89098,8.88804,1000000,1500000
2020-01-10 07:04:12.314000,8.89098,8.88809,1000000,1000000
2020-01-10 07:04:12.364000,8.89118,8.88813,1000000,1000000
2020-01-10 07:04:12.415000,8.89081,8.8882,1250000,1000000
2020-01-10 07:04:12.516000,8.89062,8.88819,1000000,1500000
2020-01-10 07:04:12.633000,8.89033,8.88742,1000000,1500000
2020-01-10 07:04:12.684000,8.89,8.88729,1000000,1500000
2020-01-10 07:04:12.735000,8.88955,8.88694,1000000,1000000
2020-01-10 07:04:12.786000,8.88912,8.88635,1000000,1000000
2020-01-10 07:04:12.887000,8.88928,8.88647,1000000,1500000
2020-01-10 07:04:12.988000,8.88931,8.88665,1690000,1500000
2020-01-10 07:04:13.190000,8.88941,8.88682,1000000,1500000
2020-01-10 07:04:13.291000,8.88941,8.88666,1000000,1500000
2020-01-10 07:04:13.659000,8.88965,8.88666,1000000,1500000
2020-01-10 07:04:13.710000,8.88963,8.88652,1250000,1500000
2020-01-10 07:04:13.761000,8.88946,8.88652,1000000,1500000
2020-01-10 07:04:13.862000,8.88932,8.88665,1000000,1500000
2020-01-10 07:04:13.964000,8.88902,8.88652,1000000,1000000
2020-01-10 07:04:14.015000,8.88772,8.88541,1000000,1000000
2020-01-10 07:04:14.117000,8.8871,8.88492,1000000,1000000
2020-01-10 07:04:14.248000,8.88671,8.88472,1000000,1000000
2020-01-10 07:04:14.299000,8.88671,8.88462,1000000,1000000
2020-01-10 07:04:14.400000,8.88671,8.88472,1000000,1000000
2020-01-10 07:04:14.501000,8.88671,8.88493,1000000,1000000
2020-01-10 07:04:14.602000,8.88686,8.88502,1000000,1000000
2020-01-10 07:04:14.653000,8.88686,8.88493,1000000,1000000
2020-01-10 07:04:14.855000,8.88686,8.88502,1000000,1000000
2020-01-10 07:04:14.956000,8.88686,8.88512,1000000,1000000
2020-01-10 07:04:15.058000,8.88708,8.88502,1000000,1000000
2020-01-10 07:04:15.108000,8.88708,8.88513,1000000,1000000
2020-01-10 07:04:15.210000,8.88708,8.88574,1000000,1000000
2020-01-10 07:04:15.260000,8.88794,8.88582,1000000,1000000
2020-01-10 07:04:15.311000,8.88802,8.88594,1250000,1000000
2020-01-10 07:04:15.412000,8.88802,8.88612,1250000,1000000
2020-01-10 07:04:15.564000,8.88802,8.88631,1250000,1000000
2020-01-10 07:04:15.615000,8.88802,8.88621,1250000,1000000
2020-01-10 07:04:15.666000,8.88802,8.886,1250000,1000000
2020-01-10 07:04:15.716000,8.88802,8.8864,1250000,1000000
2020-01-10 07:04:15.818000,8.88802,8.8859,1250000,1500000
2020-01-10 07:04:15.919000,8.88802,8.88617,1250000,1000000
2020-01-10 07:04:16.020000,8.88802,8.88602,1250000,1000000
2020-01-10 07:04:16.121000,8.88873,8.88593,1690000,1500000
2020-01-10 07:04:16.221000,8.88891,8.88593,1690000,1000000
2020-01-10 07:04:16.322000,8.8889,8.88593,1250000,1000000
2020-01-10 07:04:16.423000,8.8889,8.88596,1250000,1000000
2020-01-10 07:04:16.551000,8.88891,8.88596,1690000,1000000
2020-01-10 07:04:16.899000,8.88891,8.88596,1690000,1500000
2020-01-10 07:04:17,8.8889,8.88596,1250000,1500000
2020-01-10 07:04:17.102000,8.88919,8.88637,1690000,1000000
2020-01-10 07:04:17.153000,8.88919,8.88673,1000000,1000000
2020-01-10 07:04:17.203000,8.88937,8.88683,1000000,1000000
2020-01-10 07:04:17.254000,8.88937,8.88677,1000000,1500000
2020-01-10 07:04:17.305000,8.88965,8.88662,1000000,1500000
2020-01-10 07:04:17.355000,8.88965,8.88672,1000000,1500000
2020-01-10 07:04:17.406000,8.88954,8.88644,1000000,1500000
2020-01-10 07:04:17.507000,8.8899,8.88693,1000000,1500000
2020-01-10 07:04:17.608000,8.88951,8.88693,1250000,1000000
2020-01-10 07:04:17.659000,8.88932,8.88663,1000000,1000000
2020-01-10 07:04:17.709000,8.88928,8.88663,1000000,1000000
2020-01-10 07:04:17.811000,8.88972,8.88677,1250000,1000000
2020-01-10 07:04:17.861000,8.88934,8.88673,1000000,1000000
2020-01-10 07:04:17.962000,8.88934,8.88682,1000000,1000000
2020-01-10 07:04:18.013000,8.88982,8.88662,1250000,1500000
2020-01-10 07:04:18.063000,8.88949,8.88683,1000000,1000000
2020-01-10 07:04:18.165000,8.88944,8.88672,1250000,1000000
2020-01-10 07:04:18.215000,8.88927,8.88662,1000000,1000000
2020-01-10 07:04:18.358000,8.8892,8.88673,1000000,1000000
2020-01-10 07:04:18.459000,8.88894,8.88662,1000000,1000000
2020-01-10 07:04:18.509000,8.88894,8.88643,1000000,1500000
2020-01-10 07:04:18.560000,8.88894,8.88653,1000000,1500000
2020-01-10 07:04:18.610000,8.88992,8.88682,1500000,1500000
2020-01-10 07:04:18.661000,8.88919,8.88632,1250000,1500000
2020-01-10 07:04:18.762000,8.88919,8.88692,1000000,1000000
2020-01-10 07:04:18.813000,8.89006,8.88674,1000000,1000000
2020-01-10 07:04:18.863000,8.88966,8.88649,1000000,1500000
2020-01-10 07:04:18.914000,8.88965,8.88647,1000000,2000000
2020-01-10 07:04:18.964000,8.88965,8.88673,1000000,1000000
2020-01-10 07:04:19.015000,8.88992,8.88717,1000000,1000000
2020-01-10 07:04:19.116000,8.88976,8.88644,1000000,1500000
2020-01-10 07:04:19.166000,8.88976,8.88705,1000000,1000000
2020-01-10 07:04:19.217000,8.89025,8.88689,2000000,1000000
2020-01-10 07:04:19.267000,8.88985,8.88672,1250000,1500000
2020-01-10 07:04:19.318000,8.89022,8.88692,1000000,1500000
2020-01-10 07:04:19.369000,8.88986,8.88692,1250000,1000000
2020-01-10 07:04:19.470000,8.88993,8.88702,1250000,1000000
2020-01-10 07:04:19.571000,8.88956,8.88702,1000000,1000000
2020-01-10 07:04:19.672000,8.88956,8.88693,1250000,1000000
2020-01-10 07:04:19.722000,8.88933,8.88682,1000000,1000000
2020-01-10 07:04:19.823000,8.88961,8.88692,1000000,1000000
2020-01-10 07:04:19.924000,8.88936,8.88692,1000000,1000000
2020-01-10 07:04:20.025000,8.88907,8.88683,1250000,1000000
2020-01-10 07:04:20.126000,8.88941,8.88702,1000000,1000000
2020-01-10 07:04:20.227000,8.8897,8.88702,1250000,1000000
2020-01-10 07:04:20.328000,8.88946,8.88682,1000000,1000000
2020-01-10 07:04:20.429000,8.88911,8.88682,1250000,1000000
2020-01-10 07:04:20.530000,8.88947,8.88703,1000000,1000000
2020-01-10 07:04:20.631000,8.88935,8.88683,1000000,1000000
2020-01-10 07:04:20.682000,8.88914,8.88683,1250000,1000000
2020-01-10 07:04:20.783000,8.88913,8.88713,1000000,1000000
2020-01-10 07:04:20.833000,8.8894,8.88713,1000000,1000000
2020-01-10 07:04:20.934000,8.88938,8.88672,1000000,1000000
2020-01-10 07:04:20.985000,8.88916,8.88632,1250000,1500000
2020-01-10 07:04:21.086000,8.889,8.88674,1000000,1500000
2020-01-10 07:04:21.137000,8.8904,8.88727,1000000,1000000
2020-01-10 07:04:21.188000,8.8896,8.88678,1000000,1000000
2020-01-10 07:04:21.290000,8.88962,8.88663,1000000,1500000
2020-01-10 07:04:21.341000,8.88986,8.88662,1500000,1500000
2020-01-10 07:04:21.391000,8.88952,8.88662,1000000,1500000
2020-01-10 07:04:21.442000,8.88952,8.88652,1000000,1500000
2020-01-10 07:04:21.543000,8.88956,8.88662,1000000,1500000
2020-01-10 07:04:21.644000,8.88998,8.88662,1000000,1500000
2020-01-10 07:04:21.694000,8.88972,8.88652,1000000,1500000
2020-01-10 07:04:21.745000,8.88953,8.88652,1250000,1500000
2020-01-10 07:04:21.795000,8.88953,8.88662,1250000,1500000
2020-01-10 07:04:21.846000,8.88992,8.88672,1000000,1500000
2020-01-10 07:04:22.048000,8.88954,8.88662,1000000,1500000
2020-01-10 07:04:22.149000,8.88952,8.88662,1250000,1500000
2020-01-10 07:04:22.200000,8.88954,8.88672,1000000,1500000
2020-01-10 07:04:22.251000,8.88978,8.88672,1000000,1500000
2020-01-10 07:04:22.352000,8.88959,8.88652,1000000,1500000
2020-01-10 07:04:22.402000,8.88951,8.88662,1250000,1000000
2020-01-10 07:04:22.539000,8.88952,8.88673,1000000,1000000
2020-01-10 07:04:22.590000,8.88969,8.88652,1000000,1500000
2020-01-10 07:04:22.640000,8.88969,8.88672,1000000,1000000
2020-01-10 07:04:22.741000,8.89013,8.88672,1500000,1500000
2020-01-10 07:04:22.842000,8.8898,8.88672,1000000,1000000
2020-01-10 07:04:22.944000,8.88952,8.88672,1000000,1000000
2020-01-10 07:04:23.045000,8.88995,8.88682,1500000,1500000
2020-01-10 07:04:23.196000,8.88972,8.88672,1000000,1500000
2020-01-10 07:04:23.297000,8.88973,8.88672,1000000,1500000
2020-01-10 07:04:23.541000,8.88959,8.88662,1000000,1120000
2020-01-10 07:04:23.592000,8.88949,8.88662,1000000,1120000
2020-01-10 07:04:23.693000,8.88949,8.88662,1000000,1500000
2020-01-10 07:04:23.794000,8.88992,8.88683,1000000,1500000
2020-01-10 07:04:24.084000,8.88993,8.88683,1000000,1500000
2020-01-10 07:04:24.602000,8.88994,8.88653,1500000,1500000
2020-01-10 07:04:24.653000,8.88969,8.88653,1000000,1500000
2020-01-10 07:04:24.754000,8.88952,8.88662,1000000,1500000
2020-01-10 07:04:24.805000,8.88969,8.88662,1000000,1500000
2020-01-10 07:04:24.922000,8.88998,8.88669,1500000,1500000
2020-01-10 07:04:25.023000,8.88997,8.88673,1250000,1500000
2020-01-10 07:04:25.309000,8.88998,8.88679,1500000,1500000
2020-01-10 07:04:26.192000,8.88969,8.88652,1000000,1500000
2020-01-10 07:04:26.243000,8.88983,8.88657,1000000,1500000
2020-01-10 07:04:26.293000,8.88982,8.88663,1000000,1500000
2020-01-10 07:04:26.394000,8.88983,8.88672,1000000,1500000
2020-01-10 07:04:26.445000,8.89001,8.8868,1000000,1500000
2020-01-10 07:04:26.495000,8.88997,8.88679,1000000,1500000
2020-01-10 07:04:26.596000,8.88967,8.88652,1000000,1500000
2020-01-10 07:04:26.647000,8.88968,8.88652,1000000,1500000
2020-01-10 07:04:26.698000,8.88965,8.88652,1000000,1500000
2020-01-10 07:04:26.799000,8.88983,8.88725,1000000,1000000
2020-01-10 07:04:26.900000,8.8898,8.88725,1000000,1000000
2020-01-10 07:04:27.331000,8.88981,8.88725,1000000,1000000
2020-01-10 07:04:27.526000,8.88981,8.88743,1000000,1000000
2020-01-10 07:04:27.576000,8.88993,8.88739,1000000,1000000
2020-01-10 07:04:27.627000,8.89037,8.88769,1000000,1000000
2020-01-10 07:04:27.678000,8.89013,8.88805,1000000,1000000
2020-01-10 07:04:27.780000,8.89,8.88708,1500000,1000000
2020-01-10 07:04:27.881000,8.89011,8.88726,1500000,1000000
2020-01-10 07:04:27.982000,8.89018,8.88736,1500000,1000000
2020-01-10 07:04:29.116000,8.88993,8.88736,1500000,1000000
2020-01-10 07:04:29.167000,8.88973,8.88732,1000000,1000000
2020-01-10 07:04:29.268000,8.88917,8.88688,1000000,1000000
2020-01-10 07:04:29.396000,8.88903,8.88648,1000000,1250000
2020-01-10 07:04:29.447000,8.88908,8.88639,1000000,1000000
2020-01-10 07:04:29.498000,8.88928,8.88639,1500000,1500000
2020-01-10 07:04:29.548000,8.88928,8.8867,1000000,1000000
2020-01-10 07:04:29.649000,8.88928,8.88671,1000000,1000000
2020-01-10 07:04:29.700000,8.88922,8.88649,1500000,1000000
2020-01-10 07:04:29.801000,8.88928,8.88664,1000000,1000000
2020-01-10 07:04:29.902000,8.88928,8.88688,1000000,1000000
2020-01-10 07:04:30.003000,8.88928,8.8869,1000000,1000000
2020-01-10 07:04:30.104000,8.88918,8.88657,1000000,1000000
2020-01-10 07:04:30.415000,8.88928,8.88657,1500000,1000000
2020-01-10 07:04:30.465000,8.88918,8.88657,1000000,1000000
2020-01-10 07:04:30.617000,8.88948,8.88689,1500000,1000000
2020-01-10 07:04:30.718000,8.88918,8.88703,1000000,1000000
2020-01-10 07:04:30.820000,8.88928,8.88699,1000000,1000000
2020-01-10 07:04:30.921000,8.88997,8.8873,1500000,1000000
2020-01-10 07:04:30.971000,8.88997,8.88746,1000000,1500000
2020-01-10 07:04:31.092000,8.8896,8.88714,1000000,1750000
2020-01-10 07:04:31.143000,8.88966,8.88691,1500000,1250000
2020-01-10 07:04:31.194000,8.88985,8.88703,1500000,1000000
2020-01-10 07:04:31.447000,8.88984,8.88718,1500000,1000000
2020-01-10 07:04:31.548000,8.88988,8.88727,1500000,1250000
2020-01-10 07:04:32.106000,8.88998,8.88726,1500000,1250000
2020-01-10 07:04:32.207000,8.88948,8.88733,1000000,1000000
2020-01-10 07:04:32.258000,8.88978,8.88739,1000000,1000000
2020-01-10 07:04:32.359000,8.88988,8.88739,1000000,1500000
2020-01-10 07:04:32.409000,8.88988,8.88739,1000000,1500000
2020-01-10 07:04:32.510000,8.88988,8.88739,1000000,1500000
2020-01-10 07:04:32.561000,8.88978,8.88739,1000000,1500000
2020-01-10 07:04:32.662000,8.88948,8.88762,1000000,1500000
2020-01-10 07:04:32.712000,8.88928,8.88742,1000000,1000000
2020-01-10 07:04:33.066000,8.88918,8.88732,1000000,1000000
2020-01-10 07:04:33.117000,8.88907,8.88713,1000000,1000000
2020-01-10 07:04:33.167000,8.88907,8.88719,1000000,1000000
2020-01-10 07:04:33.305000,8.88907,8.88735,1000000,1000000
2020-01-10 07:04:33.355000,8.88907,8.88713,1000000,1000000
2020-01-10 07:04:33.406000,8.88907,8.88708,1000000,1000000
2020-01-10 07:04:33.507000,8.88886,8.88683,1000000,1000000
2020-01-10 07:04:33.558000,8.88879,8.88662,1000000,1000000
2020-01-10 07:04:33.609000,8.88893,8.88672,1500000,1000000
2020-01-10 07:04:33.659000,8.88918,8.88632,1500000,1000000
2020-01-10 07:04:33.710000,8.88924,8.88688,1000000,1000000
2020-01-10 07:04:33.761000,8.88951,8.88707,1500000,1000000
2020-01-10 07:04:33.862000,8.88951,8.88707,1500000,1000000
2020-01-10 07:04:33.963000,8.88948,8.88669,2370000,1000000
2020-01-10 07:04:34.064000,8.88941,8.88662,1500000,1000000
2020-01-10 07:04:34.165000,8.88946,8.88684,1500000,1000000
2020-01-10 07:04:34.366000,8.88947,8.88691,1000000,1000000
2020-01-10 07:04:34.532000,8.88952,8.887,1000000,1250000
2020-01-10 07:04:34.634000,8.88998,8.88789,1000000,1000000
2020-01-10 07:04:34.735000,8.89007,8.88801,1000000,1000000
2020-01-10 07:04:34.836000,8.88967,8.88749,1000000,1000000
2020-01-10 07:04:34.937000,8.88998,8.88714,1500000,1000000
2020-01-10 07:04:35.038000,8.88971,8.88711,1000000,1000000
2020-01-10 07:04:35.127000,8.88992,8.88714,1000000,1000000
2020-01-10 07:04:35.178000,8.88994,8.88714,1500000,1500000
2020-01-10 07:04:35.229000,8.88971,8.88714,1500000,1000000
2020-01-10 07:04:35.280000,8.88963,8.88708,1500000,1000000
2020-01-10 07:04:35.382000,8.8897,8.88708,1000000,1500000
2020-01-10 07:04:35.432000,8.8897,8.88719,1000000,1000000
2020-01-10 07:04:35.590000,8.88962,8.88719,1000000,1000000
2020-01-10 07:04:35.641000,8.88955,8.88704,1500000,1000000
2020-01-10 07:04:35.692000,8.88933,8.88704,1500000,1000000
2020-01-10 07:04:35.743000,8.88933,8.88657,1500000,1000000
2020-01-10 07:04:35.794000,8.88927,8.88657,1500000,1000000
2020-01-10 07:04:35.845000,8.88938,8.88665,1500000,1000000
2020-01-10 07:04:35.896000,8.88978,8.88711,1000000,1000000
2020-01-10 07:04:35.947000,8.88967,8.88726,1000000,1000000
2020-01-10 07:04:36.048000,8.88917,8.88692,1000000,1000000
2020-01-10 07:04:36.099000,8.88951,8.88692,1000000,1000000
2020-01-10 07:04:36.150000,8.88952,8.8871,1000000,1000000
2020-01-10 07:04:36.251000,8.88948,8.8871,1000000,1000000
2020-01-10 07:04:36.352000,8.88958,8.88733,1000000,1000000
2020-01-10 07:04:36.402000,8.88978,8.88751,1000000,1000000
2020-01-10 07:04:36.453000,8.88978,8.88756,1000000,1000000
2020-01-10 07:04:36.554000,8.8893,8.88697,1000000,1000000
2020-01-10 07:04:36.605000,8.88978,8.88703,1500000,1000000
2020-01-10 07:04:36.656000,8.88937,8.88693,1000000,1000000
2020-01-10 07:04:36.707000,8.88958,8.88712,1000000,1000000
2020-01-10 07:04:36.758000,8.88938,8.88695,1000000,1000000
2020-01-10 07:04:36.846000,8.88948,8.88695,1500000,1000000
2020-01-10 07:04:36.898000,8.88943,8.88689,1500000,1000000
2020-01-10 07:04:36.999000,8.88953,8.88664,1500000,1000000
2020-01-10 07:04:37.049000,8.88987,8.88724,1000000,1000000
2020-01-10 07:04:37.150000,8.8897,8.88757,1000000,1000000
2020-01-10 07:04:37.201000,8.88961,8.88701,1500000,1000000
2020-01-10 07:04:37.251000,8.88955,8.88701,1000000,1000000
2020-01-10 07:04:37.302000,8.88962,8.88701,1500000,1000000
2020-01-10 07:04:37.353000,8.8898,8.88701,1500000,1000000
2020-01-10 07:04:37.403000,8.88987,8.88712,1500000,1000000
2020-01-10 07:04:37.554000,8.88987,8.88721,1500000,1250000
2020-01-10 07:04:37.655000,8.8896,8.88735,1120000,1000000
2020-01-10 07:04:37.706000,8.88948,8.88712,1000000,1000000
2020-01-10 07:04:37.757000,8.88948,8.8868,1000000,1000000
2020-01-10 07:04:37.858000,8.88952,8.88701,1000000,1000000
2020-01-10 07:04:37.959000,8.88922,8.88648,1000000,1000000
2020-01-10 07:04:38.060000,8.89006,8.88719,1000000,1000000
2020-01-10 07:04:38.110000,8.88988,8.88719,1000000,1000000
2020-01-10 07:04:38.161000,8.88978,8.88691,1500000,1000000
2020-01-10 07:04:38.262000,8.88958,8.8866,1500000,1000000
2020-01-10 07:04:38.363000,8.88975,8.88686,1500000,1000000
2020-01-10 07:04:38.413000,8.88975,8.8869,1500000,1250000
2020-01-10 07:04:38.464000,8.88988,8.88701,1000000,1000000
2020-01-10 07:04:38.515000,8.88979,8.88727,1000000,1000000
2020-01-10 07:04:38.616000,8.88949,8.88703,1500000,1000000
2020-01-10 07:04:38.666000,8.88956,8.8871,1120000,1000000
2020-01-10 07:04:39.077000,8.88939,8.88699,1500000,1000000
2020-01-10 07:04:39.128000,8.88941,8.88699,1000000,1000000
2020-01-10 07:04:39.229000,8.88969,8.88693,1000000,1000000
2020-01-10 07:04:39.330000,8.88973,8.88716,1500000,1000000
2020-01-10 07:04:39.380000,8.88977,8.88695,1500000,1000000
2020-01-10 07:04:39.431000,8.88966,8.88695,1500000,1000000
2020-01-10 07:04:39.481000,8.88957,8.8873,1000000,1000000
2020-01-10 07:04:39.582000,8.88944,8.88683,1500000,1000000
2020-01-10 07:04:39.633000,8.88967,8.88696,1000000,1000000
2020-01-10 07:04:39.683000,8.88941,8.88718,1000000,1250000
2020-01-10 07:04:39.784000,8.88957,8.88701,1000000,1000000
2020-01-10 07:04:39.835000,8.88968,8.88735,1000000,1000000
2020-01-10 07:04:39.885000,8.88978,8.88741,1000000,1000000
2020-01-10 07:04:39.936000,8.88988,8.88741,1500000,1000000
2020-01-10 07:04:39.987000,8.88952,8.88715,1000000,1000000
2020-01-10 07:04:40.037000,8.88997,8.88715,1500000,1000000
2020-01-10 07:04:40.088000,8.88989,8.8872,1500000,1000000
2020-01-10 07:04:40.189000,8.88969,8.88703,1500000,1000000
2020-01-10 07:04:40.290000,8.88962,8.88694,1120000,1000000
2020-01-10 07:04:40.391000,8.88962,8.887,1000000,1000000
2020-01-10 07:04:40.492000,8.88984,8.88718,1500000,1000000
2020-01-10 07:04:40.593000,8.88958,8.88718,1000000,1000000
2020-01-10 07:04:40.694000,8.88937,8.88669,1500000,1000000
2020-01-10 07:04:40.745000,8.88918,8.88669,1500000,1000000
2020-01-10 07:04:40.795000,8.88913,8.88646,1500000,1000000
2020-01-10 07:04:40.846000,8.889,8.88646,1000000,1000000
2020-01-10 07:04:40.997000,8.88908,8.88646,1000000,1000000
2020-01-10 07:04:41.342000,8.88929,8.88652,1500000,1000000
2020-01-10 07:04:41.443000,8.88978,8.88732,1000000,1250000
2020-01-10 07:04:41.493000,8.88988,8.88732,1000000,1250000
2020-01-10 07:04:41.544000,8.88957,8.88725,1000000,1000000
2020-01-10 07:04:41.645000,8.88953,8.88654,1500000,1000000
2020-01-10 07:04:41.746000,8.88941,8.88682,1500000,1000000
2020-01-10 07:04:41.796000,8.88948,8.88678,1000000,1250000
2020-01-10 07:04:41.847000,8.88958,8.88686,1000000,1000000
2020-01-10 07:04:41.948000,8.88978,8.88709,1500000,1000000
2020-01-10 07:04:41.999000,8.88978,8.88709,1000000,1000000
2020-01-10 07:04:42.049000,8.88949,8.88696,1000000,1000000
2020-01-10 07:04:42.100000,8.88998,8.88699,1000000,1000000
2020-01-10 07:04:42.151000,8.8895,8.88718,1000000,1000000
2020-01-10 07:04:42.201000,8.88983,8.88718,1500000,1000000
2020-01-10 07:04:42.252000,8.88972,8.88694,1500000,1000000
2020-01-10 07:04:42.353000,8.88998,8.88695,2000000,1000000
2020-01-10 07:04:42.403000,8.88945,8.88695,1000000,1000000
2020-01-10 07:04:42.454000,8.88954,8.88672,1500000,1000000
2020-01-10 07:04:42.504000,8.88949,8.88682,1500000,1000000
2020-01-10 07:04:43.012000,8.88941,8.88673,1500000,1000000
2020-01-10 07:04:43.235000,8.88933,8.88662,1750000,1000000
2020-01-10 07:04:43.489000,8.88931,8.88673,1500000,1000000
2020-01-10 07:04:43.590000,8.88931,8.88672,1500000,1000000
2020-01-10 07:04:43.770000,8.88931,8.88662,1500000,1000000
2020-01-10 07:04:43.907000,8.88931,8.88673,1500000,1000000
2020-01-10 07:04:45.021000,8.88858,8.88662,1000000,1000000
2020-01-10 07:04:45.243000,8.88868,8.88672,1000000,1500000
2020-01-10 07:04:45.395000,8.88898,8.88702,1000000,1000000
2020-01-10 07:04:45.496000,8.88888,8.8871,1000000,1000000
2020-01-10 07:04:45.627000,8.88868,8.88709,1000000,1000000
2020-01-10 07:04:45.677000,8.88868,8.88685,1000000,1000000
2020-01-10 07:04:45.779000,8.88878,8.88682,1000000,1000000
2020-01-10 07:04:45.880000,8.88878,8.88709,1000000,1000000
2020-01-10 07:04:45.982000,8.88878,8.8869,1000000,1000000
2020-01-10 07:04:46.083000,8.88878,8.88699,1000000,1000000
2020-01-10 07:04:46.184000,8.88808,8.88699,1000000,1000000
2020-01-10 07:04:46.286000,8.88626,8.88585,1000000,1000000
2020-01-10 07:04:46.336000,8.8868,8.88585,1000000,1000000
2020-01-10 07:04:46.387000,8.88618,8.8839,1000000,1000000
2020-01-10 07:04:46.488000,8.88671,8.88372,1200000,1000000
2020-01-10 07:04:46.539000,8.88671,8.88382,1500000,1000000
2020-01-10 07:04:46.590000,8.88749,8.88382,1700000,1000000
2020-01-10 07:04:46.892000,8.88729,8.88369,1500000,1500000
2020-01-10 07:04:47.895000,8.88734,8.88383,1500000,1000000
2020-01-10 07:04:48.154000,8.88734,8.88377,1500000,1000000
2020-01-10 07:04:48.369000,8.88747,8.88387,1000000,1000000
2020-01-10 07:04:48.470000,8.88765,8.88402,1500000,1000000
2020-01-10 07:04:48.755000,8.88684,8.88389,1000000,1000000
2020-01-10 07:04:48.805000,8.88684,8.88383,1000000,1000000
2020-01-10 07:04:48.906000,8.88683,8.88423,1000000,1000000
2020-01-10 07:04:49.008000,8.8867,8.88422,1000000,1000000
2020-01-10 07:04:49.109000,8.8867,8.88452,1000000,1000000
2020-01-10 07:04:49.160000,8.8867,8.88443,1000000,1000000
2020-01-10 07:04:49.211000,8.88669,8.88432,1000000,1000000
2020-01-10 07:04:49.311000,8.88721,8.88432,1000000,1000000
2020-01-10 07:04:49.362000,8.88721,8.88452,1000000,1000000
2020-01-10 07:04:49.469000,8.88721,8.88432,1000000,1000000
2020-01-10 07:04:49.520000,8.88721,8.88462,1000000,1000000
2020-01-10 07:04:49.570000,8.88721,8.88453,1000000,1000000
2020-01-10 07:04:49.621000,8.88754,8.88462,1500000,1000000
2020-01-10 07:04:49.722000,8.88758,8.88472,1500000,1000000
2020-01-10 07:04:49.874000,8.88748,8.88462,1000000,1000000
2020-01-10 07:04:49.962000,8.88738,8.88452,1000000,1000000
2020-01-10 07:04:50.313000,8.88748,8.88462,1000000,1000000
2020-01-10 07:04:50.414000,8.88738,8.88452,1000000,1000000
2020-01-10 07:04:50.515000,8.88728,8.88442,1000000,1120000
2020-01-10 07:04:51.213000,8.88748,8.88462,1000000,1000000
2020-01-10 07:04:51.314000,8.88727,8.88443,1000000,1000000
2020-01-10 07:04:51.415000,8.88748,8.88462,1000000,1000000
2020-01-10 07:04:51.547000,8.88737,8.88453,1000000,1000000
2020-01-10 07:04:51.598000,8.88748,8.88462,1000000,1000000
2020-01-10 07:04:51.749000,8.88738,8.88452,1000000,1000000
2020-01-10 07:04:51.965000,8.88748,8.88462,1000000,1000000
2020-01-10 07:04:52.328000,8.88738,8.88452,1000000,1000000
2020-01-10 07:04:52.464000,8.88757,8.88473,1000000,1000000
2020-01-10 07:04:52.565000,8.88748,8.88462,1000000,1000000
2020-01-10 07:04:52.620000,8.88758,8.88472,1000000,1000000
2020-01-10 07:04:53.130000,8.88748,8.88462,1000000,1000000
2020-01-10 07:04:53.298000,8.88738,8.88452,1000000,1000000
2020-01-10 07:04:55.179000,8.88748,8.88462,1000000,1000000
2020-01-10 07:04:55.498000,8.88738,8.88452,1000000,1120000
2020-01-10 07:04:55.599000,8.88737,8.88453,1000000,1000000
2020-01-10 07:04:55.715000,8.88728,8.88446,1000000,1250000
2020-01-10 07:04:55.816000,8.88739,8.88492,1000000,1000000
2020-01-10 07:04:56.219000,8.88718,8.88472,1000000,1000000
2020-01-10 07:04:56.270000,8.88717,8.88483,1000000,1000000
2020-01-10 07:04:56.320000,8.88728,8.88472,1500000,1000000
2020-01-10 07:04:56.371000,8.88716,8.88472,1000000,1000000
2020-01-10 07:04:56.472000,8.88716,8.88482,1000000,1000000
2020-01-10 07:04:56.623000,8.88716,8.88482,1000000,1000000
2020-01-10 07:04:56.674000,8.88716,8.88472,1000000,1000000
2020-01-10 07:04:56.775000,8.88708,8.88462,1000000,1000000
2020-01-10 07:04:56.881000,8.88716,8.88472,1000000,1000000
2020-01-10 07:04:56.982000,8.88698,8.88462,1000000,1000000
2020-01-10 07:04:57.285000,8.88678,8.88442,1000000,1000000
