time,ask,bid,ask_volume,bid_volume
2022-08-18 07:55:00.129000,9.72379,9.71923,2100000,2100000
2022-08-18 07:55:00.488000,9.72379,9.71922,2100000,2100000
2022-08-18 07:55:00.539000,9.72368,9.71922,2100000,2100000
2022-08-18 07:55:00.640000,9.72375,9.71973,2100000,1500000
2022-08-18 07:55:00.741000,9.72349,9.71923,2100000,2100000
2022-08-18 07:55:00.892000,9.7235,9.71922,2100000,2100000
2022-08-18 07:55:00.943000,9.72371,9.71922,2100000,2100000
2022-08-18 07:55:01.185000,9.72369,9.71922,2100000,2100000
2022-08-18 07:55:01.236000,9.72371,9.71922,2100000,2100000
2022-08-18 07:55:01.438000,9.72379,9.71923,2100000,2100000
2022-08-18 07:55:01.539000,9.72379,9.71923,2100000,2100000
2022-08-18 07:55:01.690000,9.7238,9.71922,2100000,2100000
2022-08-18 07:55:02.060000,9.7238,9.71922,2100000,2100000
2022-08-18 07:55:02.743000,9.72388,9.71922,2100000,2100000
2022-08-18 07:55:02.902000,9.72425,9.71935,2100000,2100000
2022-08-18 07:55:02.953000,9.72424,9.71963,2100000,2100000
2022-08-18 07:55:03.061000,9.72425,9.71962,2100000,2100000
2022-08-18 07:55:03.611000,9.72412,9.71962,2100000,2100000
2022-08-18 07:55:04.346000,9.72412,9.71953,2100000,2100000
2022-08-18 07:55:04.525000,9.72412,9.7196,2100000,2100000
2022-08-18 07:55:04.728000,9.72411,9.71961,2100000,2100000
2022-08-18 07:55:05.210000,9.72411,9.71961,2100000,2100000
2022-08-18 07:55:05.311000,9.72411,9.71958,2100000,2100000
2022-08-18 07:55:08.803000,9.72373,9.71963,2100000,2100000
2022-08-18 07:55:08.959000,9.72405,9.7193,2100000,2100000
2022-08-18 07:55:09.384000,9.72405,9.71963,2100000,2100000
2022-08-18 07:55:09.569000,9.72405,9.71963,2100000,2100000
2022-08-18 07:55:09.720000,9.72416,9.71955,2100000,2100000
2022-08-18 07:55:09.821000,9.72418,9.71966,2100000,2100000
2022-08-18 07:55:10.200000,9.72424,9.71966,2100000,2100000
2022-08-18 07:55:10.352000,9.72427,9.71972,2100000,2100000
2022-08-18 07:55:10.554000,9.7243,9.71995,2100000,2100000
2022-08-18 07:55:10.657000,9.7243,9.71995,2100000,2100000
2022-08-18 07:55:10.861000,9.7243,9.71995,2100000,2100000
2022-08-18 07:55:10.920000,9.7243,9.71995,2100000,2100000
2022-08-18 07:55:11.273000,9.72368,9.72022,1500000,2100000
2022-08-18 07:55:11.374000,9.72412,9.72022,2100000,2100000
2022-08-18 07:55:11.525000,9.7243,9.72022,2100000,2100000
2022-08-18 07:55:11.626000,9.7254,9.72064,2100000,2100000
2022-08-18 07:55:11.677000,9.72583,9.72065,1800000,2100000
2022-08-18 07:55:11.878000,9.72618,9.72022,1800000,1800000
2022-08-18 07:55:12.080000,9.7259,9.72032,1800000,1800000
2022-08-18 07:55:12.401000,9.72584,9.72033,1800000,1800000
2022-08-18 07:55:12.452000,9.72608,9.72032,1800000,1800000
2022-08-18 07:55:12.603000,9.72589,9.72033,1800000,3300000
2022-08-18 07:55:13.318000,9.72589,9.72033,1800000,1800000
2022-08-18 07:55:13.999000,9.7258,9.72032,1800000,2280000
2022-08-18 07:55:14.150000,9.72575,9.72052,1800000,1800000
2022-08-18 07:55:14.352000,9.72543,9.72027,1800000,1800000
2022-08-18 07:55:14.554000,9.72568,9.72052,1800000,1800000
2022-08-18 07:55:14.755000,9.72539,9.72053,1800000,1800000
2022-08-18 07:55:15.155000,9.7254,9.72062,1800000,1800000
2022-08-18 07:55:15.354000,9.7254,9.72062,1800000,1800000
2022-08-18 07:55:15.524000,9.7254,9.72062,1800000,1800000
2022-08-18 07:55:15.756000,9.7254,9.72062,1800000,1800000
2022-08-18 07:55:15.908000,9.72539,9.72063,1800000,1800000
2022-08-18 07:55:16.109000,9.7254,9.72062,1800000,1800000
2022-08-18 07:55:16.305000,9.72528,9.72062,1800000,1800000
2022-08-18 07:55:16.507000,9.72516,9.72062,1800000,1800000
2022-08-18 07:55:16.659000,9.7254,9.72062,1800000,1800000
2022-08-18 07:55:16.928000,9.72525,9.72077,2100000,2100000
2022-08-18 07:55:17.088000,9.72524,9.72082,2100000,2100000
2022-08-18 07:55:17.189000,9.72525,9.72077,2100000,2100000
2022-08-18 07:55:17.262000,9.72525,9.72077,2100000,2100000
2022-08-18 07:55:17.497000,9.72525,9.72077,2100000,2100000
2022-08-18 07:55:17.547000,9.72525,9.72072,2100000,2100000
2022-08-18 07:55:17.945000,9.72525,9.72072,2100000,2100000
2022-08-18 07:55:18.926000,9.72525,9.72072,2100000,2100000
2022-08-18 07:55:19.078000,9.72534,9.7207,2100000,2100000
2022-08-18 07:55:19.179000,9.72512,9.7207,2100000,2100000
2022-08-18 07:55:19.279000,9.72512,9.72062,2100000,2100000
2022-08-18 07:55:19.380000,9.72512,9.72062,2100000,2100000
2022-08-18 07:55:19.590000,9.72511,9.72071,2100000,2100000
2022-08-18 07:55:19.752000,9.72512,9.7207,2100000,2100000
2022-08-18 07:55:20.141000,9.72512,9.72062,2100000,2100000
2022-08-18 07:55:22.826000,9.72517,9.72065,2100000,2100000
2022-08-18 07:55:23.234000,9.72511,9.72066,2100000,2100000
2022-08-18 07:55:23.596000,9.72462,9.72047,2100000,2100000
2022-08-18 07:55:23.646000,9.72462,9.72047,2100000,2100000
2022-08-18 07:55:23.697000,9.72462,9.72025,2100000,2100000
2022-08-18 07:55:23.748000,9.72485,9.72043,2100000,2100000
2022-08-18 07:55:23.849000,9.7251,9.72025,2100000,2100000
2022-08-18 07:55:23.950000,9.7252,9.72072,2100000,1640000
2022-08-18 07:55:24,9.72499,9.72073,2100000,2100000
2022-08-18 07:55:24.108000,9.725,9.72054,2100000,2100000
2022-08-18 07:55:24.158000,9.725,9.72064,2100000,2100000
2022-08-18 07:55:24.360000,9.725,9.72054,2100000,2100000
2022-08-18 07:55:24.461000,9.725,9.72064,2100000,2100000
2022-08-18 07:55:24.517000,9.725,9.72071,2100000,2100000
2022-08-18 07:55:24.632000,9.725,9.72079,2100000,2100000
2022-08-18 07:55:24.683000,9.725,9.7207,2100000,2100000
2022-08-18 07:55:24.733000,9.725,9.7207,2100000,2100000
2022-08-18 07:55:24.858000,9.725,9.72079,2100000,2100000
2022-08-18 07:55:25.029000,9.725,9.72079,2100000,2100000
2022-08-18 07:55:25.130000,9.725,9.72073,2100000,2100000
2022-08-18 07:55:25.258000,9.725,9.72073,2100000,2100000
2022-08-18 07:55:25.361000,9.725,9.72072,2100000,2100000
2022-08-18 07:55:25.442000,9.72499,9.72073,2100000,2100000
2022-08-18 07:55:25.582000,9.725,9.72072,2100000,2100000
2022-08-18 07:55:25.787000,9.725,9.72081,2100000,2100000
2022-08-18 07:55:26.475000,9.725,9.7208,2100000,2100000
2022-08-18 07:55:27.237000,9.7252,9.7208,2100000,2100000
2022-08-18 07:55:27.373000,9.7252,9.72071,2100000,2100000
2022-08-18 07:55:28.489000,9.7252,9.72071,2100000,2100000
2022-08-18 07:55:28.746000,9.72519,9.72081,2100000,2100000
2022-08-18 07:55:28.877000,9.7252,9.72071,2100000,2100000
2022-08-18 07:55:28.927000,9.7252,9.7208,2100000,2100000
2022-08-18 07:55:31.558000,9.7252,9.7208,2100000,2100000
2022-08-18 07:55:32.118000,9.72517,9.72058,2100000,2100000
2022-08-18 07:55:32.219000,9.72491,9.72058,2100000,2100000
2022-08-18 07:55:32.325000,9.72482,9.72058,2100000,2100000
2022-08-18 07:55:32.376000,9.72491,9.72058,2100000,2100000
2022-08-18 07:55:32.577000,9.72462,9.72055,2100000,2100000
2022-08-18 07:55:32.688000,9.72491,9.72061,2100000,2100000
2022-08-18 07:55:32.739000,9.72491,9.72061,2100000,2100000
2022-08-18 07:55:32.906000,9.72491,9.72053,2100000,2100000
2022-08-18 07:55:33.007000,9.72449,9.72053,2100000,2100000
2022-08-18 07:55:33.240000,9.72443,9.72045,2100000,2100000
2022-08-18 07:55:33.562000,9.72491,9.72046,2100000,2100000
2022-08-18 07:55:33.677000,9.72491,9.72045,2100000,2100000
2022-08-18 07:55:34.285000,9.72491,9.72045,2100000,2100000
2022-08-18 07:55:34.537000,9.7249,9.72052,2100000,2100000
2022-08-18 07:55:34.587000,9.72488,9.72051,2100000,2100000
2022-08-18 07:55:34.805000,9.72495,9.72045,2100000,2100000
2022-08-18 07:55:35.130000,9.72444,9.72046,2100000,2100000
2022-08-18 07:55:35.324000,9.72445,9.72051,2100000,2100000
2022-08-18 07:55:35.425000,9.72445,9.72051,2100000,2100000
2022-08-18 07:55:35.832000,9.72445,9.72055,2100000,2100000
2022-08-18 07:55:35.935000,9.72445,9.72045,2100000,2100000
2022-08-18 07:55:36.184000,9.72445,9.72045,2100000,2100000
2022-08-18 07:55:36.235000,9.72463,9.72055,2100000,2100000
2022-08-18 07:55:36.531000,9.72456,9.7206,2100000,2100000
2022-08-18 07:55:36.884000,9.72529,9.7206,2100000,2100000
2022-08-18 07:55:36.985000,9.72529,9.72064,2100000,2100000
2022-08-18 07:55:37.086000,9.72529,9.72113,1200000,2100000
2022-08-18 07:55:37.296000,9.72587,9.72113,2100000,2100000
2022-08-18 07:55:37.346000,9.7261,9.72111,2100000,2100000
2022-08-18 07:55:37.397000,9.7261,9.72134,2100000,1640000
2022-08-18 07:55:37.448000,9.7261,9.72084,2100000,2100000
2022-08-18 07:55:37.498000,9.7261,9.72094,2100000,2100000
2022-08-18 07:55:37.750000,9.7256,9.72154,2100000,2100000
2022-08-18 07:55:37.801000,9.7256,9.72155,2100000,2100000
2022-08-18 07:55:37.902000,9.72609,9.72063,1800000,3300000
2022-08-18 07:55:37.952000,9.7261,9.72062,1800000,1800000
2022-08-18 07:55:38.165000,9.7261,9.72062,1800000,1800000
2022-08-18 07:55:38.366000,9.7261,9.72082,1800000,1800000
2022-08-18 07:55:39.968000,9.72608,9.72062,1800000,3300000
2022-08-18 07:55:40.127000,9.72606,9.72062,1800000,3300000
2022-08-18 07:55:40.328000,9.72606,9.72088,1800000,1800000
2022-08-18 07:55:40.733000,9.72606,9.72088,1800000,1800000
2022-08-18 07:55:41.542000,9.7267,9.7207,1800000,1800000
2022-08-18 07:55:41.693000,9.72645,9.72117,1800000,1800000
2022-08-18 07:55:41.895000,9.72664,9.72092,1800000,1800000
2022-08-18 07:55:42.096000,9.72679,9.72083,1800000,1800000
2022-08-18 07:55:42.990000,9.72639,9.72174,2100000,2100000
2022-08-18 07:55:43.192000,9.72638,9.72175,2100000,2100000
2022-08-18 07:55:43.468000,9.72639,9.72187,2100000,1640000
2022-08-18 07:55:43.879000,9.72639,9.72187,2100000,1640000
2022-08-18 07:55:43.930000,9.72638,9.72166,2100000,2100000
2022-08-18 07:55:44.517000,9.72639,9.72182,2100000,1640000
2022-08-18 07:55:44.567000,9.72638,9.72174,2100000,2100000
2022-08-18 07:55:44.719000,9.72639,9.72182,2100000,1500000
2022-08-18 07:55:44.769000,9.72639,9.72182,2100000,1500000
2022-08-18 07:55:45.100000,9.72578,9.72173,2100000,2100000
2022-08-18 07:55:45.151000,9.72581,9.72146,2100000,2100000
2022-08-18 07:55:45.202000,9.72547,9.72146,1500000,2100000
2022-08-18 07:55:45.252000,9.72547,9.72146,1500000,2100000
2022-08-18 07:55:45.303000,9.72547,9.72124,1500000,2100000
2022-08-18 07:55:45.353000,9.72546,9.72124,2100000,2100000
2022-08-18 07:55:45.555000,9.72547,9.7212,2100000,2100000
2022-08-18 07:55:45.606000,9.72547,9.7212,2100000,2100000
2022-08-18 07:55:45.712000,9.72548,9.72119,2100000,2100000
2022-08-18 07:55:46.269000,9.72548,9.7212,2100000,2100000
2022-08-18 07:55:46.337000,9.72548,9.7212,2100000,2100000
2022-08-18 07:55:46.565000,9.72548,9.7212,2100000,2100000
2022-08-18 07:55:47.001000,9.72548,9.7212,2100000,2100000
2022-08-18 07:55:47.563000,9.72548,9.7212,2100000,2100000
2022-08-18 07:55:48.649000,9.72548,9.7212,2100000,2100000
2022-08-18 07:55:49.140000,9.72548,9.7212,2100000,2100000
2022-08-18 07:55:49.190000,9.72548,9.7211,2100000,2100000
2022-08-18 07:55:49.341000,9.72544,9.72111,2100000,2100000
2022-08-18 07:55:49.828000,9.72545,9.7211,2100000,2100000
2022-08-18 07:55:50.708000,9.72564,9.7211,2100000,2100000
2022-08-18 07:55:50.809000,9.72563,9.72093,2100000,2100000
2022-08-18 07:55:50.910000,9.72563,9.72131,2100000,2100000
2022-08-18 07:55:50.976000,9.72564,9.7212,2100000,2100000
2022-08-18 07:55:51.077000,9.72564,9.7211,2100000,2100000
2022-08-18 07:55:51.127000,9.72564,9.72112,2100000,2100000
2022-08-18 07:55:51.228000,9.72564,9.72132,2100000,2100000
2022-08-18 07:55:51.279000,9.72564,9.72132,2100000,2100000
2022-08-18 07:55:51.995000,9.72563,9.72128,2100000,2100000
2022-08-18 07:55:52.772000,9.72564,9.72111,2100000,2100000
2022-08-18 07:55:53.489000,9.72551,9.72111,2100000,2100000
2022-08-18 07:55:53.924000,9.72551,9.72111,2100000,2100000
2022-08-18 07:55:54.029000,9.72551,9.72111,2100000,2100000
2022-08-18 07:55:54.553000,9.72551,9.72111,2100000,2100000
2022-08-18 07:55:54.956000,9.7255,9.72103,2100000,2100000
2022-08-18 07:55:55.107000,9.72518,9.72092,2100000,2100000
2022-08-18 07:55:55.309000,9.72519,9.72082,2100000,2100000
2022-08-18 07:55:57.855000,9.72543,9.72083,2100000,2100000
2022-08-18 07:55:57.956000,9.72549,9.72084,2100000,2100000
2022-08-18 07:55:58.108000,9.72545,9.72072,2100000,2100000
2022-08-18 07:55:58.158000,9.72493,9.72059,2100000,2100000
2022-08-18 07:55:58.701000,9.72549,9.72071,2100000,2100000
2022-08-18 07:55:59.054000,9.72509,9.72073,2100000,2100000
2022-08-18 07:55:59.287000,9.72509,9.72083,2100000,2100000
2022-08-18 07:55:59.552000,9.72509,9.72083,2100000,2100000
2022-08-18 07:55:59.603000,9.72509,9.72083,2100000,2100000
2022-08-18 07:55:59.754000,9.72508,9.72105,2100000,2100000
2022-08-18 07:56:00.033000,9.72509,9.72095,2100000,2100000
2022-08-18 07:56:00.134000,9.72558,9.72129,2100000,2100000
2022-08-18 07:56:00.184000,9.7258,9.72123,2100000,2100000
2022-08-18 07:56:00.235000,9.72581,9.72122,2100000,2100000
2022-08-18 07:56:00.336000,9.7258,9.72128,2100000,2100000
2022-08-18 07:56:00.502000,9.72633,9.72127,2100000,2100000
2022-08-18 07:56:00.625000,9.72652,9.72132,2100000,2100000
2022-08-18 07:56:00.676000,9.72633,9.72129,1500000,2100000
2022-08-18 07:56:00.777000,9.72656,9.72145,1500000,2100000
2022-08-18 07:56:00.827000,9.72633,9.72145,1500000,2100000
2022-08-18 07:56:00.878000,9.72633,9.72143,1500000,2100000
2022-08-18 07:56:01.091000,9.72633,9.72143,1500000,2100000
2022-08-18 07:56:01.192000,9.7261,9.72174,1500000,1500000
2022-08-18 07:56:01.293000,9.7261,9.72151,1500000,2100000
2022-08-18 07:56:01.344000,9.72639,9.72149,1500000,2100000
2022-08-18 07:56:01.445000,9.72639,9.72148,1500000,2100000
2022-08-18 07:56:01.697000,9.72638,9.72151,1500000,2100000
2022-08-18 07:56:01.798000,9.72713,9.72046,1800000,1800000
2022-08-18 07:56:02.115000,9.72726,9.72062,1800000,2280000
2022-08-18 07:56:03.261000,9.7272,9.72083,1800000,1800000
2022-08-18 07:56:03.490000,9.72725,9.72073,1800000,1800000
2022-08-18 07:56:03.890000,9.7271,9.72124,1800000,1800000
2022-08-18 07:56:06.784000,9.72644,9.72165,1500000,2100000
2022-08-18 07:56:07.036000,9.72644,9.72165,1500000,2100000
2022-08-18 07:56:07.146000,9.72635,9.72165,1500000,2100000
2022-08-18 07:56:09.357000,9.7264,9.72166,1500000,1640000
2022-08-18 07:56:09.702000,9.72663,9.72165,1500000,2100000
2022-08-18 07:56:09.803000,9.72663,9.72184,1500000,2100000
2022-08-18 07:56:09.857000,9.72663,9.72184,2100000,2100000
2022-08-18 07:56:09.976000,9.72645,9.72151,1500000,2100000
2022-08-18 07:56:10.077000,9.72645,9.7215,1500000,2100000
2022-08-18 07:56:10.279000,9.72644,9.72144,1500000,2100000
2022-08-18 07:56:10.395000,9.72645,9.72143,1500000,2100000
2022-08-18 07:56:10.446000,9.72659,9.72162,2100000,1500000
2022-08-18 07:56:10.496000,9.72659,9.72162,1500000,2100000
2022-08-18 07:56:11.054000,9.72639,9.72163,1500000,2100000
2022-08-18 07:56:11.411000,9.7264,9.72162,1500000,2100000
2022-08-18 07:56:11.664000,9.7264,9.7215,1500000,2100000
2022-08-18 07:56:11.714000,9.72665,9.72168,2100000,1500000
2022-08-18 07:56:11.866000,9.72664,9.72173,2100000,1500000
2022-08-18 07:56:12.053000,9.72646,9.72172,1500000,1500000
2022-08-18 07:56:12.314000,9.72675,9.72172,2100000,1500000
2022-08-18 07:56:13.094000,9.72648,9.72173,1500000,1500000
2022-08-18 07:56:13.195000,9.72665,9.72172,1500000,1640000
2022-08-18 07:56:13.246000,9.72718,9.72158,2700000,2100000
2022-08-18 07:56:13.347000,9.72717,9.72189,2700000,1500000
2022-08-18 07:56:13.448000,9.72717,9.72175,2700000,2100000
2022-08-18 07:56:13.603000,9.72718,9.72186,2700000,2100000
2022-08-18 07:56:13.704000,9.72717,9.72167,2700000,2100000
2022-08-18 07:56:13.804000,9.72704,9.72169,2100000,2100000
2022-08-18 07:56:13.855000,9.72718,9.72158,2100000,2100000
2022-08-18 07:56:13.936000,9.72718,9.72158,2100000,2100000
2022-08-18 07:56:14.091000,9.7265,9.72145,2100000,2100000
2022-08-18 07:56:14.300000,9.72688,9.72145,3530000,2100000
2022-08-18 07:56:14.462000,9.72663,9.72145,2100000,2100000
2022-08-18 07:56:14.563000,9.72688,9.72182,2100000,1500000
2022-08-18 07:56:14.664000,9.72668,9.72186,2100000,1500000
2022-08-18 07:56:14.765000,9.72687,9.72185,2100000,1500000
2022-08-18 07:56:14.816000,9.72687,9.72177,2100000,1500000
2022-08-18 07:56:14.917000,9.72663,9.72186,2100000,1500000
2022-08-18 07:56:15.018000,9.72648,9.72087,1800000,1800000
2022-08-18 07:56:15.169000,9.72654,9.72087,1800000,1800000
2022-08-18 07:56:15.320000,9.72649,9.72072,1800000,3780000
2022-08-18 07:56:15.371000,9.72739,9.72023,1800000,1800000
2022-08-18 07:56:15.573000,9.72747,9.72023,1800000,3300000
2022-08-18 07:56:16.228000,9.72668,9.72022,1800000,1800000
2022-08-18 07:56:16.329000,9.72705,9.72082,1800000,1800000
2022-08-18 07:56:17.897000,9.72707,9.72132,1800000,2280000
2022-08-18 07:56:17.947000,9.72707,9.72132,1800000,2280000
2022-08-18 07:56:19.331000,9.72686,9.72112,1800000,2280000
2022-08-18 07:56:20.557000,9.72663,9.72213,2100000,1500000
2022-08-18 07:56:20.608000,9.72664,9.72212,2100000,1500000
2022-08-18 07:56:20.908000,9.72664,9.72212,2100000,1500000
2022-08-18 07:56:21.245000,9.7267,9.72212,2100000,1500000
2022-08-18 07:56:22.398000,9.72634,9.72159,1500000,2100000
2022-08-18 07:56:22.449000,9.72634,9.72154,1500000,2100000
2022-08-18 07:56:22.891000,9.72634,9.72149,1500000,2100000
2022-08-18 07:56:23.523000,9.72653,9.72147,2100000,2100000
2022-08-18 07:56:23.624000,9.72653,9.72143,2100000,2100000
2022-08-18 07:56:23.725000,9.72653,9.72143,2100000,2100000
2022-08-18 07:56:24.381000,9.72653,9.72143,2100000,2100000
2022-08-18 07:56:24.482000,9.72612,9.72128,1500000,2100000
2022-08-18 07:56:24.532000,9.72612,9.72117,1500000,2100000
2022-08-18 07:56:24.714000,9.72624,9.72117,1500000,2100000
2022-08-18 07:56:24.815000,9.72584,9.72149,1500000,2100000
2022-08-18 07:56:24.866000,9.72584,9.72137,1500000,2100000
2022-08-18 07:56:25.174000,9.72584,9.72127,1500000,2100000
2022-08-18 07:56:25.452000,9.72659,9.72114,2100000,2100000
2022-08-18 07:56:25.503000,9.72659,9.72112,2100000,2100000
2022-08-18 07:56:25.705000,9.72659,9.7211,3600000,2100000
2022-08-18 07:56:25.755000,9.72659,9.7211,2100000,2100000
2022-08-18 07:56:26.007000,9.72655,9.7211,1800000,2100000
2022-08-18 07:56:26.058000,9.72656,9.72109,1800000,2100000
2022-08-18 07:56:26.159000,9.72592,9.72106,1500000,2100000
2022-08-18 07:56:26.209000,9.72592,9.72146,1500000,2100000
2022-08-18 07:56:26.493000,9.72592,9.72142,1500000,2100000
2022-08-18 07:56:26.544000,9.72592,9.72164,1500000,2100000
2022-08-18 07:56:26.796000,9.72592,9.72164,1500000,2100000
2022-08-18 07:56:26.979000,9.72591,9.7213,1500000,1500000
2022-08-18 07:56:27.029000,9.72591,9.72091,1500000,2100000
2022-08-18 07:56:27.130000,9.72545,9.72129,1500000,1500000
2022-08-18 07:56:27.231000,9.72615,9.72129,1200000,2100000
2022-08-18 07:56:27.282000,9.72553,9.72065,1200000,1800000
2022-08-18 07:56:27.411000,9.72553,9.72065,1200000,1800000
2022-08-18 07:56:27.563000,9.72554,9.72064,1200000,1800000
2022-08-18 07:56:28.154000,9.72634,9.72062,2400000,1800000
2022-08-18 07:56:28.205000,9.72573,9.72062,1200000,1800000
2022-08-18 07:56:28.306000,9.72563,9.72063,1200000,1800000
2022-08-18 07:56:28.978000,9.72564,9.72022,1800000,1800000
2022-08-18 07:56:29.199000,9.72554,9.72022,1800000,1800000
2022-08-18 07:56:29.408000,9.72553,9.72023,1200000,1800000
2022-08-18 07:56:29.873000,9.72621,9.72032,1800000,1800000
2022-08-18 07:56:29.973000,9.72554,9.72022,1200000,1800000
2022-08-18 07:56:30.476000,9.72554,9.72042,1800000,1800000
2022-08-18 07:56:30.677000,9.72554,9.72052,1200000,3300000
2022-08-18 07:56:30.778000,9.72564,9.72072,1200000,2280000
2022-08-18 07:56:31.387000,9.72634,9.72072,1800000,2280000
2022-08-18 07:56:31.539000,9.7264,9.72022,1800000,1800000
2022-08-18 07:56:31.640000,9.7265,9.72032,1800000,1800000
2022-08-18 07:56:31.741000,9.72659,9.72032,1800000,1800000
2022-08-18 07:56:31.942000,9.72659,9.72022,1200000,1800000
2022-08-18 07:56:31.993000,9.7265,9.72022,1200000,3300000
2022-08-18 07:56:32.144000,9.72649,9.72063,1200000,1800000
2022-08-18 07:56:32.973000,9.7265,9.72062,1800000,1800000
2022-08-18 07:56:33.426000,9.72649,9.72153,2100000,2100000
2022-08-18 07:56:33.528000,9.7265,9.72152,2100000,2100000
2022-08-18 07:56:33.629000,9.72649,9.72149,2100000,2100000
2022-08-18 07:56:34.122000,9.7265,9.7215,2100000,2100000
2022-08-18 07:56:34.173000,9.7265,9.72151,2100000,2100000
2022-08-18 07:56:34.282000,9.7265,9.72146,2100000,2100000
2022-08-18 07:56:34.667000,9.72648,9.72146,2100000,2100000
2022-08-18 07:56:35.522000,9.72648,9.72145,2100000,2100000
2022-08-18 07:56:36.332000,9.72648,9.72145,2100000,2100000
2022-08-18 07:56:36.869000,9.72648,9.72145,2100000,2100000
2022-08-18 07:56:36.919000,9.72648,9.72146,2100000,2100000
2022-08-18 07:56:37.159000,9.72648,9.72147,2100000,2100000
2022-08-18 07:56:37.285000,9.72648,9.72157,2100000,2100000
2022-08-18 07:56:37.542000,9.72648,9.72147,2100000,2100000
2022-08-18 07:56:37.700000,9.72648,9.72153,2100000,2100000
2022-08-18 07:56:37.751000,9.72648,9.72146,2100000,2100000
2022-08-18 07:56:39.674000,9.72647,9.72148,2100000,2100000
2022-08-18 07:56:39.928000,9.72647,9.72148,2100000,2100000
2022-08-18 07:56:40.196000,9.72647,9.72154,2100000,2100000
2022-08-18 07:56:42.055000,9.72647,9.72149,2100000,2100000
2022-08-18 07:56:44.142000,9.7263,9.72138,1500000,2100000
2022-08-18 07:56:46.200000,9.72636,9.72144,1500000,2100000
2022-08-18 07:56:46.351000,9.72637,9.72219,2100000,1500000
2022-08-18 07:56:46.452000,9.72637,9.72223,1800000,1500000
2022-08-18 07:56:46.503000,9.72638,9.72232,1200000,2100000
2022-08-18 07:56:46.604000,9.7265,9.72232,1500000,2100000
2022-08-18 07:56:46.711000,9.7272,9.72231,1800000,2100000
2022-08-18 07:56:46.762000,9.72659,9.72231,1500000,2100000
2022-08-18 07:56:47.609000,9.72659,9.72231,1500000,2100000
2022-08-18 07:56:49.007000,9.72658,9.72234,1500000,2100000
2022-08-18 07:56:50.168000,9.72659,9.72228,2100000,2100000
2022-08-18 07:56:50.370000,9.72658,9.72293,1570000,2100000
2022-08-18 07:56:50.578000,9.72659,9.72251,1500000,2100000
2022-08-18 07:56:50.780000,9.72729,9.7226,1800000,2100000
2022-08-18 07:56:50.931000,9.72659,9.72269,1500000,2100000
2022-08-18 07:56:50.982000,9.72659,9.72269,1500000,1500000
2022-08-18 07:56:51.083000,9.72659,9.72269,1500000,1500000
2022-08-18 07:56:51.134000,9.72659,9.7227,1500000,1500000
2022-08-18 07:56:51.470000,9.72659,9.72268,1500000,2100000
2022-08-18 07:56:51.656000,9.72659,9.72268,1500000,2100000
2022-08-18 07:56:53.223000,9.72659,9.72184,1500000,2100000
2022-08-18 07:56:53.274000,9.72686,9.72171,1500000,2100000
2022-08-18 07:56:53.375000,9.72716,9.72159,1500000,2100000
2022-08-18 07:56:53.425000,9.72658,9.72192,2100000,2100000
2022-08-18 07:56:53.476000,9.72659,9.72202,2100000,2100000
2022-08-18 07:56:53.627000,9.72659,9.72159,2100000,2100000
2022-08-18 07:56:53.678000,9.72659,9.72159,2100000,2100000
2022-08-18 07:56:53.779000,9.72659,9.7221,1500000,1500000
2022-08-18 07:56:53.829000,9.72659,9.72112,1200000,2400000
2022-08-18 07:56:53.932000,9.72659,9.72132,1800000,1800000
2022-08-18 07:56:54.366000,9.72658,9.72143,1800000,1800000
2022-08-18 07:56:54.567000,9.72697,9.72063,1800000,1800000
2022-08-18 07:56:54.963000,9.72659,9.72072,1200000,1800000
2022-08-18 07:56:55.177000,9.72658,9.72083,1800000,1800000
2022-08-18 07:56:55.387000,9.72659,9.72092,1200000,1800000
2022-08-18 07:56:57.501000,9.72659,9.72122,1200000,1800000
2022-08-18 07:56:58.573000,9.72688,9.72132,1200000,3300000
2022-08-18 07:56:58.624000,9.72698,9.72132,1200000,3300000
2022-08-18 07:56:59.080000,9.72697,9.72233,1500000,2100000
2022-08-18 07:57:00.247000,9.72726,9.7226,1500000,2100000
2022-08-18 07:57:00.298000,9.72779,9.7224,2100000,2100000
2022-08-18 07:57:00.550000,9.72819,9.72224,1800000,1800000
2022-08-18 07:57:00.701000,9.72806,9.72224,1200000,1800000
2022-08-18 07:57:00.752000,9.72806,9.72224,1800000,1800000
2022-08-18 07:57:00.953000,9.72799,9.72225,1800000,1800000
2022-08-18 07:57:01.155000,9.72781,9.72224,1800000,1800000
2022-08-18 07:57:01.357000,9.7278,9.72224,1800000,1800000
2022-08-18 07:57:01.459000,9.72797,9.72225,1800000,1800000
2022-08-18 07:57:01.661000,9.72731,9.72224,1200000,1800000
2022-08-18 07:57:01.712000,9.72741,9.72224,1800000,1800000
2022-08-18 07:57:01.762000,9.72741,9.72224,1200000,1800000
2022-08-18 07:57:02.092000,9.72736,9.72224,1200000,1800000
2022-08-18 07:57:02.283000,9.72758,9.72224,1800000,1800000
2022-08-18 07:57:02.334000,9.72741,9.72224,1200000,1800000
2022-08-18 07:57:02.485000,9.72802,9.72224,1800000,1800000
2022-08-18 07:57:02.586000,9.72767,9.72182,1200000,3300000
2022-08-18 07:57:02.687000,9.72762,9.72182,1800000,3300000
2022-08-18 07:57:02.854000,9.72762,9.72182,1800000,3300000
2022-08-18 07:57:03.075000,9.72769,9.72182,1200000,3300000
2022-08-18 07:57:03.126000,9.72761,9.72182,1200000,1800000
2022-08-18 07:57:03.177000,9.72761,9.72182,1800000,1800000
2022-08-18 07:57:03.227000,9.72751,9.72182,1800000,1800000
2022-08-18 07:57:03.343000,9.72741,9.72182,1200000,1800000
2022-08-18 07:57:03.474000,9.7274,9.72183,1200000,1800000
2022-08-18 07:57:03.575000,9.72718,9.72139,1800000,1800000
2022-08-18 07:57:03.777000,9.72704,9.72139,1800000,1800000
2022-08-18 07:57:04.029000,9.72796,9.72222,1800000,1800000
2022-08-18 07:57:04.130000,9.7279,9.72237,1200000,1800000
2022-08-18 07:57:04.231000,9.7279,9.72237,1800000,1800000
2022-08-18 07:57:04.766000,9.72794,9.72252,1800000,1800000
2022-08-18 07:57:04.967000,9.72803,9.72252,1800000,1800000
2022-08-18 07:57:05.169000,9.72803,9.72212,1800000,1800000
2022-08-18 07:57:05.371000,9.72794,9.72237,1800000,1800000
2022-08-18 07:57:05.572000,9.72794,9.72252,1800000,1800000
2022-08-18 07:57:06.062000,9.7279,9.72253,1800000,1800000
2022-08-18 07:57:06.279000,9.72795,9.72253,1800000,1800000
2022-08-18 07:57:06.551000,9.72796,9.72252,1800000,1800000
2022-08-18 07:57:06.613000,9.72795,9.72371,2100000,1500000
2022-08-18 07:57:06.977000,9.72813,9.7238,2100000,1500000
2022-08-18 07:57:07.036000,9.72813,9.7238,2100000,1500000
2022-08-18 07:57:07.087000,9.7284,9.7238,2100000,1500000
2022-08-18 07:57:07.188000,9.72822,9.72366,2100000,2100000
2022-08-18 07:57:07.238000,9.72822,9.72375,2100000,2100000
2022-08-18 07:57:07.339000,9.72822,9.72351,2100000,2100000
2022-08-18 07:57:07.440000,9.72835,9.72389,2100000,2100000
2022-08-18 07:57:07.541000,9.72835,9.72313,2100000,2100000
2022-08-18 07:57:07.642000,9.72835,9.724,2100000,2100000
2022-08-18 07:57:07.693000,9.72835,9.7239,2100000,2100000
2022-08-18 07:57:07.744000,9.72832,9.7239,2100000,2100000
2022-08-18 07:57:07.895000,9.72813,9.72379,2100000,2100000
2022-08-18 07:57:08.046000,9.72841,9.72379,2100000,2100000
2022-08-18 07:57:08.097000,9.7284,9.7238,2100000,2100000
2022-08-18 07:57:08.198000,9.72832,9.72389,2100000,2100000
2022-08-18 07:57:08.299000,9.72822,9.7239,2100000,2100000
2022-08-18 07:57:08.551000,9.72822,9.7239,2100000,2100000
2022-08-18 07:57:08.602000,9.72821,9.72396,2100000,2100000
2022-08-18 07:57:08.758000,9.72832,9.72395,2100000,2100000
2022-08-18 07:57:08.960000,9.72832,9.72395,2100000,2100000
2022-08-18 07:57:09.111000,9.72832,9.72474,2100000,1500000
2022-08-18 07:57:09.162000,9.72832,9.72302,1200000,1800000
2022-08-18 07:57:09.311000,9.72911,9.72302,1200000,3300000
2022-08-18 07:57:09.362000,9.72851,9.72302,1200000,3300000
2022-08-18 07:57:09.723000,9.7285,9.72303,1200000,3300000
2022-08-18 07:57:09.934000,9.72851,9.72302,1200000,1800000
2022-08-18 07:57:10.345000,9.7285,9.72303,1200000,1800000
2022-08-18 07:57:10.498000,9.7284,9.72303,1200000,1800000
2022-08-18 07:57:10.549000,9.72841,9.72302,1200000,1800000
2022-08-18 07:57:10.778000,9.72897,9.72303,1800000,1800000
2022-08-18 07:57:10.929000,9.72848,9.7221,1200000,1800000
2022-08-18 07:57:10.980000,9.72845,9.7221,1800000,1800000
2022-08-18 07:57:11.181000,9.72828,9.7216,1200000,1800000
2022-08-18 07:57:11.282000,9.72789,9.7216,1200000,1800000
2022-08-18 07:57:11.390000,9.72789,9.7216,1200000,1800000
2022-08-18 07:57:11.491000,9.72828,9.7216,1800000,1800000
2022-08-18 07:57:11.693000,9.72779,9.72173,1800000,1800000
2022-08-18 07:57:11.934000,9.72794,9.72112,1800000,2400000
2022-08-18 07:57:12.588000,9.7273,9.72112,1800000,4200000
2022-08-18 07:57:13.032000,9.7273,9.72102,1200000,3300000
2022-08-18 07:57:13.133000,9.7272,9.72103,1200000,3300000
2022-08-18 07:57:13.441000,9.72715,9.72103,1200000,1800000
2022-08-18 07:57:13.592000,9.72707,9.72102,1200000,1800000
2022-08-18 07:57:13.744000,9.727,9.72103,1200000,1800000
2022-08-18 07:57:13.794000,9.72772,9.72102,1200000,1800000
2022-08-18 07:57:13.845000,9.72758,9.72102,1200000,1800000
2022-08-18 07:57:13.954000,9.72721,9.72102,1200000,1800000
2022-08-18 07:57:14.055000,9.72748,9.72102,1200000,1800000
2022-08-18 07:57:14.156000,9.72711,9.72102,1200000,1800000
2022-08-18 07:57:14.257000,9.72669,9.72217,1500000,2100000
2022-08-18 07:57:14.561000,9.7269,9.72225,1500000,1500000
2022-08-18 07:57:14.662000,9.7269,9.72222,1500000,2100000
2022-08-18 07:57:14.763000,9.7269,9.72226,1500000,1500000
2022-08-18 07:57:14.939000,9.7269,9.72226,1500000,2100000
2022-08-18 07:57:15.040000,9.7269,9.72236,1500000,1500000
2022-08-18 07:57:15.242000,9.7269,9.72238,1500000,1500000
2022-08-18 07:57:15.407000,9.72689,9.72239,1500000,1500000
2022-08-18 07:57:15.457000,9.7269,9.7225,1500000,1500000
2022-08-18 07:57:15.558000,9.7272,9.72241,1500000,2100000
2022-08-18 07:57:15.609000,9.72729,9.72241,1500000,2100000
2022-08-18 07:57:15.760000,9.72724,9.72255,1500000,2100000
2022-08-18 07:57:15.949000,9.72724,9.72253,1500000,2100000
2022-08-18 07:57:16.234000,9.72724,9.72253,1500000,2100000
2022-08-18 07:57:16.285000,9.72718,9.72254,1500000,2100000
2022-08-18 07:57:16.386000,9.7272,9.72253,1500000,2100000
2022-08-18 07:57:16.487000,9.72689,9.72253,1500000,2100000
2022-08-18 07:57:16.917000,9.72689,9.72253,1500000,2100000
2022-08-18 07:57:17.104000,9.72652,9.7225,1500000,1500000
2022-08-18 07:57:17.156000,9.72664,9.7224,1500000,1500000
2022-08-18 07:57:17.207000,9.72664,9.72201,1500000,2100000
2022-08-18 07:57:17.258000,9.72664,9.7224,1500000,1500000
2022-08-18 07:57:17.510000,9.72664,9.72231,1500000,2100000
2022-08-18 07:57:17.660000,9.72684,9.72208,1500000,2100000
2022-08-18 07:57:17.912000,9.72674,9.72246,1500000,2100000
2022-08-18 07:57:18.013000,9.72674,9.72246,1500000,2100000
2022-08-18 07:57:18.138000,9.72674,9.72238,1500000,2100000
2022-08-18 07:57:18.189000,9.72674,9.72229,1500000,2100000
2022-08-18 07:57:18.326000,9.72675,9.72221,1500000,2100000
2022-08-18 07:57:18.377000,9.72675,9.72221,1500000,2100000
2022-08-18 07:57:18.427000,9.72675,9.72217,1500000,2100000
2022-08-18 07:57:18.528000,9.72663,9.72228,1500000,2100000
2022-08-18 07:57:18.579000,9.72662,9.72226,1500000,2100000
2022-08-18 07:57:18.680000,9.72663,9.72216,1500000,2100000
2022-08-18 07:57:18.781000,9.72681,9.72211,1500000,2100000
2022-08-18 07:57:18.831000,9.72673,9.7221,1500000,2100000
2022-08-18 07:57:18.932000,9.72716,9.72211,1500000,2100000
2022-08-18 07:57:19.033000,9.72728,9.7214,1500000,2100000
2022-08-18 07:57:19.084000,9.72688,9.72022,1800000,1800000
2022-08-18 07:57:19.652000,9.72635,9.72022,1800000,1800000
2022-08-18 07:57:19.917000,9.72625,9.72022,1800000,3300000
2022-08-18 07:57:20.068000,9.72618,9.72022,1800000,1800000
2022-08-18 07:57:20.219000,9.72577,9.72022,1200000,1800000
2022-08-18 07:57:20.320000,9.72576,9.72023,1800000,1800000
2022-08-18 07:57:20.468000,9.72577,9.72022,1800000,1800000
2022-08-18 07:57:20.670000,9.72567,9.72022,1800000,1800000
2022-08-18 07:57:20.922000,9.72601,9.72023,1800000,1800000
2022-08-18 07:57:21.023000,9.72558,9.72022,1200000,1800000
2022-08-18 07:57:21.074000,9.72568,9.72022,1800000,1800000
2022-08-18 07:57:21.175000,9.72582,9.72022,1200000,1800000
2022-08-18 07:57:21.276000,9.72592,9.72022,1800000,1800000
2022-08-18 07:57:21.326000,9.72592,9.72022,1800000,1800000
2022-08-18 07:57:21.596000,9.72602,9.72022,1800000,1800000
2022-08-18 07:57:21.753000,9.72579,9.72022,1800000,1800000
2022-08-18 07:57:21.803000,9.72568,9.72022,1200000,1800000
2022-08-18 07:57:21.905000,9.72569,9.72022,1200000,1800000
2022-08-18 07:57:22.006000,9.72556,9.72022,1200000,1800000
2022-08-18 07:57:22.112000,9.7254,9.72022,1200000,1800000
2022-08-18 07:57:22.163000,9.72527,9.72022,1200000,1800000
2022-08-18 07:57:22.214000,9.72517,9.72022,1200000,1800000
2022-08-18 07:57:22.315000,9.72516,9.72022,1200000,1800000
2022-08-18 07:57:22.416000,9.72586,9.72022,1800000,1800000
2022-08-18 07:57:22.517000,9.72577,9.72023,1800000,1800000
2022-08-18 07:57:22.618000,9.72568,9.72022,1200000,1800000
2022-08-18 07:57:22.668000,9.72578,9.72022,1800000,1800000
2022-08-18 07:57:22.719000,9.72588,9.72022,1200000,1800000
2022-08-18 07:57:22.820000,9.72577,9.72023,1200000,1800000
2022-08-18 07:57:22.925000,9.72578,9.72022,1200000,1800000
2022-08-18 07:57:23.026000,9.72602,9.72022,1800000,1800000
2022-08-18 07:57:23.220000,9.72621,9.72022,1800000,1800000
2022-08-18 07:57:23.620000,9.72621,9.72022,1800000,1800000
2022-08-18 07:57:23.986000,9.7262,9.72023,1800000,1800000
2022-08-18 07:57:24.087000,9.72565,9.72068,1500000,2100000
2022-08-18 07:57:24.153000,9.7258,9.72068,2100000,2100000
2022-08-18 07:57:24.354000,9.7258,9.72077,2100000,2100000
2022-08-18 07:57:24.704000,9.7258,9.72077,2100000,2100000
2022-08-18 07:57:24.754000,9.72579,9.72078,2100000,2100000
2022-08-18 07:57:24.992000,9.7258,9.72065,2100000,2100000
2022-08-18 07:57:25.173000,9.72579,9.72064,2100000,2100000
2022-08-18 07:57:25.440000,9.72609,9.72081,2100000,2100000
2022-08-18 07:57:25.490000,9.72609,9.72068,2100000,2100000
2022-08-18 07:57:25.591000,9.72611,9.72067,2100000,2100000
2022-08-18 07:57:25.692000,9.72609,9.72067,2100000,2100000
2022-08-18 07:57:25.894000,9.72608,9.72053,2100000,2100000
2022-08-18 07:57:26.501000,9.72628,9.72082,2100000,2100000
2022-08-18 07:57:26.703000,9.72627,9.72022,1800000,1800000
2022-08-18 07:57:26.754000,9.72627,9.72022,1800000,1800000
2022-08-18 07:57:27.248000,9.7259,9.72022,1800000,1800000
2022-08-18 07:57:27.450000,9.72608,9.72022,1800000,1800000
2022-08-18 07:57:27.652000,9.72608,9.72022,1800000,1800000
2022-08-18 07:57:27.803000,9.72558,9.72022,1200000,1800000
2022-08-18 07:57:27.853000,9.72558,9.72022,1200000,1800000
2022-08-18 07:57:27.954000,9.72577,9.72023,1200000,1800000
2022-08-18 07:57:28.108000,9.72574,9.72023,1200000,1800000
2022-08-18 07:57:28.158000,9.72578,9.72022,1200000,1800000
2022-08-18 07:57:29.124000,9.72586,9.72022,1800000,1800000
2022-08-18 07:57:29.225000,9.72594,9.72023,1800000,1800000
2022-08-18 07:57:29.326000,9.72575,9.72022,1200000,1800000
2022-08-18 07:57:29.440000,9.72568,9.72022,1800000,1800000
2022-08-18 07:57:29.557000,9.72559,9.72022,1200000,1800000
2022-08-18 07:57:29.673000,9.72559,9.72022,1200000,1800000
2022-08-18 07:57:29.851000,9.72588,9.72022,1800000,1800000
2022-08-18 07:57:30.003000,9.72555,9.72022,1800000,1800000
2022-08-18 07:57:30.154000,9.72515,9.72022,1200000,1800000
2022-08-18 07:57:30.255000,9.72513,9.72022,1200000,1800000
2022-08-18 07:57:30.356000,9.7254,9.72022,1200000,1800000
2022-08-18 07:57:30.457000,9.7255,9.72022,1340000,1800000
2022-08-18 07:57:30.608000,9.72558,9.72022,1800000,1800000
2022-08-18 07:57:30.810000,9.72539,9.72023,1200000,1800000
2022-08-18 07:57:31.011000,9.7254,9.72022,1340000,1800000
2022-08-18 07:57:31.669000,9.72552,9.72023,1200000,1800000
2022-08-18 07:57:31.719000,9.72595,9.72023,1800000,1800000
2022-08-18 07:57:31.770000,9.72544,9.72113,1500000,2100000
2022-08-18 07:57:31.821000,9.72596,9.72101,2100000,2100000
2022-08-18 07:57:31.922000,9.72588,9.72094,2100000,2100000
2022-08-18 07:57:31.972000,9.72589,9.72085,2100000,2100000
2022-08-18 07:57:32.023000,9.72548,9.72084,2100000,2100000
2022-08-18 07:57:32.074000,9.72616,9.72084,2100000,2100000
2022-08-18 07:57:32.175000,9.72616,9.72022,1800000,1800000
2022-08-18 07:57:32.376000,9.72591,9.72022,1800000,1800000
2022-08-18 07:57:32.578000,9.72633,9.72022,1800000,1800000
2022-08-18 07:57:32.799000,9.72624,9.72022,1800000,1800000
2022-08-18 07:57:32.952000,9.72623,9.72023,1800000,1800000
2022-08-18 07:57:33.164000,9.72615,9.72022,1800000,1800000
2022-08-18 07:57:33.555000,9.72615,9.72022,1800000,1800000
2022-08-18 07:57:33.757000,9.72611,9.72022,1800000,1800000
2022-08-18 07:57:34.009000,9.72628,9.72023,1800000,1800000
2022-08-18 07:57:34.060000,9.72618,9.72022,1800000,1800000
2022-08-18 07:57:34.261000,9.72611,9.72022,1800000,1800000
2022-08-18 07:57:34.513000,9.72597,9.72023,1800000,1800000
2022-08-18 07:57:34.665000,9.72627,9.72022,1800000,1800000
2022-08-18 07:57:34.828000,9.72593,9.72022,1200000,1800000
2022-08-18 07:57:34.879000,9.72602,9.72022,2240000,1800000
2022-08-18 07:57:34.980000,9.72618,9.72022,1800000,1800000
2022-08-18 07:57:35.181000,9.72588,9.72022,1800000,1800000
2022-08-18 07:57:35.388000,9.72572,9.72025,1200000,1800000
2022-08-18 07:57:35.590000,9.72573,9.72022,1800000,1800000
2022-08-18 07:57:36.772000,9.72583,9.72022,1800000,1800000
2022-08-18 07:57:36.946000,9.72573,9.72022,1800000,1800000
2022-08-18 07:57:38.031000,9.72545,9.72054,2100000,2100000
2022-08-18 07:57:38.132000,9.72493,9.72065,1500000,2100000
2022-08-18 07:57:38.232000,9.72494,9.72049,1500000,2100000
2022-08-18 07:57:38.484000,9.72476,9.72046,1500000,2100000
2022-08-18 07:57:38.646000,9.72476,9.72044,1500000,2100000
2022-08-18 07:57:38.999000,9.72459,9.72047,1500000,2100000
2022-08-18 07:57:39.100000,9.72459,9.72037,1500000,2100000
2022-08-18 07:57:39.734000,9.72481,9.72026,1500000,2100000
2022-08-18 07:57:40.293000,9.72458,9.72022,1500000,2100000
2022-08-18 07:57:42.187000,9.72458,9.72022,1500000,2100000
2022-08-18 07:57:42.238000,9.72483,9.72022,1500000,2100000
2022-08-18 07:57:42.339000,9.72483,9.72022,1500000,2100000
2022-08-18 07:57:42.440000,9.72524,9.72022,1500000,2100000
2022-08-18 07:57:42.541000,9.72551,9.72023,1500000,2100000
2022-08-18 07:57:42.642000,9.72522,9.72028,1500000,2100000
2022-08-18 07:57:42.693000,9.7254,9.72061,1500000,2100000
2022-08-18 07:57:42.743000,9.72519,9.7206,1500000,1500000
2022-08-18 07:57:42.844000,9.7252,9.72088,1500000,1500000
2022-08-18 07:57:42.945000,9.72536,9.72103,1500000,1500000
2022-08-18 07:57:42.996000,9.72555,9.72103,2100000,1500000
2022-08-18 07:57:43.164000,9.72557,9.72103,2100000,1500000
2022-08-18 07:57:43.215000,9.72557,9.72103,2100000,1500000
2022-08-18 07:57:43.266000,9.72556,9.72092,2100000,1500000
2022-08-18 07:57:43.367000,9.7257,9.72022,1200000,1800000
2022-08-18 07:57:43.568000,9.72596,9.72022,1800000,1800000
2022-08-18 07:57:44.032000,9.72558,9.72022,1800000,1800000
2022-08-18 07:57:44.251000,9.72583,9.72022,1800000,1800000
2022-08-18 07:57:44.791000,9.72591,9.72023,1800000,1800000
2022-08-18 07:57:44.992000,9.72582,9.72023,1800000,1800000
2022-08-18 07:57:45.176000,9.72588,9.72022,1800000,1800000
2022-08-18 07:57:45.381000,9.72536,9.72022,1800000,1800000
2022-08-18 07:57:45.683000,9.7255,9.72022,1800000,1800000
2022-08-18 07:57:46.092000,9.72491,9.72023,1200000,1800000
2022-08-18 07:57:46.143000,9.72512,9.72023,1200000,1800000
2022-08-18 07:57:46.194000,9.72524,9.72022,1200000,1800000
2022-08-18 07:57:46.294000,9.7253,9.72022,1200000,1800000
2022-08-18 07:57:46.345000,9.72493,9.72022,1200000,1800000
2022-08-18 07:57:46.496000,9.72551,9.72022,1800000,1800000
2022-08-18 07:57:46.547000,9.72527,9.72023,1200000,1800000
2022-08-18 07:57:46.598000,9.72538,9.72022,1800000,1800000
2022-08-18 07:57:46.648000,9.72524,9.72022,1200000,1800000
2022-08-18 07:57:46.749000,9.72514,9.72022,1200000,1800000
2022-08-18 07:57:46.966000,9.72514,9.72022,1200000,1800000
2022-08-18 07:57:47.067000,9.7253,9.72022,1200000,1800000
2022-08-18 07:57:47.118000,9.72528,9.72022,1200000,1800000
2022-08-18 07:57:47.219000,9.72546,9.72022,1800000,1800000
2022-08-18 07:57:47.320000,9.72501,9.72023,1200000,1800000
2022-08-18 07:57:47.371000,9.72493,9.72022,1800000,1800000
2022-08-18 07:57:47.423000,9.72482,9.72023,1200000,1800000
2022-08-18 07:57:47.537000,9.72455,9.72022,1200000,1200000
2022-08-18 07:57:47.588000,9.72524,9.72022,1800000,1200000
2022-08-18 07:57:47.688000,9.72506,9.72022,1800000,1800000
2022-08-18 07:57:47.840000,9.72497,9.72022,1200000,1800000
2022-08-18 07:57:47.941000,9.72497,9.72022,1200000,1800000
2022-08-18 07:57:48.042000,9.72491,9.72022,1200000,1800000
2022-08-18 07:57:48.143000,9.7249,9.72022,1200000,1800000
2022-08-18 07:57:48.244000,9.72465,9.72022,1200000,1800000
2022-08-18 07:57:48.345000,9.72446,9.72022,1200000,1800000
2022-08-18 07:57:48.461000,9.7247,9.72022,1200000,1800000
2022-08-18 07:57:48.511000,9.72427,9.72022,1200000,1800000
2022-08-18 07:57:48.562000,9.7244,9.72022,1200000,1200000
2022-08-18 07:57:48.663000,9.72439,9.72022,1200000,1200000
2022-08-18 07:57:48.915000,9.72427,9.72022,1200000,1200000
2022-08-18 07:57:49.016000,9.72437,9.72023,1200000,1200000
2022-08-18 07:57:49.167000,9.72439,9.72022,1200000,1200000
2022-08-18 07:57:49.318000,9.72438,9.72022,1200000,1200000
2022-08-18 07:57:49.369000,9.72438,9.72022,1800000,1200000
2022-08-18 07:57:49.671000,9.72459,9.72022,1800000,1200000
2022-08-18 07:57:49.938000,9.72434,9.72023,1800000,1200000
2022-08-18 07:57:50.219000,9.72439,9.72022,2100000,1500000
2022-08-18 07:57:50.270000,9.72438,9.72023,2100000,1500000
2022-08-18 07:57:50.371000,9.72439,9.72022,2100000,1500000
2022-08-18 07:57:50.507000,9.72439,9.72022,2100000,1500000
2022-08-18 07:57:50.608000,9.72439,9.72022,2100000,1500000
2022-08-18 07:57:50.709000,9.72435,9.72022,2100000,1500000
2022-08-18 07:57:50.810000,9.72435,9.72022,2100000,1500000
2022-08-18 07:57:50.911000,9.72438,9.72023,2100000,1500000
2022-08-18 07:57:51.012000,9.72439,9.72022,2100000,1500000
2022-08-18 07:57:51.113000,9.72439,9.72022,2100000,1500000
2022-08-18 07:57:51.214000,9.72414,9.72022,2100000,1500000
2022-08-18 07:57:51.264000,9.72414,9.72022,2100000,1500000
2022-08-18 07:57:51.365000,9.7244,9.72022,1800000,1200000
2022-08-18 07:57:51.466000,9.7244,9.72022,1800000,1200000
2022-08-18 07:57:51.668000,9.72431,9.72022,2100000,1500000
2022-08-18 07:57:51.719000,9.7244,9.72022,2100000,1500000
2022-08-18 07:57:51.769000,9.7244,9.72022,2100000,1500000
2022-08-18 07:57:52.009000,9.72426,9.72023,2100000,1500000
2022-08-18 07:57:52.231000,9.72406,9.72023,1800000,1200000
2022-08-18 07:57:52.433000,9.72397,9.72022,1800000,1200000
2022-08-18 07:57:52.671000,9.72409,9.72022,2100000,1500000
2022-08-18 07:57:52.923000,9.72397,9.72022,1800000,1200000
2022-08-18 07:57:53.075000,9.72409,9.72022,1800000,1200000
2022-08-18 07:57:53.276000,9.72378,9.72022,1800000,1200000
2022-08-18 07:57:54.408000,9.72429,9.72022,2100000,1500000
2022-08-18 07:57:54.610000,9.72433,9.72022,2100000,1500000
2022-08-18 07:57:55.272000,9.72477,9.72022,1800000,1200000
2022-08-18 07:57:55.373000,9.7244,9.72022,1800000,1200000
2022-08-18 07:57:55.576000,9.7244,9.72022,1800000,1800000
2022-08-18 07:57:55.767000,9.7244,9.72022,1800000,1800000
2022-08-18 07:57:55.968000,9.72477,9.72023,1800000,1800000
2022-08-18 07:57:56.170000,9.72439,9.72023,1800000,1800000
2022-08-18 07:57:56.371000,9.7244,9.72022,1800000,1800000
2022-08-18 07:57:56.644000,9.72439,9.72023,1800000,1800000
2022-08-18 07:57:56.975000,9.7244,9.72022,1800000,1800000
2022-08-18 07:57:57.176000,9.7244,9.72022,1800000,1800000
2022-08-18 07:57:57.395000,9.72439,9.72023,1800000,1800000
2022-08-18 07:57:57.644000,9.7244,9.72022,1800000,1200000
2022-08-18 07:57:58.093000,9.7244,9.72022,1800000,1200000
2022-08-18 07:57:58.293000,9.7244,9.72022,1800000,1200000
2022-08-18 07:57:58.509000,9.7244,9.72022,1800000,1200000
2022-08-18 07:58:00.271000,9.72485,9.72022,1200000,1800000
2022-08-18 07:58:00.396000,9.72529,9.72023,1200000,1800000
2022-08-18 07:58:00.496000,9.72561,9.72023,1800000,1800000
2022-08-18 07:58:00.547000,9.72562,9.72022,1200000,1800000
2022-08-18 07:58:00.745000,9.72593,9.72022,1800000,1800000
2022-08-18 07:58:01.098000,9.72638,9.72023,1800000,1800000
2022-08-18 07:58:01.199000,9.7266,9.72022,1800000,1800000
2022-08-18 07:58:01.350000,9.72639,9.72022,1200000,1800000
2022-08-18 07:58:01.451000,9.72621,9.72023,1200000,1800000
2022-08-18 07:58:01.502000,9.72709,9.72022,1800000,1800000
2022-08-18 07:58:01.553000,9.72697,9.72023,1800000,1800000
2022-08-18 07:58:01.754000,9.72596,9.72023,1200000,1800000
2022-08-18 07:58:02.006000,9.72599,9.72022,1200000,1800000
2022-08-18 07:58:02.107000,9.72586,9.72022,1200000,1800000
2022-08-18 07:58:02.208000,9.72576,9.72022,1200000,1800000
2022-08-18 07:58:02.555000,9.72565,9.72023,1200000,1800000
2022-08-18 07:58:02.656000,9.72593,9.72022,1200000,1800000
2022-08-18 07:58:02.923000,9.72592,9.72023,1200000,1800000
2022-08-18 07:58:03.055000,9.72637,9.72023,1800000,1800000
2022-08-18 07:58:03.106000,9.72634,9.72022,1800000,1800000
2022-08-18 07:58:03.207000,9.72634,9.72022,1800000,1800000
2022-08-18 07:58:03.358000,9.72586,9.72022,1200000,1800000
2022-08-18 07:58:03.459000,9.72615,9.72022,1800000,1800000
2022-08-18 07:58:03.560000,9.72595,9.72023,1200000,1800000
2022-08-18 07:58:03.661000,9.72611,9.72022,1800000,1800000
2022-08-18 07:58:03.766000,9.72611,9.72022,1800000,1800000
2022-08-18 07:58:04.255000,9.72611,9.72022,1800000,1800000
2022-08-18 07:58:04.411000,9.72611,9.72022,1800000,1800000
2022-08-18 07:58:04.657000,9.72603,9.72022,1800000,1800000
2022-08-18 07:58:04.820000,9.72592,9.72023,1800000,1800000
2022-08-18 07:58:05.048000,9.72611,9.72022,1800000,1800000
2022-08-18 07:58:05.253000,9.72576,9.72023,1800000,1800000
2022-08-18 07:58:05.466000,9.72603,9.72023,1800000,1800000
2022-08-18 07:58:05.620000,9.72604,9.72022,1800000,1800000
2022-08-18 07:58:05.821000,9.72603,9.72023,1200000,1800000
2022-08-18 07:58:05.973000,9.72586,9.72022,1200000,1800000
2022-08-18 07:58:06.213000,9.72585,9.72023,1200000,1800000
2022-08-18 07:58:06.364000,9.72604,9.72022,1340000,1800000
2022-08-18 07:58:06.465000,9.72594,9.72022,1200000,1800000
2022-08-18 07:58:06.566000,9.7259,9.72022,1200000,1800000
2022-08-18 07:58:06.718000,9.7259,9.72022,1200000,1800000
2022-08-18 07:58:06.768000,9.72603,9.72022,1200000,1800000
2022-08-18 07:58:06.819000,9.72613,9.72022,1800000,1800000
2022-08-18 07:58:06.921000,9.72571,9.72023,1200000,1800000
2022-08-18 07:58:07.022000,9.72547,9.72022,1200000,1800000
2022-08-18 07:58:07.072000,9.72556,9.72022,1200000,1800000
2022-08-18 07:58:07.199000,9.72547,9.72022,1200000,1800000
2022-08-18 07:58:07.300000,9.72603,9.72022,1800000,1800000
2022-08-18 07:58:07.704000,9.72622,9.72022,1800000,1800000
2022-08-18 07:58:07.923000,9.72618,9.72022,1800000,1800000
2022-08-18 07:58:08.124000,9.72574,9.72022,1800000,1800000
2022-08-18 07:58:08.569000,9.72617,9.72022,1200000,1800000
2022-08-18 07:58:08.620000,9.72622,9.72022,1200000,1800000
2022-08-18 07:58:08.670000,9.72617,9.72022,1200000,1800000
2022-08-18 07:58:08.771000,9.72528,9.72022,1800000,1800000
2022-08-18 07:58:08.973000,9.72518,9.72022,1200000,1800000
2022-08-18 07:58:09.124000,9.72528,9.72022,1200000,1800000
2022-08-18 07:58:09.175000,9.72528,9.72022,1200000,1800000
2022-08-18 07:58:09.225000,9.72509,9.72022,1200000,1800000
2022-08-18 07:58:09.383000,9.72508,9.72023,1200000,1200000
2022-08-18 07:58:09.434000,9.72518,9.72022,1200000,1200000
2022-08-18 07:58:09.636000,9.72582,9.72023,1800000,1200000
2022-08-18 07:58:09.737000,9.72555,9.72022,1200000,1200000
2022-08-18 07:58:09.838000,9.72555,9.72022,1200000,1800000
2022-08-18 07:58:09.989000,9.72555,9.72022,1200000,1200000
2022-08-18 07:58:11.958000,9.72537,9.72023,1200000,1200000
2022-08-18 07:58:12.059000,9.7259,9.72022,1800000,1200000
2022-08-18 07:58:12.172000,9.72525,9.72022,1200000,1200000
2022-08-18 07:58:12.273000,9.7251,9.72022,1200000,1800000
2022-08-18 07:58:12.386000,9.72507,9.72022,1200000,1800000
2022-08-18 07:58:12.487000,9.72503,9.72023,1200000,1800000
2022-08-18 07:58:12.588000,9.72523,9.72022,1200000,1200000
2022-08-18 07:58:12.742000,9.72592,9.72023,1800000,1200000
2022-08-18 07:58:12.843000,9.72558,9.72022,1800000,1200000
2022-08-18 07:58:12.944000,9.72525,9.72022,1200000,1200000
2022-08-18 07:58:13.067000,9.72511,9.72022,1800000,1800000
2022-08-18 07:58:13.168000,9.72469,9.72022,1200000,1800000
2022-08-18 07:58:13.398000,9.72458,9.72023,1200000,1800000
2022-08-18 07:58:13.549000,9.72449,9.72022,1200000,1800000
2022-08-18 07:58:13.600000,9.72449,9.72022,1200000,1200000
2022-08-18 07:58:13.651000,9.72459,9.72022,1200000,1200000
2022-08-18 07:58:13.959000,9.72449,9.72022,1200000,1200000
2022-08-18 07:58:14.344000,9.7244,9.72022,1200000,1200000
2022-08-18 07:58:15.015000,9.72459,9.72022,1200000,1800000
2022-08-18 07:58:15.116000,9.7243,9.72022,1200000,1800000
2022-08-18 07:58:15.217000,9.7243,9.72022,1800000,1800000
2022-08-18 07:58:15.419000,9.7244,9.72022,1200000,1800000
2022-08-18 07:58:15.631000,9.72439,9.72023,1200000,1800000
2022-08-18 07:58:15.682000,9.72429,9.72023,1200000,1800000
2022-08-18 07:58:15.833000,9.7243,9.72022,1200000,1800000
2022-08-18 07:58:15.999000,9.7243,9.72022,1200000,1800000
2022-08-18 07:58:16.200000,9.72476,9.72022,1200000,1800000
2022-08-18 07:58:16.251000,9.72444,9.72022,1200000,1800000
2022-08-18 07:58:16.491000,9.72429,9.72023,1200000,1800000
2022-08-18 07:58:16.592000,9.72476,9.72309,1200000,1200000
2022-08-18 07:58:16.643000,9.72476,9.72184,1200000,1200000
2022-08-18 07:58:16.694000,9.72498,9.72184,1200000,1200000
2022-08-18 07:58:16.795000,9.72429,9.72033,1200000,1800000
2022-08-18 07:58:16.845000,9.72618,9.72022,1500000,1800000
2022-08-18 07:58:16.996000,9.72553,9.72022,1200000,1800000
2022-08-18 07:58:17.097000,9.72513,9.72023,1200000,1800000
2022-08-18 07:58:17.198000,9.72514,9.72032,1800000,1800000
2022-08-18 07:58:17.401000,9.72514,9.72032,1800000,1800000
2022-08-18 07:58:17.602000,9.7252,9.72022,1800000,1800000
2022-08-18 07:58:17.703000,9.72449,9.72022,1200000,1800000
2022-08-18 07:58:18.200000,9.72449,9.72022,1800000,1800000
2022-08-18 07:58:18.452000,9.72449,9.72022,1200000,1800000
2022-08-18 07:58:18.687000,9.72449,9.72022,1800000,1800000
2022-08-18 07:58:18.986000,9.7243,9.72022,1200000,1800000
2022-08-18 07:58:19.138000,9.7243,9.72022,1800000,1800000
2022-08-18 07:58:19.257000,9.72411,9.72022,1800000,1800000
2022-08-18 07:58:19.361000,9.72343,9.72023,1200000,1800000
2022-08-18 07:58:19.411000,9.72411,9.72022,1340000,1800000
2022-08-18 07:58:19.619000,9.7244,9.72022,1800000,1800000
2022-08-18 07:58:19.788000,9.7244,9.72022,1800000,1800000
2022-08-18 07:58:20.040000,9.7243,9.72022,1800000,1800000
2022-08-18 07:58:20.191000,9.7243,9.72022,1800000,1800000
2022-08-18 07:58:20.401000,9.72421,9.72022,1800000,1800000
2022-08-18 07:58:20.616000,9.72421,9.72022,1200000,1200000
2022-08-18 07:58:21.079000,9.72491,9.72022,1800000,1200000
2022-08-18 07:58:21.130000,9.7243,9.72022,1200000,1200000
2022-08-18 07:58:21.382000,9.72421,9.72022,1200000,1200000
2022-08-18 07:58:21.483000,9.72421,9.72022,1800000,1800000
2022-08-18 07:58:21.692000,9.7244,9.72022,1200000,1800000
2022-08-18 07:58:21.792000,9.7242,9.72023,1800000,1800000
2022-08-18 07:58:22.002000,9.72421,9.72022,1200000,1800000
2022-08-18 07:58:22.103000,9.7243,9.72022,1200000,1800000
2022-08-18 07:58:22.583000,9.7243,9.72022,1200000,1200000
2022-08-18 07:58:22.734000,9.7244,9.72022,1200000,1200000
2022-08-18 07:58:22.855000,9.72421,9.72022,1200000,1200000
2022-08-18 07:58:23.057000,9.72491,9.72022,1200000,1200000
2022-08-18 07:58:23.108000,9.72439,9.72023,1200000,1200000
2022-08-18 07:58:23.209000,9.7244,9.71953,1200000,1200000
2022-08-18 07:58:23.310000,9.7244,9.72022,1800000,1200000
2022-08-18 07:58:23.511000,9.7245,9.72022,1800000,1800000
2022-08-18 07:58:23.771000,9.7245,9.72022,1800000,1800000
2022-08-18 07:58:23.971000,9.7245,9.72022,1800000,1800000
2022-08-18 07:58:24.720000,9.72438,9.72022,1800000,1800000
2022-08-18 07:58:24.922000,9.72449,9.72023,1200000,1800000
2022-08-18 07:58:24.973000,9.7245,9.72022,1200000,1800000
2022-08-18 07:58:25.174000,9.7245,9.72022,1200000,1800000
2022-08-18 07:58:25.383000,9.7245,9.72022,1200000,1800000
2022-08-18 07:58:25.585000,9.7245,9.72022,1500000,1500000
2022-08-18 07:58:25.635000,9.7245,9.72047,1500000,1500000
2022-08-18 07:58:25.787000,9.72449,9.72044,1500000,2100000
2022-08-18 07:58:25.888000,9.7245,9.72051,2100000,2100000
2022-08-18 07:58:26.186000,9.7245,9.72035,1500000,2100000
2022-08-18 07:58:26.394000,9.7245,9.72046,1500000,2100000
2022-08-18 07:58:26.583000,9.7245,9.72046,1500000,1500000
2022-08-18 07:58:26.684000,9.7245,9.72029,1500000,1500000
2022-08-18 07:58:26.790000,9.7245,9.72025,1500000,1500000
2022-08-18 07:58:26.944000,9.7245,9.72022,1500000,1500000
2022-08-18 07:58:27.402000,9.7245,9.72022,1200000,1200000
2022-08-18 07:58:27.821000,9.7245,9.72022,1500000,1500000
2022-08-18 07:58:27.872000,9.7245,9.72022,1200000,1200000
2022-08-18 07:58:28.023000,9.7245,9.72022,1800000,1800000
2022-08-18 07:58:28.215000,9.7245,9.72022,1800000,1800000
2022-08-18 07:58:28.426000,9.7245,9.72022,1800000,1800000
2022-08-18 07:58:28.629000,9.7245,9.72022,1800000,1800000
2022-08-18 07:58:28.751000,9.7245,9.72022,2100000,2100000
2022-08-18 07:58:28.873000,9.7245,9.72022,2100000,2100000
2022-08-18 07:58:29.282000,9.7245,9.72022,2100000,2100000
2022-08-18 07:58:29.497000,9.7245,9.72022,1500000,1500000
2022-08-18 07:58:30.061000,9.7245,9.72022,1500000,1500000
2022-08-18 07:58:30.338000,9.7245,9.72022,1500000,1500000
2022-08-18 07:58:30.906000,9.7245,9.72022,1500000,1500000
2022-08-18 07:58:30.956000,9.7245,9.72022,1500000,1500000
2022-08-18 07:58:31.057000,9.72449,9.72023,2100000,2100000
2022-08-18 07:58:31.259000,9.7245,9.72022,2100000,1500000
2022-08-18 07:58:31.360000,9.7245,9.72022,2100000,1500000
2022-08-18 07:58:31.490000,9.7245,9.72022,2100000,1500000
2022-08-18 07:58:31.541000,9.7245,9.72022,2100000,1500000
2022-08-18 07:58:31.642000,9.7245,9.72022,2100000,1500000
2022-08-18 07:58:31.745000,9.72449,9.72023,2100000,1500000
2022-08-18 07:58:31.800000,9.7245,9.72022,1500000,1500000
2022-08-18 07:58:32.003000,9.7245,9.72022,1500000,1500000
2022-08-18 07:58:32.160000,9.7245,9.72027,1500000,1500000
2022-08-18 07:58:32.261000,9.7245,9.72022,1500000,1500000
2022-08-18 07:58:32.314000,9.7245,9.72022,1500000,1500000
2022-08-18 07:58:32.364000,9.7245,9.72025,1500000,1500000
2022-08-18 07:58:32.415000,9.7245,9.72022,1500000,1500000
2022-08-18 07:58:32.520000,9.72449,9.72023,1500000,1500000
2022-08-18 07:58:32.621000,9.7245,9.72022,1500000,1500000
2022-08-18 07:58:32.948000,9.72449,9.72023,1500000,1500000
2022-08-18 07:58:33.049000,9.72449,9.72023,2100000,1500000
2022-08-18 07:58:33.100000,9.7245,9.72022,2100000,1500000
2022-08-18 07:58:33.201000,9.7245,9.72022,1500000,1500000
2022-08-18 07:58:33.402000,9.7245,9.72022,1500000,1500000
2022-08-18 07:58:33.811000,9.7245,9.72022,1500000,1500000
2022-08-18 07:58:33.912000,9.7245,9.72022,1500000,1500000
2022-08-18 07:58:34.416000,9.7245,9.72022,1500000,1500000
2022-08-18 07:58:34.595000,9.7245,9.72022,1500000,1500000
2022-08-18 07:58:34.736000,9.7245,9.72022,1500000,1500000
2022-08-18 07:58:34.787000,9.7245,9.72022,1500000,1500000
2022-08-18 07:58:34.906000,9.7245,9.72022,1500000,1500000
2022-08-18 07:58:35.034000,9.72449,9.72023,1500000,1500000
2022-08-18 07:58:35.084000,9.7245,9.72022,1500000,3000000
2022-08-18 07:58:35.159000,9.7245,9.72022,1500000,1500000
2022-08-18 07:58:35.384000,9.7245,9.72022,1500000,3000000
2022-08-18 07:58:35.445000,9.7245,9.72022,1500000,3000000
2022-08-18 07:58:35.915000,9.7245,9.72022,1500000,3000000
2022-08-18 07:58:36.350000,9.7245,9.72026,1500000,1500000
2022-08-18 07:58:36.551000,9.7245,9.72028,2100000,2100000
2022-08-18 07:58:36.753000,9.7245,9.72022,2100000,2100000
2022-08-18 07:58:36.890000,9.7245,9.72022,2100000,2100000
2022-08-18 07:58:36.991000,9.7243,9.72023,2100000,1500000
2022-08-18 07:58:37.092000,9.7245,9.72022,2100000,1500000
2022-08-18 07:58:37.142000,9.72449,9.72023,1500000,2100000
2022-08-18 07:58:37.193000,9.7245,9.72022,1500000,2100000
2022-08-18 07:58:37.294000,9.72421,9.72022,1500000,2100000
2022-08-18 07:58:37.419000,9.72421,9.72022,1500000,2100000
2022-08-18 07:58:37.520000,9.7242,9.72023,1500000,2100000
2022-08-18 07:58:37.571000,9.72421,9.72022,1500000,2100000
2022-08-18 07:58:37.621000,9.72421,9.72022,1500000,2100000
2022-08-18 07:58:38.140000,9.7245,9.72036,1500000,1500000
2022-08-18 07:58:38.241000,9.7245,9.72022,2100000,2100000
2022-08-18 07:58:38.442000,9.7245,9.72022,1500000,2100000
2022-08-18 07:58:38.666000,9.72449,9.72023,1500000,2100000
2022-08-18 07:58:39.066000,9.7245,9.72022,1800000,1800000
2022-08-18 07:58:39.274000,9.7245,9.72022,1800000,1800000
2022-08-18 07:58:39.444000,9.7245,9.72022,1800000,1800000
2022-08-18 07:58:39.761000,9.7245,9.72022,1800000,1800000
2022-08-18 07:58:39.932000,9.7245,9.72022,1800000,1200000
2022-08-18 07:58:40.134000,9.7245,9.72022,1200000,1800000
2022-08-18 07:58:40.609000,9.7245,9.72022,1200000,1200000
2022-08-18 07:58:40.962000,9.7245,9.72022,1500000,1500000
2022-08-18 07:58:41.076000,9.7245,9.72022,2100000,1500000
2022-08-18 07:58:41.247000,9.7245,9.72022,2100000,1500000
2022-08-18 07:58:41.428000,9.7245,9.72022,1500000,1500000
2022-08-18 07:58:41.478000,9.7245,9.72022,1500000,1500000
2022-08-18 07:58:41.690000,9.7245,9.72022,1500000,1500000
2022-08-18 07:58:41.761000,9.7245,9.72022,1200000,1200000
2022-08-18 07:58:41.916000,9.7245,9.72022,1500000,1500000
2022-08-18 07:58:41.967000,9.72449,9.72023,1500000,1500000
2022-08-18 07:58:42.113000,9.7245,9.72022,1200000,1200000
2022-08-18 07:58:42.163000,9.72449,9.72023,1500000,1500000
2022-08-18 07:58:42.228000,9.7245,9.72022,1500000,1500000
2022-08-18 07:58:42.341000,9.7245,9.72022,1500000,1500000
2022-08-18 07:58:42.542000,9.7245,9.72022,1200000,1200000
2022-08-18 07:58:44.997000,9.7245,9.72043,1500000,1500000
2022-08-18 07:58:45.048000,9.7245,9.72022,1500000,1500000
2022-08-18 07:58:45.099000,9.7245,9.72022,1500000,1500000
2022-08-18 07:58:45.149000,9.7245,9.72022,1500000,1500000
2022-08-18 07:58:45.200000,9.7245,9.72022,1500000,2100000
2022-08-18 07:58:45.250000,9.7245,9.72022,1500000,2100000
2022-08-18 07:58:45.301000,9.7245,9.72022,1200000,1800000
2022-08-18 07:58:45.402000,9.7245,9.72022,1500000,2100000
2022-08-18 07:58:45.503000,9.7245,9.72022,1500000,2100000
2022-08-18 07:58:45.554000,9.72449,9.72023,1500000,2100000
2022-08-18 07:58:45.655000,9.7245,9.72022,1500000,1500000
2022-08-18 07:58:45.761000,9.7245,9.72022,1500000,2100000
2022-08-18 07:58:46.493000,9.72449,9.72043,1500000,2100000
2022-08-18 07:58:46.664000,9.7245,9.72042,1500000,2100000
2022-08-18 07:58:46.764000,9.7245,9.72042,1500000,2100000
2022-08-18 07:58:46.815000,9.7245,9.72042,1500000,2100000
2022-08-18 07:58:46.919000,9.7245,9.72042,1500000,2100000
2022-08-18 07:58:49.068000,9.7245,9.72049,1500000,1500000
2022-08-18 07:58:49.245000,9.7245,9.72048,1500000,2100000
2022-08-18 07:58:49.916000,9.7245,9.72065,1500000,2100000
2022-08-18 07:58:50.023000,9.7245,9.72066,1500000,1500000
2022-08-18 07:58:50.439000,9.7245,9.72069,1500000,1500000
2022-08-18 07:58:50.490000,9.7245,9.72069,1500000,1500000
2022-08-18 07:58:50.540000,9.7245,9.72071,1500000,1500000
2022-08-18 07:58:50.641000,9.7245,9.7203,1500000,1500000
2022-08-18 07:58:50.692000,9.7245,9.72068,1500000,1500000
2022-08-18 07:58:50.743000,9.72449,9.72039,1500000,1500000
2022-08-18 07:58:50.793000,9.7245,9.72058,1500000,1500000
2022-08-18 07:58:50.894000,9.7245,9.72057,1500000,1640000
2022-08-18 07:58:51.027000,9.7245,9.72057,1500000,1640000
2022-08-18 07:58:51.078000,9.7245,9.72044,1500000,2100000
2022-08-18 07:58:51.179000,9.72449,9.72023,1500000,2100000
2022-08-18 07:58:51.230000,9.7245,9.72029,1500000,2100000
2022-08-18 07:58:51.428000,9.72449,9.7203,1500000,2100000
2022-08-18 07:58:51.479000,9.7245,9.72027,1500000,2100000
2022-08-18 07:58:51.530000,9.7245,9.72029,1500000,2100000
2022-08-18 07:58:52.243000,9.72449,9.72031,1500000,2100000
2022-08-18 07:58:52.445000,9.7245,9.72043,1500000,2100000
2022-08-18 07:58:52.546000,9.72449,9.72056,1500000,2100000
2022-08-18 07:58:52.774000,9.7245,9.72055,1500000,2100000
2022-08-18 07:58:53.664000,9.7245,9.72049,1500000,2100000
2022-08-18 07:58:53.869000,9.7245,9.72045,1500000,2100000
2022-08-18 07:58:54.257000,9.7245,9.72045,1500000,2100000
2022-08-18 07:58:54.535000,9.7245,9.72045,1500000,2100000
2022-08-18 07:58:54.698000,9.7245,9.72045,1500000,2100000
2022-08-18 07:58:54.900000,9.7245,9.72045,1500000,2100000
2022-08-18 07:58:55.153000,9.7245,9.72036,1500000,2100000
2022-08-18 07:58:55.204000,9.7245,9.72049,1500000,2100000
2022-08-18 07:58:55.317000,9.7245,9.72049,1500000,2100000
2022-08-18 07:58:55.864000,9.7245,9.72062,1500000,2100000
2022-08-18 07:58:55.965000,9.7245,9.72057,1500000,2100000
2022-08-18 07:58:56.480000,9.7245,9.72057,1500000,2100000
2022-08-18 07:58:56.531000,9.72449,9.72058,1500000,2100000
2022-08-18 07:58:56.581000,9.7245,9.72047,1500000,2100000
2022-08-18 07:58:56.682000,9.7245,9.72057,1500000,2100000
2022-08-18 07:58:56.834000,9.7245,9.72045,1500000,2100000
2022-08-18 07:58:56.935000,9.72449,9.72054,1500000,2100000
2022-08-18 07:58:57.136000,9.7245,9.72051,1500000,2100000
2022-08-18 07:58:58.029000,9.7245,9.72062,1500000,2100000
2022-08-18 07:58:58.080000,9.7245,9.72058,1500000,2100000
2022-08-18 07:58:59.120000,9.7245,9.72061,1500000,2100000
2022-08-18 07:58:59.171000,9.7245,9.7204,1500000,2100000
2022-08-18 07:58:59.322000,9.7245,9.71947,1500000,2100000
2022-08-18 07:58:59.373000,9.7245,9.72,1500000,1500000
2022-08-18 07:58:59.423000,9.7245,9.71993,1500000,1500000
2022-08-18 07:58:59.474000,9.7245,9.71993,1500000,1500000
2022-08-18 07:58:59.553000,9.7245,9.71976,1500000,2100000
2022-08-18 07:58:59.654000,9.7245,9.71902,1200000,1800000
2022-08-18 07:58:59.755000,9.7245,9.71932,1200000,1800000
2022-08-18 07:58:59.906000,9.7245,9.71862,1200000,1800000
2022-08-18 07:59:00.158000,9.7245,9.71888,1200000,1200000
2022-08-18 07:59:00.259000,9.7245,9.71762,1200000,1500000
2022-08-18 07:59:00.310000,9.7245,9.72135,1200000,440000
2022-08-18 07:59:00.411000,9.72449,9.7217,1200000,440000
2022-08-18 07:59:00.613000,9.7245,9.71897,1200000,1500000
2022-08-18 07:59:00.815000,9.7245,9.71897,1200000,1800000
2022-08-18 07:59:00.916000,9.7245,9.72183,1200000,440000
2022-08-18 07:59:01.067000,9.72449,9.71935,1200000,1800000
2022-08-18 07:59:01.118000,9.7245,9.72235,1200000,440000
2022-08-18 07:59:01.219000,9.7245,9.72097,1200000,440000
2022-08-18 07:59:01.420000,9.7245,9.71752,1200000,1800000
2022-08-18 07:59:01.622000,9.7245,9.72146,1200000,440000
2022-08-18 07:59:01.774000,9.7245,9.71982,1200000,1800000
2022-08-18 07:59:02.076000,9.7245,9.71992,1200000,1800000
2022-08-18 07:59:02.278000,9.72531,9.71937,900000,1800000
2022-08-18 07:59:02.379000,9.72986,9.72185,1200000,440000
2022-08-18 07:59:02.480000,9.72986,9.71897,1200000,1800000
2022-08-18 07:59:02.631000,9.72947,9.71934,1200000,1800000
2022-08-18 07:59:02.732000,9.72938,9.71937,1200000,1800000
2022-08-18 07:59:03.356000,9.72938,9.71897,1200000,1800000
2022-08-18 07:59:03.457000,9.7286,9.71934,900000,1800000
2022-08-18 07:59:03.508000,9.7286,9.71897,900000,1800000
2022-08-18 07:59:03.940000,9.72859,9.72006,900000,1800000
2022-08-18 07:59:04.244000,9.7286,9.71937,900000,1500000
2022-08-18 07:59:04.554000,9.72909,9.72067,900000,1200000
2022-08-18 07:59:04.907000,9.72908,9.72068,900000,1800000
2022-08-18 07:59:05.008000,9.72937,9.72116,900000,1200000
2022-08-18 07:59:05.109000,9.72929,9.71956,900000,1800000
2022-08-18 07:59:05.210000,9.7283,9.71937,900000,1800000
2022-08-18 07:59:05.770000,9.7283,9.72065,1130000,2100000
2022-08-18 07:59:05.871000,9.7283,9.72124,1500000,1500000
2022-08-18 07:59:05.922000,9.7283,9.71948,1130000,2100000
2022-08-18 07:59:05.972000,9.7283,9.72136,1130000,1500000
2022-08-18 07:59:06.518000,9.72852,9.72145,1130000,1500000
2022-08-18 07:59:06.619000,9.72857,9.72146,1130000,1500000
2022-08-18 07:59:06.720000,9.72864,9.72145,1130000,1500000
2022-08-18 07:59:06.771000,9.72883,9.72146,1130000,2100000
2022-08-18 07:59:06.821000,9.72884,9.72145,1130000,2100000
2022-08-18 07:59:06.922000,9.72907,9.72145,1130000,2100000
2022-08-18 07:59:07.014000,9.72905,9.72145,1130000,2100000
2022-08-18 07:59:07.115000,9.72939,9.72193,1130000,1500000
2022-08-18 07:59:07.333000,9.73385,9.72194,1200000,1500000
2022-08-18 07:59:07.384000,9.72976,9.72193,1130000,1500000
2022-08-18 07:59:07.703000,9.73079,9.72215,230000,1500000
2022-08-18 07:59:07.754000,9.73033,9.72235,1130000,1500000
2022-08-18 07:59:07.856000,9.73015,9.72173,1130000,1500000
2022-08-18 07:59:07.906000,9.73015,9.72169,1130000,1500000
2022-08-18 07:59:07.957000,9.72986,9.72215,1130000,1500000
2022-08-18 07:59:08.007000,9.72986,9.72215,1130000,1500000
2022-08-18 07:59:08.058000,9.72976,9.72205,1130000,1500000
2022-08-18 07:59:08.637000,9.72975,9.7217,1500000,2100000
2022-08-18 07:59:08.738000,9.72976,9.72169,1500000,2100000
2022-08-18 07:59:09.095000,9.72976,9.72169,1500000,2100000
2022-08-18 07:59:09.199000,9.72976,9.72169,1500000,2100000
2022-08-18 07:59:09.580000,9.72976,9.72169,1500000,2100000
2022-08-18 07:59:09.960000,9.72976,9.72171,1500000,2100000
2022-08-18 07:59:10.111000,9.73057,9.72165,1500000,2100000
2022-08-18 07:59:10.162000,9.73005,9.72049,1500000,2100000
2022-08-18 07:59:10.263000,9.72975,9.72098,1200000,1800000
2022-08-18 07:59:10.364000,9.73005,9.72086,1500000,2100000
2022-08-18 07:59:10.415000,9.73015,9.72098,1500000,2100000
2022-08-18 07:59:10.465000,9.73014,9.72099,1500000,2100000
2022-08-18 07:59:10.566000,9.73005,9.72115,1200000,1800000
2022-08-18 07:59:10.617000,9.73015,9.72108,1500000,2100000
2022-08-18 07:59:10.668000,9.73015,9.72108,1500000,2100000
2022-08-18 07:59:10.718000,9.72996,9.72189,1200000,1800000
2022-08-18 07:59:10.870000,9.72996,9.72191,1200000,1800000
2022-08-18 07:59:11.059000,9.72996,9.72199,1200000,1800000
2022-08-18 07:59:11.160000,9.73014,9.72205,1200000,1800000
2022-08-18 07:59:11.261000,9.73024,9.72204,1200000,1800000
2022-08-18 07:59:11.362000,9.73014,9.72211,1200000,1800000
2022-08-18 07:59:11.463000,9.73015,9.72212,1200000,1800000
2022-08-18 07:59:12.279000,9.73015,9.72112,1200000,1800000
2022-08-18 07:59:12.485000,9.73015,9.72127,1200000,1800000
2022-08-18 07:59:12.687000,9.73015,9.72112,1200000,1800000
2022-08-18 07:59:13.145000,9.73015,9.72293,1200000,1200000
2022-08-18 07:59:13.246000,9.73015,9.72112,1200000,1800000
2022-08-18 07:59:13.347000,9.73005,9.72112,1200000,1800000
2022-08-18 07:59:13.540000,9.73005,9.72112,900000,1800000
2022-08-18 07:59:13.641000,9.73005,9.72134,900000,1800000
2022-08-18 07:59:13.792000,9.73005,9.72419,900000,440000
2022-08-18 07:59:13.893000,9.73005,9.72424,900000,440000
2022-08-18 07:59:14.112000,9.73005,9.72142,900000,1800000
2022-08-18 07:59:14.313000,9.73004,9.72429,900000,440000
2022-08-18 07:59:14.473000,9.73005,9.72142,900000,1800000
2022-08-18 07:59:15.022000,9.73094,9.72118,900000,1800000
2022-08-18 07:59:15.072000,9.73083,9.72324,1200000,1200000
2022-08-18 07:59:15.173000,9.7316,9.72324,1200000,1200000
2022-08-18 07:59:15.229000,9.7323,9.72324,900000,1200000
2022-08-18 07:59:15.280000,9.73292,9.72324,120000,1200000
2022-08-18 07:59:15.381000,9.73292,9.72325,120000,1200000
2022-08-18 07:59:15.483000,9.73292,9.72324,120000,1200000
2022-08-18 07:59:15.584000,9.73293,9.72636,120000,900000
2022-08-18 07:59:15.634000,9.73293,9.72127,120000,1500000
2022-08-18 07:59:15.735000,9.73293,9.72136,120000,1500000
2022-08-18 07:59:15.786000,9.7448,9.72364,900000,440000
2022-08-18 07:59:15.910000,9.7448,9.72108,1500000,1500000
2022-08-18 07:59:16.113000,9.7488,9.72013,900000,1200000
2022-08-18 07:59:16.365000,9.74959,9.70415,900000,440000
2022-08-18 07:59:16.445000,9.75086,9.70414,900000,440000
2022-08-18 07:59:16.596000,9.75084,9.70464,900000,900000
2022-08-18 07:59:16.769000,9.75081,9.70319,900000,900000
2022-08-18 07:59:16.999000,9.75072,9.70253,900000,900000
2022-08-18 07:59:17.099000,9.75045,9.70066,900000,900000
2022-08-18 07:59:17.200000,9.75071,9.70066,900000,900000
2022-08-18 07:59:17.252000,9.7507,9.69983,900000,900000
2022-08-18 07:59:17.404000,9.75077,9.69983,900000,900000
2022-08-18 07:59:17.504000,9.75347,9.70077,900000,900000
2022-08-18 07:59:17.605000,9.75347,9.69983,900000,1800000
2022-08-18 07:59:17.757000,9.75347,9.70057,900000,1800000
2022-08-18 07:59:17.858000,9.75342,9.70137,900000,900000
2022-08-18 07:59:18.006000,9.75342,9.70203,900000,900000
2022-08-18 07:59:18.259000,9.75341,9.70233,900000,900000
2022-08-18 07:59:18.499000,9.75353,9.70326,900000,900000
2022-08-18 07:59:25.204000,9.7336,9.71289,230000,230000
2022-08-18 07:59:26.066000,9.7336,9.71251,230000,230000
2022-08-18 07:59:26.167000,9.73512,9.71099,230000,230000
2022-08-18 07:59:26.268000,9.72663,9.71896,230000,230000
2022-08-18 07:59:26.369000,9.7287,9.719,230000,230000
2022-08-18 07:59:26.419000,9.72651,9.71673,230000,1200000
2022-08-18 07:59:26.470000,9.72737,9.71916,230000,230000
2022-08-18 07:59:26.571000,9.72728,9.71921,1200000,1130000
2022-08-18 07:59:26.621000,9.72731,9.71923,230000,230000
2022-08-18 07:59:26.823000,9.75112,9.69648,440000,900000
2022-08-18 07:59:28.649000,9.74917,9.69573,900000,900000
2022-08-18 07:59:28.750000,9.74916,9.69532,900000,440000
2022-08-18 07:59:28.851000,9.74891,9.69563,900000,900000
2022-08-18 07:59:29.054000,9.7491,9.70104,900000,900000
2022-08-18 07:59:29.431000,9.74919,9.70104,900000,900000
2022-08-18 07:59:29.531000,9.74952,9.69609,900000,900000
2022-08-18 07:59:29.738000,9.74951,9.69602,900000,900000
2022-08-18 07:59:29.838000,9.7495,9.69597,900000,900000
2022-08-18 07:59:30.142000,9.7495,9.69592,900000,900000
2022-08-18 07:59:30.342000,9.7495,9.69521,900000,800000
2022-08-18 07:59:30.544000,9.7495,9.6952,900000,800000
2022-08-18 07:59:31.717000,9.73076,9.71841,1200000,1200000
2022-08-18 07:59:32.835000,9.73076,9.71841,1200000,1200000
2022-08-18 07:59:32.931000,9.73047,9.71802,1200000,1200000
2022-08-18 07:59:32.982000,9.73047,9.71802,1200000,1200000
2022-08-18 07:59:33.083000,9.73047,9.71802,1200000,1200000
2022-08-18 07:59:33.262000,9.73036,9.71803,1200000,1200000
2022-08-18 07:59:33.313000,9.73047,9.71802,1200000,1200000
2022-08-18 07:59:33.984000,9.73037,9.71802,1200000,1200000
2022-08-18 07:59:34.035000,9.73047,9.71812,1200000,1200000
2022-08-18 07:59:34.296000,9.73047,9.71793,1200000,1200000
2022-08-18 07:59:34.687000,9.73037,9.71783,1200000,1200000
2022-08-18 07:59:34.797000,9.73037,9.71783,1200000,1200000
2022-08-18 07:59:34.953000,9.73047,9.71802,1200000,1200000
2022-08-18 07:59:35.004000,9.73047,9.71802,1200000,1200000
2022-08-18 07:59:35.483000,9.73047,9.71755,1200000,1200000
2022-08-18 07:59:35.861000,9.73047,9.71812,1200000,1200000
2022-08-18 07:59:36.207000,9.73057,9.71821,1200000,1200000
2022-08-18 07:59:36.359000,9.73057,9.71821,1200000,1200000
2022-08-18 07:59:38.216000,9.75217,9.69688,900000,1040000
2022-08-18 07:59:38.317000,9.75218,9.70317,900000,1800000
2022-08-18 07:59:38.548000,9.75217,9.69688,900000,1040000
2022-08-18 07:59:38.648000,9.75218,9.69876,900000,1200000
2022-08-18 07:59:39.552000,9.7522,9.6975,900000,440000
2022-08-18 07:59:41.022000,9.7522,9.6975,900000,1040000
2022-08-18 07:59:41.690000,9.7522,9.70277,900000,1800000
2022-08-18 07:59:41.792000,9.7522,9.70272,900000,1800000
2022-08-18 07:59:45.041000,9.7522,9.70273,900000,1800000
2022-08-18 07:59:46.452000,9.72824,9.70273,230000,1800000
2022-08-18 07:59:46.553000,9.72831,9.71111,1500000,230000
2022-08-18 07:59:46.603000,9.74162,9.69745,440000,1200000
2022-08-18 07:59:46.654000,9.74271,9.69553,440000,1200000
2022-08-18 07:59:46.755000,9.74271,9.69895,440000,900000
2022-08-18 07:59:46.958000,9.75059,9.69929,1040000,900000
2022-08-18 07:59:47.163000,9.74799,9.69938,1200000,900000
2022-08-18 07:59:47.395000,9.75034,9.69962,1040000,900000
2022-08-18 07:59:47.495000,9.75,9.6994,1040000,900000
2022-08-18 07:59:47.596000,9.74999,9.69931,1040000,900000
2022-08-18 07:59:47.784000,9.74725,9.6993,1200000,900000
2022-08-18 07:59:48.109000,9.74947,9.69676,1040000,1200000
2022-08-18 07:59:48.210000,9.74948,9.69538,1040000,1500000
2022-08-18 07:59:48.311000,9.74943,9.69584,1040000,1500000
2022-08-18 07:59:48.495000,9.74671,9.69726,440000,900000
2022-08-18 07:59:48.545000,9.75037,9.69726,1500000,1200000
2022-08-18 07:59:48.596000,9.75028,9.69635,1200000,1500000
2022-08-18 07:59:48.701000,9.74591,9.69634,440000,900000
2022-08-18 07:59:48.802000,9.74735,9.69742,1500000,900000
2022-08-18 07:59:48.953000,9.7473,9.69742,1200000,1200000
2022-08-18 07:59:49.004000,9.74943,9.69456,1500000,1500000
2022-08-18 07:59:49.155000,9.75001,9.69456,1040000,1500000
2022-08-18 07:59:49.353000,9.75,9.69421,1040000,960000
2022-08-18 07:59:49.504000,9.74977,9.69478,1040000,1500000
2022-08-18 07:59:49.905000,9.74541,9.69583,440000,1200000
2022-08-18 07:59:50.020000,9.74387,9.69574,440000,900000
2022-08-18 07:59:50.121000,9.74388,9.69546,440000,900000
2022-08-18 07:59:50.301000,9.74976,9.69496,1040000,900000
2022-08-18 07:59:50.401000,9.74682,9.6915,440000,920000
2022-08-18 07:59:51.009000,9.75059,9.69756,1040000,900000
2022-08-18 07:59:51.110000,9.74882,9.69757,440000,1500000
2022-08-18 07:59:51.620000,9.74694,9.69601,440000,1200000
2022-08-18 07:59:51.721000,9.74695,9.696,440000,1500000
2022-08-18 07:59:52.156000,9.75204,9.69867,900000,1200000
2022-08-18 07:59:53.136000,9.72026,9.6978,1500000,1500000
2022-08-18 07:59:53.187000,9.72026,9.69799,1500000,1500000
2022-08-18 07:59:53.305000,9.71807,9.69996,1500000,1500000
2022-08-18 07:59:53.405000,9.71883,9.69917,1500000,1500000
2022-08-18 07:59:53.558000,9.71875,9.69912,1500000,1500000
2022-08-18 07:59:53.659000,9.71788,9.70015,1500000,1500000
2022-08-18 07:59:53.760000,9.71445,9.69769,2930000,1500000
2022-08-18 07:59:53.861000,9.71823,9.70092,2930000,1500000
2022-08-18 07:59:53.911000,9.71648,9.70094,2930000,1500000
2022-08-18 07:59:53.962000,9.71664,9.70055,1500000,1500000
2022-08-18 07:59:55.975000,9.74899,9.69748,900000,1500000
2022-08-18 07:59:57.415000,9.74728,9.69577,900000,1200000
2022-08-18 07:59:57.515000,9.74723,9.69629,900000,1200000
2022-08-18 07:59:58.042000,9.74802,9.69587,440000,900000
2022-08-18 07:59:58.193000,9.7494,9.69502,1040000,1200000
2022-08-18 07:59:58.371000,9.74939,9.69503,1040000,1200000
2022-08-18 07:59:58.495000,9.7494,9.69554,1040000,900000
2022-08-18 07:59:58.625000,9.7494,9.69554,1040000,900000
2022-08-18 07:59:58.696000,9.74749,9.69651,1200000,440000
2022-08-18 07:59:58.797000,9.75028,9.6994,1040000,900000
2022-08-18 07:59:58.925000,9.74998,9.70104,1040000,900000
2022-08-18 07:59:59.026000,9.74998,9.70103,1040000,900000
2022-08-18 07:59:59.126000,9.74998,9.69573,1040000,1040000
2022-08-18 07:59:59.499000,9.75005,9.69578,1040000,440000
2022-08-18 07:59:59.599000,9.74744,9.69657,440000,1200000
2022-08-18 07:59:59.751000,9.74744,9.69656,440000,1200000
2022-08-18 07:59:59.801000,9.75143,9.69655,900000,900000
2022-08-18 08:00:02.160000,9.71339,9.69198,1130000,1500000
2022-08-18 08:00:02.211000,9.71335,9.69198,1130000,1500000
2022-08-18 08:00:05.005000,9.71436,9.69245,1130000,1500000
2022-08-18 08:00:05.056000,9.71436,9.69195,1130000,1500000
2022-08-18 08:00:05.158000,9.7188,9.71493,1130000,130000
2022-08-18 08:00:05.359000,9.71863,9.71492,1130000,130000
2022-08-18 08:00:06.708000,9.71766,9.69195,1130000,1500000
2022-08-18 08:00:06.809000,9.71436,9.69195,1130000,1500000
2022-08-18 08:00:06.936000,9.71826,9.71293,1130000,130000
2022-08-18 08:00:07.592000,9.71795,9.71292,1130000,130000
2022-08-18 08:00:07.693000,9.71789,9.71293,1130000,130000
2022-08-18 08:00:08.029000,9.71786,9.71292,1130000,130000
2022-08-18 08:00:08.295000,9.71786,9.71293,1130000,130000
2022-08-18 08:00:12.528000,9.73356,9.69213,900000,1340000
2022-08-18 08:00:15.701000,9.73245,9.70492,1200000,130000
2022-08-18 08:00:15.802000,9.73065,9.69399,1200000,1200000
2022-08-18 08:00:15.857000,9.73056,9.69399,1200000,1200000
2022-08-18 08:00:16.008000,9.73065,9.70442,1200000,130000
2022-08-18 08:00:17.931000,9.73016,9.70442,1200000,130000
2022-08-18 08:00:18.230000,9.73006,9.70444,1200000,130000
2022-08-18 08:00:18.903000,9.72919,9.70443,1500000,130000
2022-08-18 08:00:18.954000,9.72998,9.70443,1200000,130000
2022-08-18 08:00:19.004000,9.72919,9.70443,1500000,130000
2022-08-18 08:00:19.257000,9.72899,9.70442,1500000,130000
2022-08-18 08:00:19.865000,9.72889,9.70443,1500000,130000
2022-08-18 08:00:20.172000,9.72928,9.70442,1500000,130000
2022-08-18 08:00:20.331000,9.72909,9.70442,1500000,130000
2022-08-18 08:00:20.726000,9.7289,9.70442,1500000,130000
2022-08-18 08:00:21.431000,9.72889,9.70444,1500000,130000
2022-08-18 08:00:24.346000,9.7296,9.70443,1200000,130000
2022-08-18 08:00:24.449000,9.7289,9.70443,1200000,130000
2022-08-18 08:00:25.119000,9.72871,9.70247,1200000,1080000
2022-08-18 08:00:25.270000,9.7296,9.70259,1500000,1310000
2022-08-18 08:00:25.321000,9.72919,9.7028,1200000,1080000
2022-08-18 08:00:25.425000,9.72899,9.70264,1200000,1080000
2022-08-18 08:00:26.010000,9.7289,9.7023,1200000,1080000
2022-08-18 08:00:26.061000,9.72899,9.7023,1200000,1080000
2022-08-18 08:00:26.316000,9.7289,9.70232,1200000,1080000
2022-08-18 08:00:26.794000,9.72661,9.71015,1200000,900000
2022-08-18 08:00:28.297000,9.72803,9.71032,1500000,1130000
2022-08-18 08:00:35.170000,9.72742,9.71094,1200000,900000
2022-08-18 08:00:39.462000,9.72737,9.71094,1200000,900000
2022-08-18 08:00:39.902000,9.72727,9.71094,1200000,900000
2022-08-18 08:00:40.213000,9.72626,9.71031,1200000,900000
2022-08-18 08:00:49.241000,9.72368,9.71183,1200000,1200000
2022-08-18 08:00:53.464000,9.72452,9.71242,1500000,1500000
2022-08-18 08:00:53.515000,9.72451,9.71243,1200000,1200000
2022-08-18 08:01:00.464000,9.72375,9.71141,1200000,1200000
2022-08-18 08:01:00.515000,9.72538,9.71304,1500000,1500000
2022-08-18 08:01:00.566000,9.72496,9.71262,1200000,1200000
2022-08-18 08:01:00.667000,9.72402,9.71168,1500000,1500000
2022-08-18 08:01:00.768000,9.72594,9.7136,1500000,1500000
2022-08-18 08:01:00.818000,9.72765,9.70834,1500000,1500000
2022-08-18 08:01:00.869000,9.72775,9.70705,1500000,2340000
2022-08-18 08:01:00.970000,9.72775,9.70787,1500000,2100000
2022-08-18 08:01:01.041000,9.72765,9.70707,1500000,2340000
2022-08-18 08:01:01.093000,9.72845,9.70707,1200000,2340000
2022-08-18 08:01:01.194000,9.72843,9.70725,1200000,2100000
2022-08-18 08:01:01.295000,9.72775,9.7062,1200000,1800000
2022-08-18 08:01:01.396000,9.72844,9.7062,1200000,2040000
2022-08-18 08:01:01.447000,9.7293,9.70702,1800000,2040000
2022-08-18 08:01:01.548000,9.7294,9.70632,1200000,2040000
2022-08-18 08:01:01.700000,9.7293,9.7059,1200000,1800000
2022-08-18 08:01:01.801000,9.72775,9.7059,1200000,1800000
2022-08-18 08:01:01.952000,9.7294,9.7059,1800000,1800000
2022-08-18 08:01:02.054000,9.72733,9.70591,1200000,2040000
2022-08-18 08:01:02.104000,9.72775,9.70692,1200000,2040000
2022-08-18 08:01:02.155000,9.72774,9.70623,1200000,2280000
2022-08-18 08:01:02.256000,9.72845,9.70596,1200000,2040000
2022-08-18 08:01:02.357000,9.7294,9.70596,1800000,1800000
2022-08-18 08:01:02.408000,9.72775,9.70686,1200000,1800000
2022-08-18 08:01:02.661000,9.72845,9.70686,1200000,1800000
2022-08-18 08:01:02.762000,9.7294,9.70686,1800000,1800000
2022-08-18 08:01:02.864000,9.72774,9.70687,1200000,1800000
2022-08-18 08:01:02.965000,9.727,9.70686,1200000,1800000
2022-08-18 08:01:03.017000,9.72753,9.70686,1200000,1800000
2022-08-18 08:01:03.118000,9.72845,9.70686,1200000,1800000
2022-08-18 08:01:03.169000,9.7294,9.70686,1800000,1800000
2022-08-18 08:01:03.270000,9.72775,9.70686,1200000,1800000
2022-08-18 08:01:03.371000,9.72753,9.70686,1200000,1800000
2022-08-18 08:01:03.482000,9.72845,9.70686,1200000,1800000
2022-08-18 08:01:03.544000,9.7279,9.70686,1200000,1800000
2022-08-18 08:01:03.796000,9.7279,9.70686,1200000,2040000
2022-08-18 08:01:03.897000,9.72775,9.70686,1200000,2280000
2022-08-18 08:01:03.948000,9.72845,9.70686,1200000,2280000
2022-08-18 08:01:03.999000,9.72774,9.70687,1200000,2280000
2022-08-18 08:01:04.100000,9.72845,9.70686,1200000,2160000
2022-08-18 08:01:04.150000,9.72775,9.70686,1200000,2160000
2022-08-18 08:01:04.201000,9.7284,9.70686,1200000,2280000
2022-08-18 08:01:04.302000,9.72775,9.70686,1200000,2040000
2022-08-18 08:01:04.353000,9.7288,9.70686,1800000,2040000
2022-08-18 08:01:04.454000,9.72853,9.70633,1200000,2040000
2022-08-18 08:01:04.505000,9.72868,9.70633,1800000,2040000
2022-08-18 08:01:04.606000,9.72775,9.70633,1200000,2040000
2022-08-18 08:01:04.707000,9.72269,9.70712,900000,2160000
2022-08-18 08:01:04.758000,9.72939,9.70634,1800000,2160000
2022-08-18 08:01:04.822000,9.72279,9.70633,900000,2160000
2022-08-18 08:01:05.440000,9.72845,9.70633,1200000,2160000
2022-08-18 08:01:05.491000,9.72775,9.70633,1200000,2160000
2022-08-18 08:01:05.541000,9.72844,9.70634,1200000,2160000
2022-08-18 08:01:05.592000,9.7294,9.70633,1800000,2040000
2022-08-18 08:01:05.693000,9.72939,9.70634,1800000,2160000
2022-08-18 08:01:05.794000,9.72939,9.70638,1800000,1800000
2022-08-18 08:01:05.845000,9.72775,9.70637,1200000,1800000
2022-08-18 08:01:06.194000,9.72684,9.70663,1200000,1200000
2022-08-18 08:01:06.244000,9.7279,9.70663,1200000,1200000
2022-08-18 08:01:06.295000,9.72841,9.70638,1200000,1800000
2022-08-18 08:01:06.396000,9.72775,9.70637,1200000,1800000
2022-08-18 08:01:06.594000,9.72844,9.70672,1200000,1800000
2022-08-18 08:01:06.644000,9.72803,9.70671,1200000,1800000
2022-08-18 08:01:06.746000,9.72803,9.70692,1200000,1800000
2022-08-18 08:01:06.847000,9.72845,9.70712,1200000,2040000
2022-08-18 08:01:06.948000,9.7294,9.70671,1800000,2160000
2022-08-18 08:01:06.999000,9.72756,9.70671,1200000,2160000
2022-08-18 08:01:07.100000,9.72765,9.70671,1200000,2280000
2022-08-18 08:01:07.202000,9.72765,9.70671,1200000,2040000
2022-08-18 08:01:07.253000,9.72835,9.70702,1200000,2040000
2022-08-18 08:01:07.304000,9.7294,9.70671,1800000,2040000
2022-08-18 08:01:07.405000,9.72764,9.70672,1200000,2040000
2022-08-18 08:01:07.506000,9.72764,9.70672,1200000,2040000
2022-08-18 08:01:07.607000,9.72683,9.70671,1200000,2040000
2022-08-18 08:01:07.794000,9.72305,9.70671,900000,2040000
2022-08-18 08:01:07.954000,9.72764,9.70672,1200000,2040000
2022-08-18 08:01:08.093000,9.72308,9.70672,900000,2040000
2022-08-18 08:01:08.525000,9.72845,9.70671,1800000,2040000
2022-08-18 08:01:08.676000,9.72939,9.70749,1800000,1440000
2022-08-18 08:01:08.777000,9.72765,9.70748,1200000,1200000
2022-08-18 08:01:08.828000,9.7294,9.70748,1800000,1200000
2022-08-18 08:01:08.879000,9.7294,9.70748,1800000,1440000
2022-08-18 08:01:08.980000,9.72765,9.70748,1200000,1440000
2022-08-18 08:01:09.081000,9.72765,9.70748,1200000,1440000
2022-08-18 08:01:09.132000,9.7279,9.70748,1200000,1440000
2022-08-18 08:01:09.233000,9.7294,9.70748,1800000,1200000
2022-08-18 08:01:09.283000,9.72675,9.70748,1200000,1200000
2022-08-18 08:01:09.385000,9.72168,9.70748,900000,1440000
2022-08-18 08:01:09.435000,9.72703,9.70748,1200000,1440000
2022-08-18 08:01:09.536000,9.72698,9.70748,1200000,1200000
2022-08-18 08:01:09.587000,9.72768,9.70748,1800000,1200000
2022-08-18 08:01:09.638000,9.7266,9.70748,1200000,1200000
2022-08-18 08:01:09.826000,9.7273,9.70748,1800000,1200000
2022-08-18 08:01:09.978000,9.72679,9.70748,1200000,1200000
2022-08-18 08:01:10.267000,9.72768,9.70748,1200000,1200000
2022-08-18 08:01:10.368000,9.7294,9.70748,1800000,1200000
2022-08-18 08:01:10.419000,9.72679,9.70748,1200000,1200000
2022-08-18 08:01:10.520000,9.72749,9.70748,1200000,1200000
2022-08-18 08:01:10.571000,9.72883,9.70603,1800000,2040000
2022-08-18 08:01:10.672000,9.72678,9.70603,1200000,2040000
2022-08-18 08:01:10.776000,9.72747,9.70603,1200000,2040000
2022-08-18 08:01:10.877000,9.72919,9.70602,1800000,2040000
2022-08-18 08:01:10.928000,9.72679,9.70602,1200000,2040000
2022-08-18 08:01:11.029000,9.72679,9.70602,1200000,2040000
2022-08-18 08:01:11.081000,9.72748,9.70603,1200000,2040000
2022-08-18 08:01:11.182000,9.72932,9.70633,1800000,2040000
2022-08-18 08:01:11.283000,9.72679,9.70602,1200000,2040000
2022-08-18 08:01:11.334000,9.72915,9.70602,1800000,2040000
2022-08-18 08:01:11.384000,9.72767,9.70622,1200000,2040000
2022-08-18 08:01:11.485000,9.72785,9.70603,1800000,2160000
2022-08-18 08:01:11.536000,9.72679,9.70602,1200000,2160000
2022-08-18 08:01:11.637000,9.72679,9.70602,1200000,2040000
2022-08-18 08:01:11.738000,9.7267,9.70602,1200000,2040000
2022-08-18 08:01:11.839000,9.72164,9.70602,900000,2040000
2022-08-18 08:01:12.202000,9.7267,9.70602,1200000,2040000
2022-08-18 08:01:12.253000,9.7267,9.70602,1200000,2040000
2022-08-18 08:01:12.382000,9.72184,9.70602,900000,2040000
2022-08-18 08:01:12.483000,9.72183,9.70603,900000,2040000
2022-08-18 08:01:12.584000,9.72174,9.70602,900000,2040000
2022-08-18 08:01:12.950000,9.72651,9.70616,1200000,2040000
2022-08-18 08:01:13.073000,9.7272,9.70616,1200000,2040000
2022-08-18 08:01:13.174000,9.72875,9.70616,1800000,2040000
2022-08-18 08:01:13.275000,9.7265,9.70617,1200000,1800000
2022-08-18 08:01:13.376000,9.72651,9.70616,1200000,2040000
2022-08-18 08:01:13.477000,9.7256,9.70616,1200000,2040000
2022-08-18 08:01:13.682000,9.72628,9.70617,1200000,2040000
2022-08-18 08:01:13.732000,9.7258,9.70616,1200000,2040000
2022-08-18 08:01:13.783000,9.7263,9.70616,1200000,2040000
2022-08-18 08:01:13.884000,9.72756,9.70616,1800000,2040000
2022-08-18 08:01:13.985000,9.72651,9.70616,1200000,1800000
2022-08-18 08:01:14.121000,9.72721,9.70616,1200000,2040000
2022-08-18 08:01:14.222000,9.72904,9.70616,2100000,1800000
2022-08-18 08:01:14.323000,9.72651,9.70616,1200000,1800000
2022-08-18 08:01:14.424000,9.72651,9.70616,1200000,2040000
2022-08-18 08:01:14.613000,9.72641,9.70616,1200000,1440000
2022-08-18 08:01:14.664000,9.7272,9.70616,1200000,1440000
2022-08-18 08:01:14.715000,9.7294,9.70616,1800000,1440000
2022-08-18 08:01:14.816000,9.72778,9.70616,1800000,1200000
2022-08-18 08:01:14.867000,9.72603,9.70616,1200000,1200000
2022-08-18 08:01:14.968000,9.72673,9.7059,1200000,1200000
2022-08-18 08:01:15.069000,9.72791,9.70591,1800000,1200000
2022-08-18 08:01:15.271000,9.72098,9.7059,900000,1200000
2022-08-18 08:01:15.372000,9.72088,9.7059,900000,1200000
2022-08-18 08:01:15.423000,9.72792,9.7059,1800000,1200000
2022-08-18 08:01:15.574000,9.7206,9.7059,900000,1200000
2022-08-18 08:01:15.849000,9.7205,9.7059,900000,1200000
2022-08-18 08:01:15.950000,9.72041,9.7059,900000,1200000
2022-08-18 08:01:16.260000,9.72623,9.7059,1200000,1200000
2022-08-18 08:01:16.311000,9.7257,9.7059,1200000,1200000
2022-08-18 08:01:16.412000,9.7262,9.7059,1200000,1200000
2022-08-18 08:01:16.513000,9.72792,9.7059,1800000,1200000
2022-08-18 08:01:16.614000,9.72553,9.7059,1200000,1200000
2022-08-18 08:01:16.716000,9.72066,9.7059,900000,1200000
2022-08-18 08:01:16.867000,9.72038,9.7059,900000,1200000
2022-08-18 08:01:16.997000,9.72017,9.70591,900000,1200000
2022-08-18 08:01:17.048000,9.72565,9.7059,1800000,1200000
2022-08-18 08:01:17.199000,9.72469,9.70591,1200000,1200000
2022-08-18 08:01:17.300000,9.71658,9.70591,900000,1200000
2022-08-18 08:01:17.402000,9.72512,9.70591,1200000,1200000
2022-08-18 08:01:17.503000,9.72578,9.70591,1800000,1200000
2022-08-18 08:01:17.604000,9.72549,9.70591,1200000,1200000
2022-08-18 08:01:17.756000,9.7261,9.7059,1200000,1200000
2022-08-18 08:01:17.807000,9.72769,9.7059,1800000,1200000
2022-08-18 08:01:18.059000,9.72734,9.7059,1800000,1200000
2022-08-18 08:01:18.211000,9.72827,9.7059,1800000,1200000
2022-08-18 08:01:18.413000,9.72827,9.7059,1800000,1800000
2022-08-18 08:01:18.576000,9.72759,9.7059,1800000,1200000
2022-08-18 08:01:18.728000,9.72802,9.70591,1800000,1200000
2022-08-18 08:01:18.930000,9.72802,9.70591,1800000,1200000
2022-08-18 08:01:19.203000,9.72879,9.7059,1800000,1200000
2022-08-18 08:01:19.325000,9.71857,9.7059,900000,1200000
2022-08-18 08:01:20.214000,9.72906,9.7059,1800000,1200000
2022-08-18 08:01:20.264000,9.71867,9.7059,900000,1200000
2022-08-18 08:01:20.378000,9.71857,9.7059,900000,1200000
2022-08-18 08:01:20.429000,9.72879,9.7059,1800000,1200000
2022-08-18 08:01:20.479000,9.72738,9.7059,1200000,1200000
2022-08-18 08:01:20.581000,9.71926,9.70591,900000,1200000
2022-08-18 08:01:20.991000,9.72733,9.7059,1200000,1200000
2022-08-18 08:01:21.042000,9.7271,9.7059,1200000,1200000
2022-08-18 08:01:21.092000,9.72733,9.7059,1200000,1200000
2022-08-18 08:01:21.143000,9.72727,9.70591,1200000,1200000
2022-08-18 08:01:21.244000,9.72733,9.7059,1800000,1200000
2022-08-18 08:01:21.446000,9.72845,9.7059,1800000,1200000
2022-08-18 08:01:21.598000,9.72861,9.7059,1800000,1200000
2022-08-18 08:01:21.800000,9.7287,9.7059,1800000,1800000
2022-08-18 08:01:22.102000,9.72854,9.7059,1800000,1800000
2022-08-18 08:01:22.305000,9.72828,9.7059,1800000,1200000
2022-08-18 08:01:22.355000,9.72863,9.7059,1800000,1200000
2022-08-18 08:01:22.507000,9.7284,9.70591,1800000,1200000
2022-08-18 08:01:22.608000,9.72841,9.7059,1800000,1200000
2022-08-18 08:01:22.762000,9.7284,9.70591,1800000,1200000
2022-08-18 08:01:23.033000,9.7284,9.70591,1800000,1200000
2022-08-18 08:01:23.481000,9.7184,9.7059,900000,1200000
2022-08-18 08:01:23.848000,9.72862,9.7059,1800000,1200000
2022-08-18 08:01:24.272000,9.71801,9.7059,900000,1200000
2022-08-18 08:01:24.733000,9.72536,9.70591,1200000,1200000
2022-08-18 08:01:24.834000,9.72477,9.7059,1200000,1200000
2022-08-18 08:01:24.935000,9.71814,9.7059,900000,1200000
2022-08-18 08:01:25.338000,9.71823,9.7059,1200000,1200000
2022-08-18 08:01:25.389000,9.71907,9.70618,1500000,1500000
2022-08-18 08:01:25.440000,9.71907,9.70618,1200000,1200000
2022-08-18 08:01:25.491000,9.71908,9.70623,1500000,1500000
2022-08-18 08:01:25.541000,9.72713,9.7059,1200000,1200000
2022-08-18 08:01:25.592000,9.72698,9.7059,1200000,1200000
2022-08-18 08:01:25.693000,9.72539,9.7059,1200000,1200000
2022-08-18 08:01:25.744000,9.72698,9.7059,1200000,1200000
2022-08-18 08:01:25.845000,9.71806,9.7059,900000,1200000
2022-08-18 08:01:25.896000,9.72677,9.70591,1200000,1200000
2022-08-18 08:01:25.946000,9.72577,9.7059,1200000,1800000
2022-08-18 08:01:26.047000,9.72708,9.7059,1200000,1800000
2022-08-18 08:01:26.098000,9.72498,9.7059,1200000,1800000
2022-08-18 08:01:26.199000,9.72567,9.70591,2400000,1200000
2022-08-18 08:01:26.351000,9.72624,9.7059,1800000,1200000
2022-08-18 08:01:26.553000,9.72634,9.7059,1800000,1200000
2022-08-18 08:01:26.654000,9.72628,9.7059,1200000,1200000
2022-08-18 08:01:26.856000,9.72624,9.7059,1800000,1200000
2022-08-18 08:01:27.068000,9.7264,9.7059,1800000,1200000
2022-08-18 08:01:27.270000,9.72644,9.7059,1800000,1200000
2022-08-18 08:01:27.371000,9.72644,9.7059,1800000,1200000
2022-08-18 08:01:27.490000,9.72607,9.7059,1800000,1200000
2022-08-18 08:01:27.653000,9.72567,9.7059,1800000,1200000
2022-08-18 08:01:28.057000,9.72607,9.7059,1800000,1200000
2022-08-18 08:01:28.158000,9.72549,9.70591,1800000,1200000
2022-08-18 08:01:28.259000,9.72548,9.7059,1800000,1200000
2022-08-18 08:01:28.461000,9.72548,9.7059,1800000,1200000
2022-08-18 08:01:28.663000,9.72548,9.7059,1800000,1200000
2022-08-18 08:01:28.966000,9.72248,9.7059,1200000,1200000
2022-08-18 08:01:29.067000,9.72299,9.7059,1200000,1200000
2022-08-18 08:01:29.168000,9.72285,9.7059,1200000,1200000
2022-08-18 08:01:29.269000,9.7236,9.7059,1200000,1200000
2022-08-18 08:01:29.370000,9.72375,9.70591,1200000,1200000
2022-08-18 08:01:29.421000,9.72404,9.7059,1800000,1200000
2022-08-18 08:01:29.573000,9.72396,9.7059,1200000,1200000
2022-08-18 08:01:29.674000,9.72315,9.7059,1200000,1200000
2022-08-18 08:01:29.775000,9.72498,9.70591,1800000,1200000
2022-08-18 08:01:30.251000,9.72499,9.7059,1800000,1200000
2022-08-18 08:01:30.453000,9.72499,9.7059,1800000,1200000
2022-08-18 08:01:30.554000,9.72499,9.7059,1800000,1200000
2022-08-18 08:01:30.604000,9.72499,9.7059,1800000,1200000
2022-08-18 08:01:31.276000,9.72499,9.7059,1800000,1200000
2022-08-18 08:01:31.326000,9.72499,9.7059,1800000,1200000
2022-08-18 08:01:31.478000,9.71758,9.7059,900000,1200000
2022-08-18 08:01:31.730000,9.72323,9.7059,1200000,1200000
2022-08-18 08:01:31.781000,9.7227,9.7059,1200000,1200000
2022-08-18 08:01:31.832000,9.72323,9.7059,1200000,1200000
2022-08-18 08:01:31.883000,9.72434,9.7059,2100000,1200000
2022-08-18 08:01:32.034000,9.71738,9.7059,900000,1200000
2022-08-18 08:01:32.343000,9.72508,9.7059,2100000,1200000
2022-08-18 08:01:32.495000,9.72203,9.7059,1200000,1200000
2022-08-18 08:01:32.596000,9.71731,9.70591,900000,1200000
2022-08-18 08:01:32.871000,9.7222,9.7059,1200000,1200000
2022-08-18 08:01:32.922000,9.72269,9.70591,1200000,1200000
2022-08-18 08:01:32.973000,9.71764,9.7059,1500000,1200000
2022-08-18 08:01:33.082000,9.71721,9.7059,1200000,1200000
2022-08-18 08:01:33.401000,9.71773,9.70591,1200000,1200000
2022-08-18 08:01:33.451000,9.71793,9.70635,1500000,1500000
2022-08-18 08:01:33.502000,9.71793,9.70635,1200000,1200000
2022-08-18 08:01:33.603000,9.7189,9.70732,1200000,1200000
2022-08-18 08:01:33.705000,9.71781,9.7059,1200000,1200000
2022-08-18 08:01:33.856000,9.71715,9.7059,1200000,1200000
2022-08-18 08:01:34.176000,9.71781,9.7059,1200000,1200000
2022-08-18 08:01:34.227000,9.71761,9.7059,1200000,1200000
2022-08-18 08:01:34.379000,9.71809,9.7059,1200000,1200000
2022-08-18 08:01:34.429000,9.71809,9.70621,1200000,1200000
2022-08-18 08:01:34.531000,9.72282,9.7059,1200000,1200000
2022-08-18 08:01:34.632000,9.72384,9.7059,1500000,1200000
2022-08-18 08:01:34.834000,9.72303,9.7059,1200000,1200000
2022-08-18 08:01:34.935000,9.72288,9.7059,1200000,1200000
2022-08-18 08:01:35.036000,9.72384,9.7059,1500000,1200000
2022-08-18 08:01:35.137000,9.71767,9.7059,900000,1200000
2022-08-18 08:01:35.238000,9.71757,9.7059,900000,1200000
2022-08-18 08:01:35.339000,9.722,9.7059,1200000,1200000
2022-08-18 08:01:35.399000,9.72233,9.7059,1200000,1200000
2022-08-18 08:01:35.450000,9.72239,9.7059,1200000,1200000
2022-08-18 08:01:35.551000,9.72384,9.7059,2100000,1200000
2022-08-18 08:01:36.055000,9.72384,9.7059,2100000,1200000
2022-08-18 08:01:36.544000,9.72269,9.7059,1500000,1200000
2022-08-18 08:01:36.806000,9.71639,9.70591,900000,1200000
2022-08-18 08:01:36.907000,9.71648,9.70591,900000,1200000
2022-08-18 08:01:37.225000,9.7164,9.7059,900000,1200000
2022-08-18 08:01:37.276000,9.7232,9.7059,2100000,1200000
2022-08-18 08:01:37.427000,9.71659,9.7059,900000,1200000
2022-08-18 08:01:37.817000,9.7231,9.7059,2100000,1200000
2022-08-18 08:01:38.019000,9.72319,9.7059,2100000,1200000
2022-08-18 08:01:38.322000,9.72229,9.7059,1500000,1200000
2022-08-18 08:01:38.423000,9.7232,9.7059,2100000,1200000
2022-08-18 08:01:38.524000,9.72285,9.7059,1500000,1200000
2022-08-18 08:01:38.575000,9.71597,9.7059,900000,1200000
2022-08-18 08:01:38.983000,9.7214,9.7059,1200000,1200000
2022-08-18 08:01:39.034000,9.72168,9.7059,1200000,1200000
2022-08-18 08:01:39.135000,9.72199,9.7059,1200000,1200000
2022-08-18 08:01:39.236000,9.7225,9.7059,1200000,1200000
2022-08-18 08:01:39.337000,9.72187,9.7059,1200000,1200000
2022-08-18 08:01:39.438000,9.72208,9.70591,1200000,1200000
2022-08-18 08:01:39.489000,9.71503,9.70591,900000,1200000
2022-08-18 08:01:39.539000,9.72089,9.7059,1200000,1200000
2022-08-18 08:01:39.640000,9.72352,9.70591,2100000,1200000
2022-08-18 08:01:39.851000,9.71589,9.70591,900000,1200000
2022-08-18 08:01:39.901000,9.72213,9.7059,1200000,1200000
2022-08-18 08:01:39.952000,9.72353,9.7059,2100000,1200000
2022-08-18 08:01:40.053000,9.72219,9.7059,1200000,1200000
2022-08-18 08:01:40.155000,9.72223,9.7059,1200000,1200000
2022-08-18 08:01:40.256000,9.72225,9.7059,1200000,1200000
2022-08-18 08:01:40.407000,9.72207,9.7059,1200000,1200000
2022-08-18 08:01:40.508000,9.72353,9.7059,2100000,1200000
2022-08-18 08:01:40.559000,9.72226,9.7059,1200000,1200000
2022-08-18 08:01:40.660000,9.72248,9.7059,1200000,1200000
2022-08-18 08:01:40.761000,9.72353,9.7059,2100000,1200000
2022-08-18 08:01:40.862000,9.72241,9.70591,1200000,1200000
2022-08-18 08:01:40.964000,9.72252,9.70591,1200000,1200000
2022-08-18 08:01:41.065000,9.72236,9.7059,1200000,1200000
2022-08-18 08:01:41.166000,9.72243,9.7059,1200000,1200000
2022-08-18 08:01:41.267000,9.72354,9.7059,2100000,1200000
2022-08-18 08:01:41.318000,9.72354,9.7059,2100000,1200000
2022-08-18 08:01:41.620000,9.72354,9.7059,2100000,1200000
2022-08-18 08:01:41.671000,9.72218,9.7059,1200000,1200000
2022-08-18 08:01:41.882000,9.72353,9.70591,2100000,1200000
2022-08-18 08:01:41.983000,9.72353,9.70591,2100000,1200000
2022-08-18 08:01:42.084000,9.72167,9.7059,1200000,1200000
2022-08-18 08:01:42.185000,9.72226,9.70591,1200000,1200000
2022-08-18 08:01:42.236000,9.72116,9.70591,1200000,1200000
2022-08-18 08:01:42.337000,9.72107,9.70591,1200000,1200000
2022-08-18 08:01:42.438000,9.72137,9.70591,1200000,1200000
2022-08-18 08:01:42.489000,9.72203,9.7059,1200000,1200000
2022-08-18 08:01:42.590000,9.72354,9.7059,1500000,1200000
2022-08-18 08:01:42.691000,9.72354,9.7059,1500000,1200000
2022-08-18 08:01:42.792000,9.72354,9.7059,2100000,1200000
2022-08-18 08:01:42.893000,9.72276,9.7059,1200000,1200000
2022-08-18 08:01:42.994000,9.72354,9.7059,2100000,1200000
2022-08-18 08:01:43.247000,9.72187,9.7059,1200000,1200000
2022-08-18 08:01:43.348000,9.71651,9.7059,900000,1200000
2022-08-18 08:01:43.499000,9.7166,9.7059,900000,1200000
2022-08-18 08:01:43.550000,9.72198,9.7059,1200000,1200000
2022-08-18 08:01:43.601000,9.72247,9.7059,1200000,1200000
2022-08-18 08:01:43.702000,9.72346,9.7059,2100000,1200000
2022-08-18 08:01:43.904000,9.72346,9.7059,2100000,1200000
2022-08-18 08:01:44.055000,9.71592,9.7059,900000,1200000
2022-08-18 08:01:44.106000,9.71602,9.7059,900000,1200000
2022-08-18 08:01:44.207000,9.71573,9.7059,900000,1200000
2022-08-18 08:01:44.308000,9.71564,9.7059,900000,1200000
2022-08-18 08:01:44.409000,9.7213,9.7059,1200000,1200000
2022-08-18 08:01:44.511000,9.72137,9.7059,1200000,1200000
2022-08-18 08:01:44.561000,9.71667,9.7059,900000,1200000
2022-08-18 08:01:44.919000,9.72179,9.7059,1200000,1200000
2022-08-18 08:01:44.973000,9.72337,9.70591,2100000,1200000
2022-08-18 08:01:45.024000,9.722,9.7059,1800000,1200000
2022-08-18 08:01:45.226000,9.7214,9.7059,1200000,1200000
2022-08-18 08:01:45.378000,9.72157,9.7059,1800000,1200000
2022-08-18 08:01:45.529000,9.72129,9.7059,1200000,1200000
2022-08-18 08:01:45.630000,9.72159,9.7059,1200000,1200000
2022-08-18 08:01:45.681000,9.71501,9.7059,900000,1200000
2022-08-18 08:01:45.782000,9.71492,9.7059,900000,1200000
2022-08-18 08:01:45.833000,9.71989,9.70591,1200000,1200000
2022-08-18 08:01:45.985000,9.71494,9.70591,1200000,1200000
2022-08-18 08:01:46.035000,9.71651,9.7059,1200000,1200000
2022-08-18 08:01:46.187000,9.7157,9.7059,1200000,1200000
2022-08-18 08:01:46.404000,9.71772,9.7059,1200000,1200000
2022-08-18 08:01:46.455000,9.71678,9.7059,1500000,1200000
2022-08-18 08:01:46.506000,9.72297,9.7059,2100000,1200000
2022-08-18 08:01:46.607000,9.72173,9.70591,1200000,1200000
2022-08-18 08:01:46.911000,9.72228,9.7059,1800000,1200000
2022-08-18 08:01:47.012000,9.72297,9.7059,2100000,1200000
2022-08-18 08:01:47.130000,9.71574,9.7059,900000,1200000
2022-08-18 08:01:47.295000,9.71563,9.70591,900000,1200000
2022-08-18 08:01:47.396000,9.71583,9.7059,900000,1200000
2022-08-18 08:01:47.548000,9.71554,9.7059,900000,1200000
2022-08-18 08:01:47.649000,9.71535,9.7059,900000,1200000
2022-08-18 08:01:47.800000,9.72039,9.70591,1200000,1200000
2022-08-18 08:01:47.902000,9.72093,9.7059,1200000,1200000
2022-08-18 08:01:48.003000,9.72256,9.7059,2100000,1200000
2022-08-18 08:01:48.104000,9.72226,9.7059,1200000,1200000
2022-08-18 08:01:48.209000,9.72125,9.7059,1200000,1200000
2022-08-18 08:01:48.259000,9.72195,9.7059,1800000,1200000
2022-08-18 08:01:48.461000,9.72256,9.7059,1500000,1200000
2022-08-18 08:01:48.512000,9.72256,9.7059,1200000,1200000
2022-08-18 08:01:48.667000,9.72256,9.7059,1800000,1200000
2022-08-18 08:01:48.881000,9.72256,9.7059,1200000,1200000
2022-08-18 08:01:48.931000,9.72144,9.7059,1500000,1200000
2022-08-18 08:01:49.032000,9.71558,9.7059,900000,1200000
2022-08-18 08:01:49.335000,9.7208,9.7059,1500000,1200000
2022-08-18 08:01:49.439000,9.72256,9.7059,1500000,1200000
2022-08-18 08:01:49.843000,9.71648,9.7059,900000,1200000
2022-08-18 08:01:49.995000,9.71628,9.70591,900000,1200000
2022-08-18 08:01:50.180000,9.71648,9.7059,900000,1200000
2022-08-18 08:01:50.288000,9.72294,9.7059,1200000,1200000
2022-08-18 08:01:50.339000,9.72294,9.7059,1800000,1200000
2022-08-18 08:01:50.541000,9.72293,9.70591,1500000,1200000
2022-08-18 08:01:50.591000,9.71741,9.7059,900000,1200000
2022-08-18 08:01:50.866000,9.72248,9.7059,1500000,1200000
2022-08-18 08:01:50.917000,9.72294,9.7059,1800000,1200000
2022-08-18 08:01:51.119000,9.72293,9.70591,1200000,1200000
2022-08-18 08:01:51.329000,9.72241,9.7059,1200000,1200000
2022-08-18 08:01:51.430000,9.72208,9.7059,1200000,1200000
2022-08-18 08:01:51.531000,9.72233,9.7059,1800000,1200000
2022-08-18 08:01:51.632000,9.72208,9.7059,1200000,1200000
2022-08-18 08:01:51.733000,9.72213,9.7059,1200000,1200000
2022-08-18 08:01:51.835000,9.72325,9.7059,2100000,1200000
2022-08-18 08:01:51.936000,9.72295,9.7059,1200000,1200000
2022-08-18 08:01:52.037000,9.72356,9.70591,2100000,1200000
2022-08-18 08:01:52.138000,9.72357,9.7059,2100000,1200000
2022-08-18 08:01:52.441000,9.72241,9.70591,1200000,1200000
2022-08-18 08:01:52.542000,9.72356,9.70591,2100000,1200000
2022-08-18 08:01:52.647000,9.71616,9.7059,900000,1200000
