time,ask,bid,ask_volume,bid_volume
2019-10-24 07:55:00.098000,9.08786,9.08641,1000000,1000000
2019-10-24 07:55:00.380000,9.08787,9.08641,1000000,1000000
2019-10-24 07:55:00.481000,9.08793,9.08641,1000000,1000000
2019-10-24 07:55:02.392000,9.08783,9.08641,1000000,1000000
2019-10-24 07:55:02.493000,9.08783,9.08642,1000000,1000000
2019-10-24 07:55:02.727000,9.08787,9.08642,1000000,1000000
2019-10-24 07:55:03.146000,9.08777,9.08641,1000000,1000000
2019-10-24 07:55:03.197000,9.08784,9.08641,1000000,1000000
2019-10-24 07:55:03.305000,9.08779,9.08641,1000000,1000000
2019-10-24 07:55:03.406000,9.08783,9.08641,1000000,1000000
2019-10-24 07:55:03.962000,9.08792,9.08642,1000000,1000000
2019-10-24 07:55:04.013000,9.08792,9.08652,1000000,1000000
2019-10-24 07:55:04.842000,9.08792,9.08662,1000000,1000000
2019-10-24 07:55:05.379000,9.08788,9.08662,1000000,1000000
2019-10-24 07:55:05.480000,9.08797,9.08673,1000000,1000000
2019-10-24 07:55:05.537000,9.08799,9.08673,1000000,1000000
2019-10-24 07:55:05.638000,9.08792,9.08682,1000000,1000000
2019-10-24 07:55:05.688000,9.08792,9.08672,1000000,1000000
2019-10-24 07:55:05.739000,9.08792,9.08683,1000000,1000000
2019-10-24 07:55:05.789000,9.08795,9.08672,1000000,1000000
2019-10-24 07:55:05.840000,9.08795,9.08672,1500000,1000000
2019-10-24 07:55:06.066000,9.08787,9.08662,1500000,1000000
2019-10-24 07:55:06.200000,9.08787,9.08652,1500000,1000000
2019-10-24 07:55:07.093000,9.08779,9.08662,1500000,1000000
2019-10-24 07:55:07.371000,9.08779,9.08692,1500000,1000000
2019-10-24 07:55:07.472000,9.08795,9.08682,1000000,1000000
2019-10-24 07:55:07.573000,9.08802,9.08672,1000000,1000000
2019-10-24 07:55:07.774000,9.08802,9.08662,1000000,1000000
2019-10-24 07:55:07.825000,9.08802,9.08657,1000000,1000000
2019-10-24 07:55:07.876000,9.08802,9.08662,1120000,1000000
2019-10-24 07:55:08.703000,9.088,9.08662,1000000,1000000
2019-10-24 07:55:08.902000,9.08795,9.08662,1000000,1000000
2019-10-24 07:55:09.246000,9.08807,9.08662,1500000,1000000
2019-10-24 07:55:09.750000,9.08807,9.08654,1500000,1000000
2019-10-24 07:55:09.851000,9.08807,9.08663,1500000,1000000
2019-10-24 07:55:09.946000,9.08807,9.08663,1000000,1000000
2019-10-24 07:55:10.097000,9.08807,9.08672,1000000,1000000
2019-10-24 07:55:10.198000,9.08816,9.08682,1500000,1000000
2019-10-24 07:55:10.471000,9.0881,9.08693,1000000,1000000
2019-10-24 07:55:10.522000,9.0881,9.08659,1000000,1000000
2019-10-24 07:55:10.573000,9.08811,9.08656,1000000,1000000
2019-10-24 07:55:10.711000,9.08811,9.08662,1000000,1000000
2019-10-24 07:55:10.762000,9.08811,9.08656,1000000,1000000
2019-10-24 07:55:10.812000,9.08811,9.08662,1000000,1000000
2019-10-24 07:55:10.963000,9.08811,9.08683,1000000,1000000
2019-10-24 07:55:11.064000,9.08818,9.08692,1500000,1000000
2019-10-24 07:55:11.166000,9.08823,9.08682,1500000,1000000
2019-10-24 07:55:11.860000,9.08815,9.08672,1500000,1000000
2019-10-24 07:55:11.910000,9.08814,9.08669,1500000,1000000
2019-10-24 07:55:12.112000,9.08815,9.08672,2000000,1000000
2019-10-24 07:55:12.213000,9.08822,9.08677,1500000,1000000
2019-10-24 07:55:12.472000,9.08822,9.08677,2000000,1000000
2019-10-24 07:55:12.573000,9.08814,9.08672,1500000,1000000
2019-10-24 07:55:12.759000,9.08814,9.08664,1500000,1000000
2019-10-24 07:55:12.965000,9.08798,9.08649,1000000,1000000
2019-10-24 07:55:13.066000,9.08784,9.0864,1000000,1000000
2019-10-24 07:55:13.167000,9.08795,9.0864,1000000,1000000
2019-10-24 07:55:13.268000,9.08807,9.08653,1000000,1000000
2019-10-24 07:55:13.369000,9.08807,9.08657,1000000,1000000
2019-10-24 07:55:15.480000,9.08802,9.08657,1000000,1000000
2019-10-24 07:55:15.804000,9.08797,9.08657,1000000,1000000
2019-10-24 07:55:15.905000,9.08806,9.08657,1000000,1000000
2019-10-24 07:55:16.009000,9.08794,9.08643,1000000,1000000
2019-10-24 07:55:16.060000,9.08794,9.08646,1000000,1000000
2019-10-24 07:55:16.110000,9.08804,9.0865,1000000,1000000
2019-10-24 07:55:16.235000,9.08804,9.08651,1000000,1000000
2019-10-24 07:55:16.547000,9.08794,9.0865,1000000,1000000
2019-10-24 07:55:16.668000,9.08789,9.0865,1000000,1000000
2019-10-24 07:55:16.877000,9.08786,9.08634,1000000,1000000
2019-10-24 07:55:17.581000,9.08786,9.08636,1000000,1000000
2019-10-24 07:55:17.682000,9.088,9.08642,1500000,1000000
2019-10-24 07:55:17.732000,9.08796,9.08642,1000000,1000000
2019-10-24 07:55:17.833000,9.08791,9.08642,1000000,1000000
2019-10-24 07:55:17.939000,9.08787,9.08642,1000000,1000000
2019-10-24 07:55:19.499000,9.08757,9.08642,1000000,1000000
2019-10-24 07:55:19.550000,9.08757,9.08625,1000000,1000000
2019-10-24 07:55:19.601000,9.08768,9.08636,1000000,1000000
2019-10-24 07:55:19.651000,9.08778,9.08643,1000000,1000000
2019-10-24 07:55:19.916000,9.08788,9.08647,1000000,1000000
2019-10-24 07:55:19.967000,9.08788,9.08652,1000000,1000000
2019-10-24 07:55:20.068000,9.08788,9.08645,1000000,1000000
2019-10-24 07:55:20.118000,9.08784,9.08643,1000000,1000000
2019-10-24 07:55:20.219000,9.08778,9.08648,1000000,1000000
2019-10-24 07:55:20.320000,9.08786,9.08656,1000000,1000000
2019-10-24 07:55:20.421000,9.0881,9.08664,1000000,1000000
2019-10-24 07:55:20.631000,9.0881,9.08673,1000000,1000000
2019-10-24 07:55:20.732000,9.0881,9.08672,1000000,1000000
2019-10-24 07:55:21.032000,9.0881,9.08682,1000000,1000000
2019-10-24 07:55:21.083000,9.0881,9.08674,1000000,1000000
2019-10-24 07:55:21.401000,9.0881,9.08668,1000000,1000000
2019-10-24 07:55:21.588000,9.0881,9.08662,1000000,1000000
2019-10-24 07:55:21.639000,9.08788,9.08655,1000000,1000000
2019-10-24 07:55:21.689000,9.08778,9.0864,1000000,1000000
2019-10-24 07:55:21.740000,9.08762,9.0864,1000000,1000000
2019-10-24 07:55:21.791000,9.08751,9.08606,1000000,1000000
2019-10-24 07:55:22.864000,9.08748,9.08603,1000000,1000000
2019-10-24 07:55:22.965000,9.08755,9.08611,1000000,1000000
2019-10-24 07:55:23.842000,9.08728,9.08611,1000000,1000000
2019-10-24 07:55:23.943000,9.08728,9.0861,1000000,1000000
2019-10-24 07:55:23.994000,9.08728,9.08607,1000000,1000000
2019-10-24 07:55:24.095000,9.08718,9.08607,1000000,1000000
2019-10-24 07:55:24.217000,9.08698,9.08607,1000000,1000000
2019-10-24 07:55:24.502000,9.08698,9.08628,1000000,1000000
2019-10-24 07:55:25.096000,9.08698,9.08609,1000000,1000000
2019-10-24 07:55:26.313000,9.08678,9.08609,1000000,1000000
2019-10-24 07:55:26.363000,9.08678,9.08606,1000000,1000000
2019-10-24 07:55:26.833000,9.08678,9.08611,1000000,1000000
2019-10-24 07:55:26.934000,9.08678,9.0862,1000000,1000000
2019-10-24 07:55:27.513000,9.08673,9.0862,1000000,1000000
2019-10-24 07:55:27.614000,9.08669,9.08616,1000000,1000000
2019-10-24 07:55:27.683000,9.08668,9.08609,1000000,1000000
2019-10-24 07:55:28.270000,9.08678,9.08609,1000000,1000000
2019-10-24 07:55:28.320000,9.08678,9.08621,1000000,1000000
2019-10-24 07:55:29.664000,9.08672,9.08621,1000000,1000000
2019-10-24 07:55:29.765000,9.08671,9.08617,1000000,1000000
2019-10-24 07:55:29.867000,9.08668,9.0861,1000000,1000000
2019-10-24 07:55:30.162000,9.08672,9.08628,1000000,1000000
2019-10-24 07:55:30.492000,9.08678,9.08628,1000000,1000000
2019-10-24 07:55:31.045000,9.08698,9.08628,1000000,1000000
2019-10-24 07:55:31.249000,9.08698,9.08613,1000000,1000000
2019-10-24 07:55:32.591000,9.08698,9.08609,1000000,1000000
2019-10-24 07:55:32.692000,9.08678,9.08571,1000000,1500000
2019-10-24 07:55:32.793000,9.08678,9.08581,1000000,1000000
2019-10-24 07:55:33.095000,9.08678,9.0859,1000000,1000000
2019-10-24 07:55:33.363000,9.08678,9.08593,1000000,1000000
2019-10-24 07:55:33.984000,9.08648,9.08585,1000000,1000000
2019-10-24 07:55:34.277000,9.08648,9.08553,1000000,1000000
2019-10-24 07:55:34.615000,9.08638,9.08553,1000000,1000000
2019-10-24 07:55:34.965000,9.08628,9.08553,1000000,1000000
2019-10-24 07:55:35.067000,9.08618,9.08548,1000000,1000000
2019-10-24 07:55:35.342000,9.08628,9.08548,1000000,1000000
2019-10-24 07:55:35.494000,9.08628,9.08552,1000000,1000000
2019-10-24 07:55:35.827000,9.08628,9.08557,1000000,1000000
2019-10-24 07:55:36.676000,9.08638,9.08557,1000000,1000000
2019-10-24 07:55:36.735000,9.08638,9.08551,1000000,1000000
2019-10-24 07:55:37.043000,9.08618,9.08551,1000000,1000000
2019-10-24 07:55:38.899000,9.08618,9.08557,1000000,1000000
2019-10-24 07:55:39.531000,9.08638,9.08557,1000000,1000000
2019-10-24 07:55:39.632000,9.08697,9.08563,1000000,2000000
2019-10-24 07:55:39.683000,9.08728,9.08582,1000000,1000000
2019-10-24 07:55:39.885000,9.08728,9.08602,1000000,1000000
2019-10-24 07:55:40.018000,9.08767,9.08634,1000000,1000000
2019-10-24 07:55:40.119000,9.08767,9.08623,1000000,1000000
2019-10-24 07:55:40.170000,9.08758,9.08623,1000000,1000000
2019-10-24 07:55:40.220000,9.08758,9.08612,1000000,1000000
2019-10-24 07:55:40.271000,9.08768,9.08612,1000000,1000000
2019-10-24 07:55:40.322000,9.08768,9.08621,1000000,1000000
2019-10-24 07:55:40.372000,9.08778,9.08621,1500000,1000000
2019-10-24 07:55:40.474000,9.08768,9.08621,1000000,1000000
2019-10-24 07:55:40.726000,9.08768,9.08607,1000000,1500000
2019-10-24 07:55:40.952000,9.08763,9.08596,1000000,1500000
2019-10-24 07:55:41.119000,9.08758,9.08594,1000000,1500000
2019-10-24 07:55:41.220000,9.08748,9.08594,1000000,1000000
2019-10-24 07:55:41.321000,9.08748,9.08592,1000000,1500000
2019-10-24 07:55:41.582000,9.08738,9.08591,1000000,1000000
2019-10-24 07:55:41.764000,9.08738,9.08598,1000000,1000000
2019-10-24 07:55:41.872000,9.08728,9.08598,1000000,1000000
2019-10-24 07:55:42.196000,9.08728,9.0859,1500000,1000000
2019-10-24 07:55:45.964000,9.08718,9.0859,1000000,1000000
2019-10-24 07:55:47.793000,9.08718,9.08581,1000000,1000000
2019-10-24 07:55:47.844000,9.08698,9.08581,1000000,1000000
2019-10-24 07:55:47.950000,9.08688,9.08581,1000000,1000000
2019-10-24 07:55:48.001000,9.08697,9.08581,1000000,1000000
2019-10-24 07:55:48.152000,9.08697,9.08543,1000000,1000000
2019-10-24 07:55:48.304000,9.08697,9.08546,1000000,1000000
2019-10-24 07:55:48.432000,9.08697,9.0855,1000000,1000000
2019-10-24 07:55:48.556000,9.08698,9.0855,1000000,1000000
2019-10-24 07:55:49.410000,9.08718,9.08565,1000000,1000000
2019-10-24 07:55:49.654000,9.08728,9.08572,1500000,1000000
2019-10-24 07:55:49.705000,9.08717,9.08565,1000000,1000000
2019-10-24 07:55:50.217000,9.08717,9.08574,1000000,1000000
2019-10-24 07:55:50.318000,9.08717,9.08583,1000000,1000000
2019-10-24 07:55:50.369000,9.08715,9.08569,1000000,1500000
2019-10-24 07:55:50.420000,9.08715,9.08573,1000000,1000000
2019-10-24 07:55:50.521000,9.08718,9.08579,1000000,1000000
2019-10-24 07:55:50.766000,9.08728,9.08579,1000000,1000000
2019-10-24 07:55:50.866000,9.08718,9.08579,1000000,1000000
2019-10-24 07:55:51.553000,9.0873,9.08579,1000000,1000000
2019-10-24 07:55:51.643000,9.08728,9.08579,1000000,1000000
2019-10-24 07:55:51.880000,9.0873,9.08579,1000000,1000000
2019-10-24 07:55:51.982000,9.08738,9.08588,1000000,1000000
2019-10-24 07:55:52.083000,9.08729,9.08592,1000000,1500000
2019-10-24 07:55:52.184000,9.08743,9.08596,1000000,1500000
2019-10-24 07:55:52.461000,9.08738,9.08596,1000000,1000000
2019-10-24 07:55:52.613000,9.08743,9.08596,1000000,1000000
2019-10-24 07:55:52.815000,9.08748,9.08606,1000000,1000000
2019-10-24 07:55:52.916000,9.08753,9.08606,1000000,1000000
2019-10-24 07:55:53.458000,9.08747,9.08606,1000000,1000000
2019-10-24 07:55:53.559000,9.08738,9.08606,1000000,1000000
2019-10-24 07:55:53.664000,9.08748,9.08606,1000000,1000000
2019-10-24 07:55:55.238000,9.08753,9.08606,1000000,1000000
2019-10-24 07:55:55.498000,9.08747,9.08606,1000000,1000000
2019-10-24 07:55:55.599000,9.08748,9.08606,1000000,1000000
2019-10-24 07:55:56.093000,9.08723,9.08606,1000000,1000000
2019-10-24 07:55:56.194000,9.08735,9.08591,1500000,1000000
2019-10-24 07:55:56.912000,9.0872,9.08579,1500000,1000000
2019-10-24 07:55:57.670000,9.08707,9.08567,1000000,1000000
2019-10-24 07:55:58.150000,9.08707,9.08572,1000000,1000000
2019-10-24 07:55:58.762000,9.08707,9.08567,1000000,1000000
2019-10-24 07:55:59.072000,9.08706,9.08567,1000000,1000000
2019-10-24 07:55:59.173000,9.08697,9.08553,1000000,1000000
2019-10-24 07:55:59.274000,9.08706,9.08561,1000000,1000000
2019-10-24 07:55:59.879000,9.0873,9.0859,1500000,1000000
2019-10-24 07:55:59.981000,9.08722,9.08607,1000000,1000000
2019-10-24 07:56:00.083000,9.08758,9.08625,1250000,1000000
2019-10-24 07:56:00.184000,9.08778,9.0864,1000000,1000000
2019-10-24 07:56:00.419000,9.08782,9.0864,1000000,1000000
2019-10-24 07:56:00.575000,9.08797,9.08664,1000000,1500000
2019-10-24 07:56:00.676000,9.0887,9.08717,1500000,1000000
2019-10-24 07:56:00.727000,9.0887,9.08717,1000000,1000000
2019-10-24 07:56:00.778000,9.08872,9.08723,1000000,1000000
2019-10-24 07:56:00.929000,9.08857,9.08723,1000000,1000000
2019-10-24 07:56:01.030000,9.08848,9.08723,1000000,1000000
2019-10-24 07:56:01.081000,9.08848,9.08709,1000000,1000000
2019-10-24 07:56:01.619000,9.08837,9.08709,1000000,1000000
2019-10-24 07:56:01.720000,9.08863,9.08709,1000000,1000000
2019-10-24 07:56:02.158000,9.0886,9.08709,1000000,1000000
2019-10-24 07:56:02.259000,9.08846,9.08699,1000000,1000000
2019-10-24 07:56:02.561000,9.08851,9.08699,1000000,1000000
2019-10-24 07:56:02.743000,9.0885,9.08699,1000000,1000000
2019-10-24 07:56:05.980000,9.08846,9.08696,1000000,1000000
2019-10-24 07:56:06.613000,9.08832,9.08696,1000000,1000000
2019-10-24 07:56:07.938000,9.08832,9.08701,1000000,1000000
2019-10-24 07:56:07.989000,9.08837,9.08701,1000000,1000000
2019-10-24 07:56:08.090000,9.08847,9.08701,1000000,1000000
2019-10-24 07:56:08.204000,9.08851,9.0871,1000000,1000000
2019-10-24 07:56:09.301000,9.08851,9.08713,1000000,1000000
2019-10-24 07:56:09.351000,9.08855,9.08713,1000000,1000000
2019-10-24 07:56:09.496000,9.08878,9.08729,1000000,1000000
2019-10-24 07:56:09.547000,9.08882,9.08763,1000000,1000000
2019-10-24 07:56:09.598000,9.08915,9.08763,1000000,1000000
2019-10-24 07:56:09.648000,9.08902,9.08782,1000000,1000000
2019-10-24 07:56:09.699000,9.08912,9.08782,1000000,1000000
2019-10-24 07:56:09.879000,9.08912,9.08772,1000000,1000000
2019-10-24 07:56:10.771000,9.08912,9.08782,1000000,1000000
2019-10-24 07:56:10.872000,9.08921,9.08782,1000000,1000000
2019-10-24 07:56:11.289000,9.08921,9.08772,1000000,1000000
2019-10-24 07:56:11.458000,9.08921,9.08773,1000000,1000000
2019-10-24 07:56:11.509000,9.08934,9.08792,1000000,1000000
2019-10-24 07:56:11.559000,9.0895,9.08792,1000000,1000000
2019-10-24 07:56:11.691000,9.0896,9.08802,1000000,1500000
2019-10-24 07:56:11.742000,9.08993,9.08812,1000000,1500000
2019-10-24 07:56:11.843000,9.09002,9.08853,1000000,1000000
2019-10-24 07:56:11.893000,9.0902,9.08853,1000000,1500000
2019-10-24 07:56:11.994000,9.09031,9.08853,1000000,1500000
2019-10-24 07:56:12.045000,9.09043,9.08863,1000000,1500000
2019-10-24 07:56:12.096000,9.09063,9.08881,1000000,1500000
2019-10-24 07:56:12.247000,9.09069,9.08859,1000000,1000000
2019-10-24 07:56:12.348000,9.09067,9.08857,1000000,1000000
2019-10-24 07:56:12.595000,9.09055,9.08875,1000000,1000000
2019-10-24 07:56:12.778000,9.09044,9.0886,1000000,1000000
2019-10-24 07:56:12.879000,9.09054,9.08872,1000000,1000000
2019-10-24 07:56:13.037000,9.09045,9.08865,1000000,1000000
2019-10-24 07:56:13.191000,9.09041,9.08859,1000000,1000000
2019-10-24 07:56:13.415000,9.0905,9.0887,1000000,1000000
2019-10-24 07:56:13.516000,9.09032,9.08852,1000000,1500000
2019-10-24 07:56:14.550000,9.09063,9.08875,1000000,1000000
2019-10-24 07:56:14.924000,9.09067,9.08879,1000000,1000000
2019-10-24 07:56:15.025000,9.09073,9.08892,1000000,1500000
2019-10-24 07:56:15.076000,9.09077,9.08895,1000000,1120000
2019-10-24 07:56:15.126000,9.09107,9.08925,1000000,1000000
2019-10-24 07:56:15.242000,9.09115,9.08935,1000000,1000000
2019-10-24 07:56:15.486000,9.09111,9.08931,1000000,1000000
2019-10-24 07:56:15.587000,9.09102,9.0892,1000000,1500000
2019-10-24 07:56:15.637000,9.09114,9.08932,1000000,1500000
2019-10-24 07:56:15.688000,9.09168,9.09021,1000000,1000000
2019-10-24 07:56:15.789000,9.09161,9.0905,1000000,1000000
2019-10-24 07:56:15.840000,9.09224,9.0905,1250000,1000000
2019-10-24 07:56:15.941000,9.0924,9.09069,1500000,1000000
2019-10-24 07:56:16.042000,9.09202,9.09032,1000000,1000000
2019-10-24 07:56:16.193000,9.09219,9.09032,1000000,1000000
2019-10-24 07:56:16.352000,9.09219,9.09028,1500000,1000000
2019-10-24 07:56:16.488000,9.09172,9.09028,1000000,1000000
2019-10-24 07:56:16.589000,9.09155,9.09011,1000000,1000000
2019-10-24 07:56:16.640000,9.09172,9.09011,1000000,1000000
2019-10-24 07:56:16.791000,9.09172,9.09002,1000000,1000000
2019-10-24 07:56:16.842000,9.09177,9.09002,1000000,1000000
2019-10-24 07:56:16.893000,9.09181,9.09022,1000000,1000000
2019-10-24 07:56:17.015000,9.09164,9.09022,1000000,1000000
2019-10-24 07:56:17.116000,9.09174,9.09038,1000000,1000000
2019-10-24 07:56:17.167000,9.09174,9.0902,1000000,1000000
2019-10-24 07:56:17.217000,9.09169,9.0902,1000000,1000000
2019-10-24 07:56:17.304000,9.09194,9.0902,1000000,1000000
2019-10-24 07:56:17.355000,9.09165,9.0902,1000000,1000000
2019-10-24 07:56:17.405000,9.09171,9.0902,1000000,1000000
2019-10-24 07:56:17.456000,9.09174,9.0902,1000000,1000000
2019-10-24 07:56:17.687000,9.09187,9.0902,1000000,1000000
2019-10-24 07:56:17.738000,9.09194,9.09021,1000000,1000000
2019-10-24 07:56:17.788000,9.09166,9.09021,1000000,1000000
2019-10-24 07:56:17.839000,9.09196,9.09008,1000000,1000000
2019-10-24 07:56:17.946000,9.09192,9.0901,1000000,1000000
2019-10-24 07:56:18.198000,9.09199,9.0901,1000000,1000000
2019-10-24 07:56:18.459000,9.09204,9.0901,1000000,1000000
2019-10-24 07:56:18.510000,9.09182,9.0901,1000000,1000000
2019-10-24 07:56:18.654000,9.09182,9.08988,1000000,1500000
2019-10-24 07:56:18.704000,9.09166,9.08988,1000000,1000000
2019-10-24 07:56:18.755000,9.09185,9.08988,1000000,1000000
2019-10-24 07:56:18.809000,9.0919,9.08988,1000000,1000000
2019-10-24 07:56:18.860000,9.09162,9.08988,1000000,1000000
2019-10-24 07:56:18.910000,9.09181,9.08991,1000000,1000000
2019-10-24 07:56:19.062000,9.09181,9.08979,1000000,1000000
2019-10-24 07:56:20.206000,9.09182,9.08979,1000000,1000000
2019-10-24 07:56:20.256000,9.09184,9.09,1000000,1000000
2019-10-24 07:56:20.307000,9.09196,9.09009,1000000,1000000
2019-10-24 07:56:20.459000,9.09192,9.0901,1000000,1000000
2019-10-24 07:56:20.560000,9.09185,9.09009,1000000,1000000
2019-10-24 07:56:21.472000,9.09185,9.09006,1000000,1000000
2019-10-24 07:56:21.750000,9.09184,9.09001,1000000,1000000
2019-10-24 07:56:23.289000,9.09184,9.09008,1000000,1000000
2019-10-24 07:56:24.116000,9.09184,9.09001,1000000,1000000
2019-10-24 07:56:24.629000,9.09184,9.09008,1000000,1000000
2019-10-24 07:56:24.932000,9.09184,9.09001,1000000,1000000
2019-10-24 07:56:25.102000,9.09183,9.09,1000000,1000000
2019-10-24 07:56:26.888000,9.09181,9.08999,1000000,1500000
2019-10-24 07:56:27.009000,9.09171,9.08999,1000000,1000000
2019-10-24 07:56:27.184000,9.09176,9.08999,1000000,1000000
2019-10-24 07:56:27.742000,9.09175,9.08994,1000000,1000000
2019-10-24 07:56:27.794000,9.09166,9.08994,1000000,1000000
2019-10-24 07:56:27.845000,9.09156,9.08974,1000000,1000000
2019-10-24 07:56:28.445000,9.09159,9.08983,1000000,1000000
2019-10-24 07:56:30.030000,9.09159,9.08988,1000000,1000000
2019-10-24 07:56:30.428000,9.09159,9.08982,1000000,1000000
2019-10-24 07:56:31.462000,9.09158,9.08982,1000000,1000000
2019-10-24 07:56:31.662000,9.09137,9.08974,1000000,1000000
2019-10-24 07:56:31.713000,9.09128,9.0896,1000000,1000000
2019-10-24 07:56:31.815000,9.09128,9.08946,1000000,1000000
2019-10-24 07:56:31.992000,9.09128,9.08946,1000000,1500000
2019-10-24 07:56:32.137000,9.09128,9.08946,1000000,1500000
2019-10-24 07:56:32.664000,9.09128,9.08946,1000000,1500000
2019-10-24 07:56:32.765000,9.09128,9.08971,1000000,1000000
2019-10-24 07:56:32.880000,9.09128,9.08969,1000000,1000000
2019-10-24 07:56:33.012000,9.09135,9.08969,1000000,1000000
2019-10-24 07:56:33.063000,9.09129,9.08947,1000000,1000000
2019-10-24 07:56:33.114000,9.09114,9.08952,1000000,1000000
2019-10-24 07:56:33.321000,9.09114,9.0895,1000000,1000000
2019-10-24 07:56:33.422000,9.09128,9.0895,1000000,1500000
2019-10-24 07:56:34.065000,9.09128,9.0895,1000000,1500000
2019-10-24 07:56:34.474000,9.09138,9.08969,1000000,1000000
2019-10-24 07:56:34.524000,9.09125,9.08943,1000000,2000000
2019-10-24 07:56:34.625000,9.09124,9.08958,1000000,1500000
2019-10-24 07:56:34.726000,9.09146,9.08967,1000000,1500000
2019-10-24 07:56:34.939000,9.09146,9.08973,1000000,1500000
2019-10-24 07:56:35.040000,9.09138,9.08985,1000000,1000000
2019-10-24 07:56:35.090000,9.09121,9.08985,1000000,1000000
2019-10-24 07:56:35.227000,9.09131,9.08985,1000000,1000000
2019-10-24 07:56:35.374000,9.09131,9.08958,1000000,1500000
2019-10-24 07:56:35.475000,9.09131,9.08958,1000000,1500000
2019-10-24 07:56:35.626000,9.09114,9.08958,1000000,1500000
2019-10-24 07:56:35.677000,9.09117,9.08958,1000000,1500000
2019-10-24 07:56:35.867000,9.09117,9.08958,1000000,1500000
2019-10-24 07:56:35.918000,9.09128,9.08967,1000000,1500000
2019-10-24 07:56:35.968000,9.09112,9.08958,1000000,1500000
2019-10-24 07:56:36.371000,9.09112,9.08954,1000000,1500000
2019-10-24 07:56:36.483000,9.09123,9.08962,1000000,1500000
2019-10-24 07:56:36.534000,9.09111,9.0895,1000000,1500000
2019-10-24 07:56:36.635000,9.09126,9.08965,1000000,1500000
2019-10-24 07:56:36.685000,9.09113,9.08953,1000000,1500000
2019-10-24 07:56:37.577000,9.09124,9.08965,1000000,1500000
2019-10-24 07:56:37.882000,9.09125,9.08964,1000000,1500000
2019-10-24 07:56:37.984000,9.09153,9.08994,1000000,1000000
2019-10-24 07:56:38.085000,9.0916,9.08993,1000000,1000000
2019-10-24 07:56:38.135000,9.09183,9.09022,1000000,1000000
2019-10-24 07:56:38.186000,9.09199,9.09022,1000000,1000000
2019-10-24 07:56:38.237000,9.09201,9.09065,1000000,1000000
2019-10-24 07:56:38.338000,9.0921,9.09066,1000000,1500000
2019-10-24 07:56:38.388000,9.09244,9.09084,1000000,1000000
2019-10-24 07:56:38.439000,9.09244,9.09097,1000000,1000000
2019-10-24 07:56:38.489000,9.09298,9.09103,1000000,1500000
2019-10-24 07:56:38.590000,9.09291,9.09116,1000000,1500000
2019-10-24 07:56:38.792000,9.09287,9.09116,1000000,1500000
2019-10-24 07:56:38.947000,9.09287,9.09116,1000000,1000000
2019-10-24 07:56:39.161000,9.09287,9.09124,1000000,1000000
2019-10-24 07:56:39.211000,9.0934,9.09131,1000000,1000000
2019-10-24 07:56:39.312000,9.09354,9.09167,1000000,1500000
2019-10-24 07:56:39.363000,9.09368,9.09208,1000000,1500000
2019-10-24 07:56:39.413000,9.09368,9.09232,1000000,1500000
2019-10-24 07:56:39.464000,9.09476,9.09247,1500000,1500000
2019-10-24 07:56:39.565000,9.09488,9.09256,1500000,1500000
2019-10-24 07:56:39.615000,9.09479,9.09256,1250000,1500000
2019-10-24 07:56:39.666000,9.09479,9.09256,1000000,1500000
2019-10-24 07:56:39.716000,9.09486,9.09265,1000000,1500000
2019-10-24 07:56:39.872000,9.09486,9.09265,1000000,1000000
2019-10-24 07:56:39.964000,9.09494,9.09263,1000000,1500000
2019-10-24 07:56:40.014000,9.09516,9.09248,1500000,1500000
2019-10-24 07:56:40.115000,9.09471,9.09251,1000000,1500000
2019-10-24 07:56:40.166000,9.09514,9.09247,1500000,1000000
2019-10-24 07:56:40.216000,9.0947,9.09247,1000000,1500000
2019-10-24 07:56:40.267000,9.09514,9.09254,1500000,1500000
2019-10-24 07:56:40.317000,9.09514,9.09254,1500000,1500000
2019-10-24 07:56:40.488000,9.09469,9.09257,1000000,1500000
2019-10-24 07:56:40.539000,9.0948,9.09259,1500000,1500000
2019-10-24 07:56:40.756000,9.09476,9.09274,1000000,1500000
2019-10-24 07:56:40.946000,9.09476,9.09274,1000000,1500000
2019-10-24 07:56:41.047000,9.09482,9.09251,1000000,1500000
2019-10-24 07:56:41.148000,9.09484,9.09288,1000000,1500000
2019-10-24 07:56:41.383000,9.09481,9.0925,1000000,1500000
2019-10-24 07:56:42.183000,9.09481,9.0925,1000000,1500000
2019-10-24 07:56:42.233000,9.09485,9.09254,1000000,1500000
2019-10-24 07:56:42.284000,9.09491,9.0926,1000000,1500000
2019-10-24 07:56:42.334000,9.09487,9.09256,1000000,1500000
2019-10-24 07:56:42.385000,9.09491,9.09263,1000000,1500000
2019-10-24 07:56:42.485000,9.09488,9.09263,1000000,1500000
2019-10-24 07:56:43.355000,9.09488,9.09263,1000000,1500000
2019-10-24 07:56:43.888000,9.09488,9.09273,1000000,1000000
2019-10-24 07:56:43.989000,9.0949,9.0928,1000000,1000000
2019-10-24 07:56:44.254000,9.09478,9.09273,1120000,1000000
2019-10-24 07:56:44.456000,9.09482,9.09273,1000000,1000000
2019-10-24 07:56:44.557000,9.09489,9.09273,1500000,1000000
2019-10-24 07:56:44.607000,9.09489,9.09279,1500000,1000000
2019-10-24 07:56:44.658000,9.09485,9.09273,1120000,1000000
2019-10-24 07:56:46.513000,9.0949,9.09261,1500000,1000000
2019-10-24 07:56:48.302000,9.09482,9.09276,1000000,1000000
2019-10-24 07:56:48.582000,9.09483,9.09279,1000000,1000000
2019-10-24 07:56:48.844000,9.09482,9.09259,1000000,1000000
2019-10-24 07:56:48.929000,9.0949,9.09259,1500000,1000000
2019-10-24 07:56:48.980000,9.09487,9.09286,1000000,1500000
2019-10-24 07:56:49.081000,9.09495,9.09297,1000000,1000000
2019-10-24 07:56:49.232000,9.09495,9.09302,1000000,1000000
2019-10-24 07:56:49.283000,9.09506,9.09309,1000000,1000000
2019-10-24 07:56:49.333000,9.09506,9.09312,1000000,1000000
2019-10-24 07:56:49.434000,9.09511,9.09314,1000000,1000000
2019-10-24 07:56:49.586000,9.09521,9.09324,1000000,1000000
2019-10-24 07:56:49.687000,9.09521,9.09324,1000000,1500000
2019-10-24 07:56:49.788000,9.09529,9.09334,1000000,1000000
2019-10-24 07:56:49.889000,9.09527,9.09332,1000000,1000000
2019-10-24 07:56:50.512000,9.09549,9.09339,1500000,1000000
2019-10-24 07:56:50.563000,9.09555,9.09332,2000000,1000000
2019-10-24 07:56:50.614000,9.09548,9.09302,1500000,1500000
2019-10-24 07:56:50.766000,9.09528,9.09302,1000000,1500000
2019-10-24 07:56:50.853000,9.09538,9.09303,1500000,1500000
2019-10-24 07:56:51.007000,9.09527,9.09303,1000000,1500000
2019-10-24 07:56:51.057000,9.09537,9.09303,1500000,1500000
2019-10-24 07:56:51.788000,9.09423,9.09268,1000000,1000000
2019-10-24 07:56:51.839000,9.09418,9.09228,1000000,1500000
2019-10-24 07:56:51.889000,9.09381,9.09195,1000000,1500000
2019-10-24 07:56:51.940000,9.09381,9.09188,1000000,1000000
2019-10-24 07:56:52.041000,9.09404,9.09182,1000000,1500000
2019-10-24 07:56:52.142000,9.09404,9.09198,1000000,1000000
2019-10-24 07:56:52.771000,9.0939,9.09193,1000000,1000000
2019-10-24 07:56:53.823000,9.09404,9.09188,1000000,1000000
2019-10-24 07:56:53.924000,9.09418,9.09188,1000000,1000000
2019-10-24 07:56:54.089000,9.0942,9.09188,1500000,1000000
2019-10-24 07:56:54.887000,9.0942,9.09192,1500000,1000000
2019-10-24 07:56:55.244000,9.0942,9.09233,1000000,1000000
2019-10-24 07:56:55.363000,9.0943,9.09225,1000000,1000000
2019-10-24 07:56:55.646000,9.09442,9.09225,1000000,1000000
2019-10-24 07:56:55.924000,9.09442,9.0922,1000000,1000000
2019-10-24 07:56:56.624000,9.09416,9.09221,1000000,1000000
2019-10-24 07:56:56.776000,9.09413,9.09215,1000000,1000000
2019-10-24 07:56:56.877000,9.09418,9.0922,1000000,1000000
2019-10-24 07:56:57.408000,9.0942,9.09222,1000000,1000000
2019-10-24 07:56:57.660000,9.09424,9.09226,1000000,1000000
2019-10-24 07:56:57.761000,9.09415,9.09231,1000000,1000000
2019-10-24 07:56:57.861000,9.09415,9.09208,1000000,1000000
2019-10-24 07:56:57.967000,9.09415,9.09218,1000000,1000000
2019-10-24 07:56:58.224000,9.09466,9.09213,1500000,1000000
2019-10-24 07:56:58.414000,9.09464,9.0923,1500000,1000000
2019-10-24 07:56:58.515000,9.09468,9.09217,2000000,1000000
2019-10-24 07:56:59.571000,9.09464,9.09211,1500000,1000000
2019-10-24 07:56:59.966000,9.09448,9.09211,1000000,1000000
2019-10-24 07:57:00.016000,9.09448,9.09211,1500000,1000000
2019-10-24 07:57:00.146000,9.09448,9.09207,1500000,1000000
2019-10-24 07:57:01.652000,9.09414,9.09197,1000000,1000000
2019-10-24 07:57:01.950000,9.09412,9.09191,1000000,1500000
2019-10-24 07:57:02.049000,9.09417,9.09196,1000000,1000000
2019-10-24 07:57:02.099000,9.09417,9.09199,1000000,1000000
2019-10-24 07:57:02.998000,9.09414,9.09194,1000000,1500000
2019-10-24 07:57:03.099000,9.094,9.0921,1000000,1000000
2019-10-24 07:57:03.200000,9.09395,9.09207,1000000,1000000
2019-10-24 07:57:03.375000,9.094,9.0921,1000000,1000000
2019-10-24 07:57:03.426000,9.09406,9.09216,1000000,1000000
2019-10-24 07:57:03.588000,9.09405,9.09197,1000000,1000000
2019-10-24 07:57:03.639000,9.09406,9.09217,1000000,1000000
2019-10-24 07:57:03.740000,9.09401,9.09215,1000000,1000000
2019-10-24 07:57:03.791000,9.09401,9.09194,1000000,1000000
2019-10-24 07:57:03.977000,9.09401,9.09222,1000000,1000000
2019-10-24 07:57:04.167000,9.09416,9.09233,1000000,1000000
2019-10-24 07:57:04.268000,9.09452,9.09246,1500000,1000000
2019-10-24 07:57:04.368000,9.09426,9.09242,1000000,1000000
2019-10-24 07:57:04.470000,9.0942,9.09228,1000000,1000000
2019-10-24 07:57:04.571000,9.09428,9.0923,1000000,1000000
2019-10-24 07:57:04.671000,9.09461,9.09235,1000000,1000000
2019-10-24 07:57:04.722000,9.09429,9.09248,1000000,1000000
2019-10-24 07:57:04.838000,9.09429,9.09235,1000000,1500000
2019-10-24 07:57:05.080000,9.09438,9.09229,1000000,1500000
2019-10-24 07:57:05.188000,9.09426,9.09232,1000000,1500000
2019-10-24 07:57:05.289000,9.09463,9.09249,1500000,1500000
2019-10-24 07:57:05.339000,9.09468,9.09277,1500000,1000000
2019-10-24 07:57:05.442000,9.09472,9.09282,1500000,1000000
2019-10-24 07:57:05.889000,9.09473,9.09287,1500000,1000000
2019-10-24 07:57:06.635000,9.09483,9.09294,1500000,1000000
2019-10-24 07:57:07.966000,9.09474,9.09281,1000000,1000000
2019-10-24 07:57:08.067000,9.09482,9.0926,1500000,1000000
2019-10-24 07:57:08.194000,9.0947,9.0926,1000000,1000000
2019-10-24 07:57:08.245000,9.0947,9.09249,1000000,1500000
2019-10-24 07:57:08.530000,9.09474,9.09271,1000000,1000000
2019-10-24 07:57:08.581000,9.09474,9.09252,1000000,1500000
2019-10-24 07:57:08.803000,9.09474,9.09272,1000000,1000000
2019-10-24 07:57:09.647000,9.09469,9.09269,1000000,1000000
2019-10-24 07:57:09.818000,9.09469,9.09279,1000000,1000000
2019-10-24 07:57:11.138000,9.09469,9.09268,1000000,1000000
2019-10-24 07:57:11.880000,9.09467,9.09263,1000000,1000000
2019-10-24 07:57:12.880000,9.09467,9.0927,1000000,1000000
2019-10-24 07:57:15.026000,9.09453,9.09283,1000000,1000000
2019-10-24 07:57:15.127000,9.09453,9.09282,1000000,1000000
2019-10-24 07:57:15.329000,9.09476,9.093,1000000,1000000
2019-10-24 07:57:15.430000,9.09476,9.09281,1000000,1000000
2019-10-24 07:57:16.257000,9.09466,9.09294,1000000,1000000
2019-10-24 07:57:16.713000,9.09489,9.0928,1000000,1000000
2019-10-24 07:57:16.763000,9.09469,9.09294,1000000,1500000
2019-10-24 07:57:16.814000,9.09496,9.09311,1000000,1000000
2019-10-24 07:57:16.865000,9.09504,9.09311,1500000,1000000
2019-10-24 07:57:16.965000,9.09509,9.09337,1500000,1000000
2019-10-24 07:57:19.101000,9.09495,9.09337,1000000,1000000
2019-10-24 07:57:19.449000,9.09514,9.09337,2190000,1000000
2019-10-24 07:57:19.880000,9.09514,9.09338,1500000,1000000
2019-10-24 07:57:20.478000,9.09514,9.09338,1000000,1000000
2019-10-24 07:57:20.880000,9.09514,9.09334,1500000,1000000
2019-10-24 07:57:26.902000,9.09507,9.09328,1000000,1000000
2019-10-24 07:57:27.401000,9.0951,9.09329,1000000,1000000
2019-10-24 07:57:27.900000,9.09509,9.09327,1000000,1000000
2019-10-24 07:57:28.879000,9.09512,9.09328,1000000,1000000
2019-10-24 07:57:28.936000,9.09511,9.09332,1000000,1000000
2019-10-24 07:57:29.324000,9.09518,9.09341,1000000,1000000
2019-10-24 07:57:30.177000,9.09523,9.09341,1000000,1000000
2019-10-24 07:57:30.616000,9.09522,9.09341,1000000,1000000
2019-10-24 07:57:31.882000,9.09505,9.09341,1000000,1000000
2019-10-24 07:57:32.684000,9.09505,9.09337,1000000,1000000
2019-10-24 07:57:32.735000,9.09505,9.09331,1000000,1000000
2019-10-24 07:57:32.836000,9.09486,9.09319,1000000,1000000
2019-10-24 07:57:32.937000,9.09486,9.09337,1000000,1000000
2019-10-24 07:57:33.072000,9.09501,9.09345,1000000,1000000
2019-10-24 07:57:33.123000,9.09507,9.09345,1000000,1000000
2019-10-24 07:57:33.281000,9.09498,9.09345,1000000,1000000
2019-10-24 07:57:33.450000,9.09492,9.09342,1000000,1000000
2019-10-24 07:57:33.551000,9.09467,9.09325,1000000,1000000
2019-10-24 07:57:33.652000,9.09469,9.09324,1000000,1000000
2019-10-24 07:57:33.752000,9.09467,9.09324,1000000,1000000
2019-10-24 07:57:33.849000,9.09467,9.09303,1000000,1000000
2019-10-24 07:57:33.900000,9.09458,9.09303,1000000,1000000
2019-10-24 07:57:34.001000,9.09458,9.09298,1000000,1000000
2019-10-24 07:57:34.110000,9.09458,9.09267,1000000,1500000
2019-10-24 07:57:34.780000,9.09458,9.09287,1000000,1000000
2019-10-24 07:57:35.135000,9.09458,9.09286,1000000,1000000
2019-10-24 07:57:35.371000,9.09467,9.09293,1000000,1000000
2019-10-24 07:57:35.463000,9.09458,9.09293,1000000,1000000
2019-10-24 07:57:35.513000,9.09468,9.09293,1000000,1000000
2019-10-24 07:57:35.623000,9.09473,9.09293,1000000,1000000
2019-10-24 07:57:35.673000,9.09467,9.09298,1000000,1000000
2019-10-24 07:57:36.380000,9.09467,9.09296,1000000,1000000
2019-10-24 07:57:36.699000,9.09458,9.09296,1000000,1000000
2019-10-24 07:57:36.868000,9.09448,9.09296,1000000,1000000
2019-10-24 07:57:37.019000,9.09428,9.09296,1000000,1000000
2019-10-24 07:57:37.699000,9.09418,9.09296,1000000,1000000
2019-10-24 07:57:37.914000,9.09418,9.09291,1000000,1000000
2019-10-24 07:57:37.965000,9.09408,9.09291,1000000,1000000
2019-10-24 07:57:38.015000,9.09408,9.09288,1000000,1000000
2019-10-24 07:57:38.648000,9.09388,9.09283,1000000,1000000
2019-10-24 07:57:38.699000,9.09398,9.09268,1000000,1500000
2019-10-24 07:57:38.934000,9.09378,9.09277,1000000,1000000
2019-10-24 07:57:38.984000,9.09387,9.09252,1000000,1000000
2019-10-24 07:57:39.091000,9.09378,9.09252,1000000,1000000
2019-10-24 07:57:39.329000,9.09397,9.09255,1000000,1000000
2019-10-24 07:57:39.379000,9.09378,9.09259,1000000,1000000
2019-10-24 07:57:39.510000,9.09378,9.0925,1000000,1000000
2019-10-24 07:57:41.354000,9.09378,9.09262,1000000,1000000
2019-10-24 07:57:41.455000,9.09387,9.09262,1000000,1000000
2019-10-24 07:57:42.326000,9.09408,9.09272,1000000,1000000
2019-10-24 07:57:42.377000,9.09388,9.09267,1000000,1000000
2019-10-24 07:57:42.427000,9.09388,9.09261,1000000,1000000
2019-10-24 07:57:42.478000,9.09407,9.09238,1000000,1500000
2019-10-24 07:57:42.705000,9.09409,9.09238,1000000,1500000
2019-10-24 07:57:42.838000,9.09377,9.09238,1000000,1500000
2019-10-24 07:57:43.088000,9.09377,9.09253,1000000,1000000
2019-10-24 07:57:44.324000,9.09388,9.09253,1000000,1000000
2019-10-24 07:57:44.425000,9.09388,9.09256,1000000,1000000
2019-10-24 07:57:44.526000,9.09397,9.09263,1000000,1000000
2019-10-24 07:57:45.080000,9.09397,9.09277,1000000,1000000
2019-10-24 07:57:45.131000,9.09408,9.09282,1000000,1000000
2019-10-24 07:57:45.232000,9.09408,9.09276,1000000,1000000
2019-10-24 07:57:45.283000,9.09398,9.09276,1000000,1000000
2019-10-24 07:57:45.333000,9.09407,9.09279,1000000,1000000
2019-10-24 07:57:46.063000,9.09407,9.09284,1000000,1000000
2019-10-24 07:57:46.164000,9.09407,9.09289,1000000,1000000
2019-10-24 07:57:46.287000,9.0946,9.09289,1000000,1000000
2019-10-24 07:57:46.683000,9.09418,9.09289,1000000,1000000
2019-10-24 07:57:47.385000,9.09418,9.09295,1000000,1000000
2019-10-24 07:57:48.840000,9.09418,9.09294,1000000,1000000
2019-10-24 07:57:49.239000,9.09418,9.09299,1000000,1000000
2019-10-24 07:57:49.290000,9.09428,9.09288,1000000,1000000
2019-10-24 07:57:49.341000,9.09417,9.09288,1000000,1000000
2019-10-24 07:57:49.512000,9.0946,9.09288,1000000,1000000
2019-10-24 07:57:49.562000,9.09459,9.0929,1000000,1000000
2019-10-24 07:57:49.687000,9.0946,9.09291,1000000,1000000
2019-10-24 07:57:50.535000,9.09408,9.09291,1000000,1000000
2019-10-24 07:57:50.882000,9.09408,9.09288,1000000,1000000
2019-10-24 07:57:51.907000,9.09408,9.0929,1000000,1000000
2019-10-24 07:57:52.935000,9.09459,9.09292,1000000,1000000
2019-10-24 07:57:52.986000,9.09459,9.09322,1000000,1000000
2019-10-24 07:57:55.028000,9.09458,9.09322,1000000,1000000
2019-10-24 07:57:55.132000,9.09442,9.09322,1000000,1000000
2019-10-24 07:57:56.268000,9.09451,9.09322,1000000,1000000
2019-10-24 07:57:56.943000,9.09451,9.09312,1000000,1000000
2019-10-24 07:57:57.264000,9.09451,9.09303,1000000,1000000
2019-10-24 07:57:57.414000,9.09394,9.09243,1000000,1000000
2019-10-24 07:57:57.464000,9.09316,9.09226,1000000,1000000
2019-10-24 07:57:57.515000,9.09316,9.09223,1000000,1000000
2019-10-24 07:57:57.615000,9.09402,9.09233,1500000,1000000
2019-10-24 07:57:57.666000,9.0939,9.09222,1000000,1000000
2019-10-24 07:57:59.207000,9.09406,9.09222,1000000,1000000
2019-10-24 07:57:59.258000,9.09381,9.09202,1000000,1000000
2019-10-24 07:57:59.359000,9.09376,9.09199,1000000,1000000
2019-10-24 07:57:59.477000,9.09376,9.0919,1000000,1000000
2019-10-24 07:57:59.921000,9.09379,9.09204,1000000,1000000
2019-10-24 07:58:00.084000,9.09379,9.09205,1000000,1000000
2019-10-24 07:58:00.934000,9.09374,9.09201,1000000,1000000
2019-10-24 07:58:00.985000,9.0937,9.09196,1000000,1000000
2019-10-24 07:58:02.555000,9.09376,9.09203,1000000,1000000
2019-10-24 07:58:03.516000,9.09383,9.0921,1000000,1000000
2019-10-24 07:58:03.567000,9.09382,9.09192,1000000,1000000
2019-10-24 07:58:03.617000,9.09382,9.09232,1000000,1000000
2019-10-24 07:58:04.064000,9.09383,9.09232,1000000,1000000
2019-10-24 07:58:04.299000,9.09378,9.09232,1000000,1000000
2019-10-24 07:58:04.444000,9.09384,9.09232,1000000,1000000
2019-10-24 07:58:04.641000,9.09379,9.09232,1000000,1000000
2019-10-24 07:58:04.822000,9.09384,9.09232,1000000,1000000
2019-10-24 07:58:05.146000,9.0939,9.09242,1000000,1000000
2019-10-24 07:58:05.247000,9.0939,9.09232,1000000,1000000
2019-10-24 07:58:05.849000,9.09386,9.09232,1000000,1000000
2019-10-24 07:58:06.143000,9.09386,9.09252,1000000,1000000
2019-10-24 07:58:07.453000,9.09419,9.09347,1000000,1500000
2019-10-24 07:58:07.503000,9.09496,9.09434,1000000,1000000
2019-10-24 07:58:07.554000,9.09554,9.09482,1000000,1500000
2019-10-24 07:58:07.654000,9.09689,9.09517,1000000,1000000
2019-10-24 07:58:07.705000,9.09757,9.09587,1500000,1000000
2019-10-24 07:58:07.806000,9.09835,9.09705,1000000,1000000
2019-10-24 07:58:07.856000,9.09845,9.09705,1000000,1000000
2019-10-24 07:58:07.988000,9.09878,9.09716,1000000,1000000
2019-10-24 07:58:08.039000,9.09917,9.09724,1000000,1000000
2019-10-24 07:58:08.140000,9.09917,9.0972,1000000,1000000
2019-10-24 07:58:08.401000,9.09918,9.0972,1000000,1000000
2019-10-24 07:58:08.502000,9.09918,9.0972,1500000,1000000
2019-10-24 07:58:08.552000,9.09898,9.0972,1000000,1000000
2019-10-24 07:58:08.653000,9.09907,9.0972,1000000,1000000
2019-10-24 07:58:08.704000,9.09907,9.09665,1000000,1000000
2019-10-24 07:58:09.140000,9.09897,9.09665,1000000,1000000
2019-10-24 07:58:09.495000,9.09908,9.09665,1000000,1000000
2019-10-24 07:58:09.546000,9.09876,9.09642,1000000,1500000
2019-10-24 07:58:09.864000,9.09861,9.09642,1000000,1000000
2019-10-24 07:58:09.965000,9.09861,9.09638,1000000,1000000
2019-10-24 07:58:10.015000,9.09852,9.0963,1000000,1120000
2019-10-24 07:58:10.458000,9.09852,9.09628,1000000,1000000
2019-10-24 07:58:10.509000,9.09839,9.09622,1000000,1500000
2019-10-24 07:58:10.610000,9.09828,9.09621,1500000,1000000
2019-10-24 07:58:10.711000,9.09828,9.09621,1000000,1000000
2019-10-24 07:58:10.812000,9.09823,9.09621,1000000,1000000
2019-10-24 07:58:10.914000,9.09828,9.09642,1000000,1000000
2019-10-24 07:58:11.166000,9.09809,9.09615,1000000,1500000
2019-10-24 07:58:11.217000,9.09806,9.0962,1000000,1000000
2019-10-24 07:58:11.465000,9.09803,9.09616,1000000,1000000
2019-10-24 07:58:11.566000,9.09814,9.09604,1000000,1500000
2019-10-24 07:58:11.616000,9.09765,9.09588,1000000,1500000
2019-10-24 07:58:11.667000,9.09776,9.0959,1000000,1500000
2019-10-24 07:58:11.768000,9.0979,9.09602,1000000,1000000
2019-10-24 07:58:12.023000,9.09779,9.09591,1000000,1000000
2019-10-24 07:58:12.124000,9.09769,9.09582,1000000,1000000
2019-10-24 07:58:12.695000,9.09749,9.09564,1000000,1000000
2019-10-24 07:58:13.047000,9.09737,9.09552,1000000,1000000
2019-10-24 07:58:13.098000,9.09728,9.09542,1000000,1120000
2019-10-24 07:58:13.635000,9.09719,9.09532,1000000,1500000
2019-10-24 07:58:13.787000,9.09732,9.09539,1000000,1500000
2019-10-24 07:58:13.888000,9.09732,9.09539,1000000,1000000
2019-10-24 07:58:13.988000,9.09729,9.09542,1000000,1000000
2019-10-24 07:58:14.422000,9.09719,9.09532,1000000,1500000
2019-10-24 07:58:14.638000,9.09719,9.09532,1000000,1000000
2019-10-24 07:58:14.739000,9.0971,9.09523,1000000,1000000
2019-10-24 07:58:15.213000,9.097,9.09514,1000000,1000000
2019-10-24 07:58:15.314000,9.09705,9.0952,1000000,1000000
2019-10-24 07:58:15.364000,9.0971,9.09523,1000000,1000000
2019-10-24 07:58:15.415000,9.09705,9.09518,1000000,1000000
2019-10-24 07:58:15.549000,9.09667,9.0948,1000000,1500000
2019-10-24 07:58:15.600000,9.09657,9.09471,1000000,1500000
2019-10-24 07:58:15.701000,9.09657,9.09471,1000000,1000000
2019-10-24 07:58:16.609000,9.09663,9.09476,1000000,1000000
2019-10-24 07:58:16.660000,9.09652,9.09467,1000000,1000000
2019-10-24 07:58:17.208000,9.09642,9.09456,1000000,1000000
2019-10-24 07:58:17.388000,9.09647,9.0946,1000000,1000000
2019-10-24 07:58:17.892000,9.0964,9.09456,1000000,1000000
2019-10-24 07:58:17.942000,9.09653,9.09468,1000000,1000000
2019-10-24 07:58:18.095000,9.09643,9.09457,1000000,1000000
2019-10-24 07:58:18.709000,9.09645,9.09458,1000000,1000000
2019-10-24 07:58:19.314000,9.09645,9.09482,1000000,1000000
2019-10-24 07:58:19.889000,9.0965,9.09492,1000000,1000000
2019-10-24 07:58:20.711000,9.09634,9.09492,1000000,1000000
2019-10-24 07:58:21.297000,9.09636,9.09492,1000000,1000000
2019-10-24 07:58:21.822000,9.09646,9.09492,1000000,1000000
2019-10-24 07:58:22.140000,9.09646,9.09482,1000000,1000000
2019-10-24 07:58:22.422000,9.09644,9.09492,1000000,1000000
2019-10-24 07:58:22.489000,9.09644,9.09482,1000000,1000000
2019-10-24 07:58:22.669000,9.09639,9.09482,1000000,1000000
2019-10-24 07:58:23.416000,9.09641,9.09482,1000000,1000000
2019-10-24 07:58:24.405000,9.09639,9.09482,1000000,1000000
2019-10-24 07:58:24.589000,9.09608,9.09444,1000000,1000000
2019-10-24 07:58:24.727000,9.09611,9.09425,1000000,1000000
2019-10-24 07:58:24.778000,9.09596,9.09422,1000000,1000000
2019-10-24 07:58:24.828000,9.09596,9.09403,1000000,1500000
2019-10-24 07:58:24.879000,9.09583,9.09396,1000000,1000000
2019-10-24 07:58:24.929000,9.09581,9.09396,1000000,1000000
2019-10-24 07:58:25.030000,9.09558,9.09381,1000000,1000000
2019-10-24 07:58:25.152000,9.09545,9.09374,1000000,1000000
2019-10-24 07:58:25.202000,9.09545,9.09369,1000000,1000000
2019-10-24 07:58:25.279000,9.09544,9.09357,1000000,1000000
2019-10-24 07:58:25.330000,9.0952,9.09348,1000000,1500000
2019-10-24 07:58:25.431000,9.0952,9.09317,1000000,1500000
2019-10-24 07:58:25.639000,9.0952,9.09317,1000000,1000000
2019-10-24 07:58:25.747000,9.0952,9.09318,1000000,1000000
2019-10-24 07:58:25.798000,9.0952,9.09337,1000000,1000000
2019-10-24 07:58:25.899000,9.09501,9.09337,1000000,1000000
2019-10-24 07:58:25.949000,9.09501,9.09312,1000000,1500000
2019-10-24 07:58:26.050000,9.09501,9.09312,1000000,1000000
2019-10-24 07:58:26.101000,9.09501,9.09296,1000000,1500000
2019-10-24 07:58:26.151000,9.09493,9.09296,1000000,1500000
2019-10-24 07:58:26.252000,9.09499,9.09314,1000000,1000000
2019-10-24 07:58:26.507000,9.09509,9.0931,1000000,1000000
2019-10-24 07:58:26.558000,9.09507,9.09293,1000000,1000000
2019-10-24 07:58:26.782000,9.09503,9.09293,1000000,1000000
2019-10-24 07:58:26.884000,9.09484,9.09285,1000000,1000000
2019-10-24 07:58:26.935000,9.09484,9.09266,1000000,1500000
2019-10-24 07:58:26.986000,9.09483,9.0926,1000000,1000000
2019-10-24 07:58:27.036000,9.09473,9.0926,1000000,1000000
2019-10-24 07:58:27.137000,9.09468,9.09255,1000000,1000000
2019-10-24 07:58:27.238000,9.09452,9.09257,1000000,1000000
2019-10-24 07:58:27.339000,9.09438,9.09251,1000000,1000000
2019-10-24 07:58:27.440000,9.0943,9.09251,1000000,1000000
2019-10-24 07:58:27.693000,9.0943,9.09237,1000000,1000000
2019-10-24 07:58:27.790000,9.09419,9.09232,1000000,1000000
2019-10-24 07:58:27.841000,9.094,9.09183,1000000,1500000
2019-10-24 07:58:27.942000,9.09393,9.09165,1000000,1500000
2019-10-24 07:58:27.993000,9.0939,9.09134,1500000,1500000
2019-10-24 07:58:28.043000,9.09369,9.09127,1000000,1500000
2019-10-24 07:58:28.144000,9.09369,9.09132,1000000,1250000
2019-10-24 07:58:28.245000,9.09369,9.09134,1000000,1500000
2019-10-24 07:58:28.346000,9.09354,9.092,1000000,1000000
2019-10-24 07:58:28.447000,9.09379,9.09159,1000000,1500000
2019-10-24 07:58:28.548000,9.09379,9.09183,1000000,1500000
2019-10-24 07:58:28.599000,9.09377,9.09189,1000000,1500000
2019-10-24 07:58:28.650000,9.09379,9.09186,1000000,1500000
2019-10-24 07:58:28.701000,9.09394,9.09177,1000000,1500000
2019-10-24 07:58:28.802000,9.0942,9.09178,1000000,1500000
2019-10-24 07:58:28.899000,9.0944,9.09195,1000000,1500000
2019-10-24 07:58:28.950000,9.09427,9.09195,1000000,1500000
2019-10-24 07:58:29.101000,9.09434,9.09203,1000000,1500000
2019-10-24 07:58:29.202000,9.09416,9.09191,1000000,1500000
2019-10-24 07:58:29.252000,9.09415,9.092,1000000,1000000
2019-10-24 07:58:29.353000,9.09414,9.09206,1000000,1000000
2019-10-24 07:58:29.454000,9.09414,9.09182,1000000,1500000
2019-10-24 07:58:29.555000,9.09414,9.092,1000000,1000000
2019-10-24 07:58:29.656000,9.09411,9.092,1000000,1000000
2019-10-24 07:58:29.807000,9.09409,9.092,1000000,1000000
2019-10-24 07:58:29.917000,9.09403,9.092,1000000,1000000
2019-10-24 07:58:30.017000,9.09409,9.092,1000000,1000000
2019-10-24 07:58:30.118000,9.09414,9.09205,1000000,1000000
2019-10-24 07:58:30.219000,9.09402,9.09204,1000000,1500000
2019-10-24 07:58:30.270000,9.0941,9.09204,1000000,1500000
2019-10-24 07:58:30.385000,9.09425,9.09204,1000000,1000000
2019-10-24 07:58:30.436000,9.09408,9.09215,1000000,1500000
2019-10-24 07:58:30.486000,9.09412,9.09199,1000000,1500000
2019-10-24 07:58:30.537000,9.09412,9.09264,1000000,1000000
2019-10-24 07:58:30.588000,9.09436,9.09263,1000000,1000000
2019-10-24 07:58:30.790000,9.0943,9.09263,1000000,1000000
2019-10-24 07:58:31.160000,9.0943,9.09207,1000000,1500000
2019-10-24 07:58:31.271000,9.09442,9.09207,1000000,1500000
2019-10-24 07:58:31.381000,9.09425,9.09215,1000000,1120000
2019-10-24 07:58:31.482000,9.0943,9.0921,1000000,1500000
2019-10-24 07:58:31.583000,9.0944,9.09192,1000000,1500000
2019-10-24 07:58:31.683000,9.09428,9.0919,1000000,1500000
2019-10-24 07:58:32.150000,9.09428,9.0919,1000000,1500000
2019-10-24 07:58:32.263000,9.09428,9.09185,1000000,1500000
2019-10-24 07:58:32.364000,9.0941,9.0918,1000000,1500000
2019-10-24 07:58:32.414000,9.0941,9.0918,1000000,1500000
2019-10-24 07:58:32.465000,9.0941,9.0918,1000000,1500000
2019-10-24 07:58:32.569000,9.09419,9.09179,1000000,1500000
2019-10-24 07:58:32.670000,9.09405,9.09199,1000000,1500000
2019-10-24 07:58:32.728000,9.09409,9.09199,1000000,1500000
2019-10-24 07:58:33.252000,9.09409,9.092,1000000,1500000
2019-10-24 07:58:33.353000,9.09417,9.09211,1000000,1500000
2019-10-24 07:58:33.554000,9.09419,9.09205,1000000,1000000
2019-10-24 07:58:33.605000,9.09419,9.0918,1000000,1250000
2019-10-24 07:58:33.655000,9.0941,9.09204,1000000,1000000
2019-10-24 07:58:33.783000,9.0941,9.09178,1000000,1250000
2019-10-24 07:58:33.834000,9.0941,9.09178,1000000,1500000
2019-10-24 07:58:34.154000,9.0941,9.09198,1000000,1000000
2019-10-24 07:58:34.204000,9.0941,9.09181,1000000,1500000
2019-10-24 07:58:34.505000,9.0941,9.09181,1000000,1500000
2019-10-24 07:58:34.811000,9.0941,9.09185,1000000,1500000
2019-10-24 07:58:34.912000,9.09401,9.09183,1000000,1500000
2019-10-24 07:58:35.063000,9.09401,9.09183,1000000,1500000
2019-10-24 07:58:35.215000,9.09406,9.09183,1000000,1500000
2019-10-24 07:58:35.327000,9.09406,9.09183,1000000,1500000
2019-10-24 07:58:35.428000,9.09403,9.092,1000000,1000000
2019-10-24 07:58:35.559000,9.09402,9.09179,1000000,1500000
2019-10-24 07:58:35.812000,9.09393,9.09175,1000000,1500000
2019-10-24 07:58:36.089000,9.09377,9.09189,1000000,1500000
2019-10-24 07:58:36.190000,9.09377,9.09181,1000000,1500000
2019-10-24 07:58:36.241000,9.09377,9.09175,1000000,1000000
2019-10-24 07:58:36.342000,9.09377,9.09157,1000000,1500000
2019-10-24 07:58:36.493000,9.09362,9.09157,1000000,1500000
2019-10-24 07:58:36.622000,9.09362,9.09175,1000000,1000000
2019-10-24 07:58:36.723000,9.09385,9.09175,1000000,1000000
2019-10-24 07:58:36.823000,9.09385,9.0916,1000000,1000000
2019-10-24 07:58:37.025000,9.09385,9.09172,1000000,1000000
2019-10-24 07:58:37.176000,9.09373,9.09165,1000000,1000000
2019-10-24 07:58:37.309000,9.09385,9.09151,1000000,1250000
2019-10-24 07:58:37.600000,9.09372,9.09152,1000000,1000000
2019-10-24 07:58:37.701000,9.09368,9.09168,1000000,1000000
2019-10-24 07:58:37.933000,9.09373,9.09167,1000000,1500000
2019-10-24 07:58:37.984000,9.09382,9.09167,1000000,1000000
2019-10-24 07:58:38.085000,9.09387,9.09153,1500000,2000000
2019-10-24 07:58:38.136000,9.09385,9.09174,1000000,1000000
2019-10-24 07:58:38.237000,9.09394,9.09168,1000000,1500000
2019-10-24 07:58:38.338000,9.09392,9.0918,1000000,1500000
2019-10-24 07:58:38.540000,9.0938,9.09174,1000000,1500000
2019-10-24 07:58:38.641000,9.0938,9.09174,1000000,1500000
2019-10-24 07:58:38.742000,9.0938,9.09174,1000000,1000000
2019-10-24 07:58:38.981000,9.09375,9.09168,1000000,1120000
2019-10-24 07:58:39.032000,9.0937,9.09164,1000000,1500000
2019-10-24 07:58:39.082000,9.0937,9.09164,1000000,1000000
2019-10-24 07:58:39.133000,9.0936,9.09165,1000000,1000000
2019-10-24 07:58:39.688000,9.0936,9.09165,1000000,1500000
2019-10-24 07:58:39.788000,9.09373,9.09162,1000000,1500000
2019-10-24 07:58:40.206000,9.09363,9.09164,1000000,1500000
2019-10-24 07:58:40.307000,9.09363,9.09182,1000000,1000000
2019-10-24 07:58:40.408000,9.09363,9.09173,1000000,1500000
2019-10-24 07:58:40.562000,9.09376,9.09168,1000000,1500000
2019-10-24 07:58:40.713000,9.09376,9.09172,1000000,1000000
2019-10-24 07:58:40.834000,9.09376,9.09182,1000000,1000000
2019-10-24 07:58:40.986000,9.09376,9.09173,1000000,1000000
2019-10-24 07:58:41.037000,9.09376,9.09183,1000000,1000000
2019-10-24 07:58:41.140000,9.09357,9.09183,1000000,1000000
2019-10-24 07:58:41.417000,9.09362,9.09183,1000000,1000000
2019-10-24 07:58:41.544000,9.09362,9.09182,1000000,1000000
2019-10-24 07:58:41.650000,9.09354,9.09182,1000000,1000000
2019-10-24 07:58:41.751000,9.09354,9.09172,1000000,1000000
2019-10-24 07:58:41.939000,9.09354,9.09162,1000000,1000000
2019-10-24 07:58:41.990000,9.09343,9.09147,1000000,1000000
2019-10-24 07:58:42.091000,9.0936,9.09143,1000000,1000000
2019-10-24 07:58:42.141000,9.09352,9.09143,1000000,1000000
2019-10-24 07:58:42.192000,9.0936,9.09132,1000000,1000000
2019-10-24 07:58:42.242000,9.09334,9.09138,1000000,1000000
2019-10-24 07:58:42.343000,9.09327,9.09132,1000000,1000000
2019-10-24 07:58:42.538000,9.09327,9.09143,1000000,1000000
2019-10-24 07:58:42.639000,9.09327,9.09183,1000000,1000000
2019-10-24 07:58:42.690000,9.09337,9.09192,1000000,1000000
2019-10-24 07:58:42.795000,9.09337,9.09182,1000000,1000000
2019-10-24 07:58:42.909000,9.09361,9.09172,1000000,1000000
2019-10-24 07:58:42.959000,9.09344,9.09172,1000000,1000000
2019-10-24 07:58:43.010000,9.09359,9.09172,1000000,1000000
2019-10-24 07:58:43.341000,9.09359,9.09173,1000000,1000000
2019-10-24 07:58:43.392000,9.0935,9.09192,1000000,1000000
2019-10-24 07:58:43.510000,9.09339,9.09192,1000000,1000000
2019-10-24 07:58:43.618000,9.09339,9.09172,1000000,1000000
2019-10-24 07:58:43.962000,9.0935,9.09183,1000000,1000000
2019-10-24 07:58:44.113000,9.09341,9.09183,1000000,1000000
2019-10-24 07:58:44.264000,9.09341,9.09193,1000000,1000000
2019-10-24 07:58:44.415000,9.09347,9.09193,1000000,1000000
2019-10-24 07:58:44.466000,9.09348,9.09136,1000000,1500000
2019-10-24 07:58:44.516000,9.09341,9.09133,1000000,1500000
2019-10-24 07:58:44.617000,9.09329,9.09133,1000000,1500000
2019-10-24 07:58:44.668000,9.09329,9.09133,1000000,1000000
2019-10-24 07:58:44.819000,9.09329,9.09142,1000000,1000000
2019-10-24 07:58:44.920000,9.09328,9.09173,1000000,1000000
2019-10-24 07:58:45.222000,9.09328,9.09182,1000000,1000000
2019-10-24 07:58:45.282000,9.09334,9.09182,1000000,1000000
2019-10-24 07:58:45.383000,9.09297,9.09113,1000000,1000000
2019-10-24 07:58:45.433000,9.09313,9.09152,1000000,1000000
2019-10-24 07:58:45.484000,9.09313,9.091,1000000,1000000
2019-10-24 07:58:45.585000,9.09338,9.0911,1000000,1000000
2019-10-24 07:58:45.864000,9.09338,9.0911,1500000,1000000
2019-10-24 07:58:45.965000,9.09338,9.09132,1500000,1000000
2019-10-24 07:58:46.472000,9.09317,9.09132,1000000,1000000
2019-10-24 07:58:46.522000,9.09329,9.09112,1500000,1000000
2019-10-24 07:58:46.573000,9.09322,9.09142,1120000,1000000
2019-10-24 07:58:46.674000,9.09321,9.09142,1000000,1000000
2019-10-24 07:58:46.888000,9.09321,9.09152,1000000,1000000
2019-10-24 07:58:47.284000,9.09312,9.09152,1000000,1000000
2019-10-24 07:58:47.805000,9.09312,9.09142,1000000,1000000
2019-10-24 07:58:48.087000,9.09312,9.09132,1000000,1000000
2019-10-24 07:58:48.137000,9.0929,9.09122,1000000,1000000
2019-10-24 07:58:48.238000,9.09286,9.09122,1000000,1000000
2019-10-24 07:58:48.346000,9.09286,9.09078,1000000,1500000
2019-10-24 07:58:48.708000,9.09298,9.09123,1000000,1000000
2019-10-24 07:58:49.439000,9.09297,9.09122,1000000,1000000
2019-10-24 07:58:49.669000,9.09297,9.09086,1000000,1500000
2019-10-24 07:58:49.770000,9.093,9.09086,1000000,1500000
2019-10-24 07:58:49.917000,9.093,9.09142,1000000,1000000
2019-10-24 07:58:50.452000,9.093,9.09133,1000000,1000000
2019-10-24 07:58:50.523000,9.09319,9.09133,1000000,1000000
2019-10-24 07:58:50.624000,9.09319,9.09123,1000000,1000000
2019-10-24 07:58:50.725000,9.09328,9.09123,1000000,1000000
2019-10-24 07:58:50.883000,9.09328,9.09123,1500000,1000000
2019-10-24 07:58:50.984000,9.09304,9.09123,1000000,1000000
2019-10-24 07:58:51.681000,9.093,9.09123,1000000,1000000
2019-10-24 07:58:51.731000,9.09298,9.09112,1000000,1000000
2019-10-24 07:58:51.782000,9.09287,9.09112,1000000,1000000
2019-10-24 07:58:51.832000,9.09269,9.09083,1000000,1000000
2019-10-24 07:58:51.933000,9.09283,9.09091,1500000,1000000
2019-10-24 07:58:51.984000,9.09269,9.09087,1000000,1000000
2019-10-24 07:58:53.382000,9.09266,9.09085,1000000,1000000
2019-10-24 07:58:53.842000,9.09262,9.0908,1000000,1000000
2019-10-24 07:58:54.103000,9.0923,9.09075,1000000,1000000
2019-10-24 07:58:54.204000,9.09229,9.09048,1000000,1000000
2019-10-24 07:58:54.254000,9.09229,9.09052,1000000,1000000
2019-10-24 07:58:54.305000,9.09229,9.09048,1000000,1000000
2019-10-24 07:58:54.422000,9.09226,9.09054,1000000,1000000
2019-10-24 07:58:54.686000,9.09232,9.0906,1000000,1000000
2019-10-24 07:58:54.965000,9.09236,9.09066,1000000,1000000
2019-10-24 07:58:55.016000,9.09233,9.09062,1000000,1000000
2019-10-24 07:58:55.727000,9.09233,9.09061,1000000,1000000
2019-10-24 07:58:56.051000,9.09228,9.09058,1000000,1000000
2019-10-24 07:58:56.388000,9.09239,9.09052,1000000,1000000
2019-10-24 07:58:56.439000,9.09242,9.09052,1000000,1000000
2019-10-24 07:58:56.615000,9.09242,9.09059,1000000,1000000
2019-10-24 07:58:56.751000,9.09242,9.09073,1000000,1000000
2019-10-24 07:58:56.996000,9.09242,9.09093,1000000,1000000
2019-10-24 07:58:57.046000,9.09252,9.09093,1000000,1000000
2019-10-24 07:58:57.276000,9.09252,9.09073,1000000,1000000
2019-10-24 07:58:57.327000,9.09252,9.09082,1000000,1000000
2019-10-24 07:58:57.388000,9.09252,9.09073,1000000,1000000
2019-10-24 07:58:57.938000,9.09252,9.09063,1000000,1000000
2019-10-24 07:58:58.050000,9.09252,9.09062,1000000,1000000
2019-10-24 07:58:59.096000,9.09252,9.09059,1000000,1000000
2019-10-24 07:58:59.389000,9.09288,9.09062,1500000,1000000
2019-10-24 07:58:59.439000,9.09264,9.09073,1000000,1000000
2019-10-24 07:58:59.490000,9.09264,9.09065,1000000,1000000
2019-10-24 07:59:00.254000,9.09254,9.09055,1000000,1000000
2019-10-24 07:59:00.304000,9.0925,9.0905,1000000,1000000
2019-10-24 07:59:00.355000,9.09245,9.09046,1000000,1000000
2019-10-24 07:59:00.722000,9.09245,9.09047,1000000,1000000
2019-10-24 07:59:01.014000,9.09282,9.09042,1000000,1000000
2019-10-24 07:59:01.115000,9.09282,9.09048,1000000,1000000
2019-10-24 07:59:01.216000,9.09306,9.09048,2000000,1000000
2019-10-24 07:59:01.266000,9.09306,9.09052,1500000,1000000
2019-10-24 07:59:01.367000,9.09306,9.09062,1500000,1000000
2019-10-24 07:59:01.468000,9.09303,9.09062,1000000,1500000
2019-10-24 07:59:01.519000,9.093,9.09074,1000000,1000000
2019-10-24 07:59:01.897000,9.09328,9.09063,1500000,1500000
2019-10-24 07:59:01.998000,9.09337,9.09084,1500000,1000000
2019-10-24 07:59:02.099000,9.09326,9.09069,1500000,1000000
2019-10-24 07:59:02.200000,9.09336,9.09054,1500000,1500000
2019-10-24 07:59:02.301000,9.09337,9.09084,1500000,1000000
2019-10-24 07:59:02.402000,9.09354,9.09109,1500000,1000000
2019-10-24 07:59:02.452000,9.09376,9.09077,1000000,1500000
2019-10-24 07:59:02.503000,9.09371,9.09063,1000000,1500000
2019-10-24 07:59:02.553000,9.09385,9.09101,1000000,1500000
2019-10-24 07:59:02.604000,9.09388,9.09072,1000000,1500000
2019-10-24 07:59:02.705000,9.0939,9.09104,1500000,1500000
2019-10-24 07:59:02.958000,9.09389,9.09119,1120000,1000000
2019-10-24 07:59:03.211000,9.09396,9.09128,1000000,1000000
2019-10-24 07:59:03.339000,9.09421,9.09165,1000000,1000000
2019-10-24 07:59:03.390000,9.09443,9.09184,1500000,1000000
2019-10-24 07:59:03.441000,9.09438,9.0918,1000000,1000000
2019-10-24 07:59:03.491000,9.09447,9.09189,1500000,1000000
2019-10-24 07:59:03.592000,9.09441,9.09178,1000000,1000000
2019-10-24 07:59:03.694000,9.09429,9.0917,1000000,1000000
2019-10-24 07:59:04.525000,9.09421,9.09157,1000000,1000000
2019-10-24 07:59:04.868000,9.09436,9.09164,1000000,1000000
2019-10-24 07:59:04.970000,9.09438,9.09181,1000000,1000000
2019-10-24 07:59:05.121000,9.09438,9.09163,1000000,1000000
2019-10-24 07:59:05.380000,9.09433,9.09163,1000000,1000000
2019-10-24 07:59:05.715000,9.09433,9.09148,1000000,1000000
2019-10-24 07:59:05.913000,9.09434,9.09152,1000000,1000000
2019-10-24 07:59:06.679000,9.09434,9.09149,1000000,1000000
2019-10-24 07:59:06.830000,9.09428,9.09142,1000000,1000000
2019-10-24 07:59:06.881000,9.09428,9.09152,1000000,1000000
2019-10-24 07:59:07.096000,9.09428,9.09142,1000000,1000000
2019-10-24 07:59:07.147000,9.09428,9.09136,1000000,1000000
2019-10-24 07:59:07.198000,9.09433,9.09138,1000000,1000000
2019-10-24 07:59:07.714000,9.09428,9.09138,1000000,1000000
2019-10-24 07:59:08.716000,9.09438,9.09146,1000000,1000000
2019-10-24 07:59:08.868000,9.09452,9.09156,1000000,1000000
2019-10-24 07:59:08.919000,9.0946,9.09166,1000000,1000000
2019-10-24 07:59:08.970000,9.09465,9.0917,1000000,1000000
2019-10-24 07:59:09.882000,9.09513,9.09119,1000000,1000000
2019-10-24 07:59:10.102000,9.09488,9.09182,1000000,1000000
2019-10-24 07:59:10.203000,9.09488,9.09182,1000000,1500000
2019-10-24 07:59:10.446000,9.09468,9.0917,1000000,1000000
2019-10-24 07:59:10.589000,9.09458,9.0917,1000000,1000000
2019-10-24 07:59:11.299000,9.09458,9.09166,1000000,1000000
2019-10-24 07:59:11.350000,9.09468,9.09166,1000000,1000000
2019-10-24 07:59:11.501000,9.09457,9.09166,1000000,1000000
2019-10-24 07:59:12.080000,9.09488,9.09166,1000000,1000000
2019-10-24 07:59:12.202000,9.09438,9.09166,1000000,1000000
2019-10-24 07:59:12.446000,9.09438,9.09132,1000000,1500000
2019-10-24 07:59:13.544000,9.09428,9.09131,1000000,1000000
2019-10-24 07:59:13.594000,9.09438,9.09132,1000000,1500000
2019-10-24 07:59:13.717000,9.09448,9.09142,1000000,1500000
2019-10-24 07:59:13.768000,9.09437,9.09133,1000000,1500000
2019-10-24 07:59:13.819000,9.09437,9.09133,1000000,1500000
2019-10-24 07:59:13.970000,9.09448,9.09142,1000000,1500000
2019-10-24 07:59:14.071000,9.09438,9.09132,1000000,1500000
2019-10-24 07:59:14.513000,9.09497,9.09132,1000000,1000000
2019-10-24 07:59:14.915000,9.09487,9.09132,1000000,1000000
2019-10-24 07:59:14.966000,9.09478,9.0911,1000000,1500000
2019-10-24 07:59:16.242000,9.09478,9.0911,1000000,1500000
2019-10-24 07:59:16.293000,9.09492,9.09122,1000000,1500000
2019-10-24 07:59:16.430000,9.09468,9.09232,1000000,1000000
2019-10-24 07:59:16.531000,9.09472,9.09263,1000000,1000000
2019-10-24 07:59:16.582000,9.09491,9.09263,1000000,1000000
2019-10-24 07:59:16.682000,9.09497,9.09263,1500000,1000000
2019-10-24 07:59:16.733000,9.09495,9.09263,1000000,1000000
2019-10-24 07:59:16.884000,9.09495,9.09272,1000000,1000000
2019-10-24 07:59:16.935000,9.09525,9.09272,1000000,1000000
2019-10-24 07:59:17.137000,9.09548,9.09272,1000000,1000000
2019-10-24 07:59:17.237000,9.096,9.09252,1000000,1000000
2019-10-24 07:59:17.313000,9.09595,9.09242,1000000,1000000
2019-10-24 07:59:17.414000,9.09578,9.09232,1000000,1000000
2019-10-24 07:59:17.997000,9.09578,9.09236,1000000,1000000
2019-10-24 07:59:18.098000,9.09577,9.09236,1000000,1000000
2019-10-24 07:59:18.148000,9.09613,9.09236,1000000,1000000
2019-10-24 07:59:18.199000,9.09598,9.09218,1000000,1000000
2019-10-24 07:59:18.250000,9.09598,9.09222,1000000,1000000
2019-10-24 07:59:18.351000,9.09602,9.09232,1000000,1000000
2019-10-24 07:59:18.533000,9.09602,9.09222,1000000,1500000
2019-10-24 07:59:18.634000,9.09586,9.09191,1000000,1000000
2019-10-24 07:59:18.734000,9.09607,9.09166,1500000,1000000
2019-10-24 07:59:18.785000,9.09596,9.09166,1000000,1000000
2019-10-24 07:59:18.886000,9.09545,9.09111,1000000,1000000
2019-10-24 07:59:19.137000,9.09518,9.09122,1000000,1000000
2019-10-24 07:59:19.282000,9.09514,9.09122,1000000,1000000
2019-10-24 07:59:19.483000,9.09514,9.09106,1000000,1000000
2019-10-24 07:59:19.584000,9.09533,9.09102,1000000,1500000
2019-10-24 07:59:19.684000,9.09508,9.09112,1000000,1000000
2019-10-24 07:59:19.936000,9.09533,9.09122,1000000,1000000
2019-10-24 07:59:20.036000,9.09542,9.09092,1000000,1000000
2019-10-24 07:59:20.087000,9.09561,9.09088,1000000,1000000
2019-10-24 07:59:20.193000,9.09608,9.09083,1000000,1000000
2019-10-24 07:59:20.244000,9.09608,9.09092,1000000,1000000
2019-10-24 07:59:20.345000,9.09606,9.09092,1000000,1000000
2019-10-24 07:59:20.446000,9.09588,9.09072,1000000,1000000
2019-10-24 07:59:20.496000,9.09577,9.09064,1000000,1000000
2019-10-24 07:59:22.143000,9.09588,9.09083,1000000,1000000
2019-10-24 07:59:22.703000,9.09588,9.09093,1000000,1000000
2019-10-24 07:59:22.814000,9.09603,9.09112,1000000,1000000
2019-10-24 07:59:22.922000,9.09555,9.09064,1000000,1000000
2019-10-24 07:59:23.023000,9.0953,9.09064,1000000,1000000
2019-10-24 07:59:23.074000,9.09523,9.09032,1000000,1000000
2019-10-24 07:59:23.175000,9.09534,9.09052,1000000,1000000
2019-10-24 07:59:23.405000,9.09537,9.09042,1000000,1000000
2019-10-24 07:59:23.676000,9.09537,9.09029,1000000,1000000
2019-10-24 07:59:23.776000,9.09537,9.09062,1000000,1000000
2019-10-24 07:59:24.199000,9.09537,9.09073,1000000,1000000
2019-10-24 07:59:24.387000,9.09541,9.09062,1000000,1000000
2019-10-24 07:59:25.795000,9.0952,9.09062,1100000,1000000
2019-10-24 07:59:25.946000,9.09565,9.09082,1000000,1000000
2019-10-24 07:59:25.997000,9.09533,9.09122,1000000,1000000
2019-10-24 07:59:26.098000,9.09602,9.09137,1000000,1250000
2019-10-24 07:59:26.249000,9.09684,9.09274,1000000,1250000
2019-10-24 07:59:26.300000,9.09714,9.09301,1000000,1250000
2019-10-24 07:59:26.400000,9.09699,9.09285,1000000,1250000
2019-10-24 07:59:26.451000,9.09699,9.09285,1000000,1250000
2019-10-24 07:59:26.551000,9.09695,9.09253,1000000,1250000
2019-10-24 07:59:26.602000,9.09644,9.09204,1000000,1000000
2019-10-24 07:59:26.750000,9.09786,9.09107,1250000,1500000
2019-10-24 07:59:26.800000,9.09806,9.09169,1000000,1100000
2019-10-24 07:59:26.902000,9.09784,9.0919,1000000,1000000
2019-10-24 07:59:27.003000,9.09854,9.09169,1000000,1100000
2019-10-24 07:59:27.169000,9.09873,9.09163,1000000,1000000
2019-10-24 07:59:27.220000,9.09876,9.09163,1000000,1000000
2019-10-24 07:59:27.902000,9.09876,9.09156,1000000,1000000
2019-10-24 07:59:27.969000,9.09876,9.09162,1000000,1000000
2019-10-24 07:59:28.207000,9.09876,9.0919,1000000,1000000
2019-10-24 07:59:28.257000,9.09876,9.09171,1000000,1000000
2019-10-24 07:59:28.358000,9.09876,9.09191,1000000,1000000
2019-10-24 07:59:28.509000,9.09892,9.09212,1000000,1000000
2019-10-24 07:59:28.660000,9.09868,9.09212,1000000,1000000
2019-10-24 07:59:28.710000,9.09889,9.09211,1000000,1000000
2019-10-24 07:59:28.962000,9.09889,9.09212,1000000,1000000
2019-10-24 07:59:29.132000,9.09889,9.09212,1000000,1250000
2019-10-24 07:59:29.283000,9.0986,9.09255,1000000,1250000
2019-10-24 07:59:29.419000,9.0986,9.09255,1000000,1250000
2019-10-24 07:59:29.469000,9.0986,9.09255,1000000,1250000
2019-10-24 07:59:29.520000,9.09851,9.09235,1000000,1250000
2019-10-24 07:59:29.621000,9.0987,9.09235,1000000,1250000
2019-10-24 07:59:30.182000,9.0987,9.09234,1000000,1250000
2019-10-24 07:59:30.283000,9.0987,9.09234,1000000,1250000
2019-10-24 07:59:30.685000,9.0987,9.09234,1000000,1250000
2019-10-24 07:59:30.736000,9.0987,9.09234,1000000,1500000
2019-10-24 07:59:30.837000,9.0987,9.09256,1000000,1500000
2019-10-24 07:59:30.937000,9.09917,9.09246,1000000,1500000
2019-10-24 07:59:31.038000,9.09926,9.09246,1000000,1500000
2019-10-24 07:59:31.089000,9.09926,9.09246,1000000,1000000
2019-10-24 07:59:31.139000,9.09926,9.09246,1000000,1500000
2019-10-24 07:59:31.247000,9.09926,9.09246,1000000,1250000
2019-10-24 07:59:31.743000,9.09926,9.09246,1000000,1000000
2019-10-24 07:59:31.794000,9.09933,9.09246,1000000,1000000
2019-10-24 07:59:32.380000,9.09935,9.09246,1000000,1000000
2019-10-24 07:59:33.313000,9.0992,9.09286,1000000,1000000
2019-10-24 07:59:35.094000,9.09916,9.09286,1000000,1000000
2019-10-24 07:59:35.219000,9.0992,9.09286,1000000,1000000
2019-10-24 07:59:35.271000,9.09879,9.09238,1000000,1000000
2019-10-24 07:59:35.954000,9.09828,9.09261,1000000,1000000
2019-10-24 07:59:36.054000,9.09847,9.09254,1000000,1000000
2019-10-24 07:59:36.152000,9.09824,9.09186,1000000,1000000
2019-10-24 07:59:36.253000,9.09787,9.09177,1000000,1000000
2019-10-24 07:59:36.304000,9.09766,9.09154,1000000,1000000
2019-10-24 07:59:36.556000,9.09788,9.09161,1000000,1000000
2019-10-24 07:59:36.688000,9.09768,9.09153,1000000,1000000
2019-10-24 07:59:38.433000,9.09765,9.0911,1000000,1000000
2019-10-24 07:59:38.534000,9.09782,9.09121,1000000,1000000
2019-10-24 07:59:38.635000,9.09774,9.09117,1000000,1000000
2019-10-24 07:59:38.736000,9.09738,9.09077,1000000,1000000
2019-10-24 07:59:38.837000,9.09736,9.09032,1000000,1000000
2019-10-24 07:59:38.974000,9.09709,9.09059,1000000,1000000
2019-10-24 07:59:39.075000,9.09714,9.09231,1000000,1500000
2019-10-24 07:59:39.126000,9.09715,9.09231,1000000,1000000
2019-10-24 07:59:39.226000,9.09739,9.09106,1000000,1000000
2019-10-24 07:59:39.277000,9.09739,9.09097,1000000,1000000
2019-10-24 07:59:39.377000,9.09753,9.09013,1000000,1000000
2019-10-24 07:59:39.428000,9.09723,9.09013,1000000,1000000
2019-10-24 07:59:39.529000,9.09535,9.08946,1000000,1500000
2019-10-24 07:59:39.580000,9.09535,9.08902,1000000,1500000
2019-10-24 07:59:39.680000,9.0955,9.08902,1000000,1500000
2019-10-24 07:59:39.731000,9.09614,9.08951,1000000,1000000
2019-10-24 07:59:39.832000,9.09624,9.08905,1000000,1120000
2019-10-24 07:59:39.882000,9.09624,9.08905,1500000,1120000
2019-10-24 07:59:39.994000,9.09567,9.08902,1000000,1500000
2019-10-24 07:59:40.095000,9.09601,9.08919,1500000,1000000
2019-10-24 07:59:40.196000,9.09434,9.0892,1000000,1000000
2019-10-24 07:59:40.246000,9.0951,9.0892,1000000,1000000
2019-10-24 07:59:40.297000,9.09531,9.08919,1000000,1000000
2019-10-24 07:59:40.397000,9.09559,9.0892,1000000,1000000
2019-10-24 07:59:40.448000,9.09634,9.08829,1500000,1500000
2019-10-24 07:59:40.548000,9.09562,9.08863,1500000,1000000
2019-10-24 07:59:40.649000,9.09543,9.08851,1000000,1000000
2019-10-24 07:59:40.758000,9.09543,9.08853,1000000,1000000
2019-10-24 07:59:40.809000,9.09586,9.08826,1000000,1500000
2019-10-24 07:59:40.859000,9.09574,9.08824,1000000,1500000
2019-10-24 07:59:40.960000,9.09587,9.08879,1000000,1000000
2019-10-24 07:59:41.061000,9.09584,9.08879,1000000,1000000
2019-10-24 07:59:41.162000,9.09627,9.08925,1000000,1000000
2019-10-24 07:59:41.262000,9.09643,9.08925,1000000,1000000
2019-10-24 07:59:41.313000,9.09643,9.08863,1000000,1000000
2019-10-24 07:59:41.363000,9.09544,9.08837,1000000,1000000
2019-10-24 07:59:41.464000,9.09594,9.08861,1000000,1000000
2019-10-24 07:59:41.515000,9.09594,9.09065,1000000,1000000
2019-10-24 07:59:41.631000,9.09522,9.09065,1000000,1000000
2019-10-24 07:59:41.732000,9.09616,9.09066,1000000,1000000
2019-10-24 07:59:41.832000,9.09449,9.08952,1000000,1000000
2019-10-24 07:59:41.883000,9.09449,9.08891,1000000,1000000
2019-10-24 07:59:41.983000,9.09555,9.08858,1000000,1000000
2019-10-24 07:59:42.084000,9.09457,9.08858,1000000,1000000
2019-10-24 07:59:42.135000,9.09486,9.08858,1000000,1000000
2019-10-24 07:59:42.185000,9.09522,9.08965,1000000,1000000
2019-10-24 07:59:42.236000,9.09592,9.08965,1500000,1000000
2019-10-24 07:59:42.336000,9.09448,9.08965,1000000,1000000
2019-10-24 07:59:42.443000,9.09428,9.08965,1000000,1000000
2019-10-24 07:59:42.493000,9.09524,9.08965,1000000,1000000
2019-10-24 07:59:42.544000,9.09597,9.08965,1500000,1000000
2019-10-24 07:59:42.645000,9.09571,9.08923,1000000,1000000
2019-10-24 07:59:42.745000,9.09639,9.08897,1000000,1000000
2019-10-24 07:59:42.846000,9.09592,9.08831,1000000,1000000
2019-10-24 07:59:42.896000,9.09592,9.08852,1000000,1000000
2019-10-24 07:59:42.997000,9.09591,9.08888,1000000,1000000
2019-10-24 07:59:43.047000,9.09588,9.08839,1000000,1000000
2019-10-24 07:59:43.098000,9.09588,9.08976,1000000,1000000
2019-10-24 07:59:43.148000,9.09591,9.08976,1000000,1000000
2019-10-24 07:59:43.249000,9.09465,9.08975,1000000,1000000
2019-10-24 07:59:43.349000,9.09546,9.08975,1000000,1000000
2019-10-24 07:59:43.400000,9.09563,9.08975,1000000,1000000
2019-10-24 07:59:43.451000,9.0959,9.08976,1120000,1000000
2019-10-24 07:59:43.552000,9.09633,9.08874,1500000,1000000
2019-10-24 07:59:43.653000,9.09634,9.08874,1000000,1000000
2019-10-24 07:59:44.027000,9.09586,9.08862,1000000,1000000
2019-10-24 07:59:44.177000,9.09631,9.08893,1000000,1000000
2019-10-24 07:59:44.350000,9.09543,9.08893,1000000,1000000
2019-10-24 07:59:44.451000,9.09524,9.08955,1000000,1000000
2019-10-24 07:59:44.502000,9.09615,9.0897,1000000,1000000
2019-10-24 07:59:44.602000,9.09648,9.08852,1000000,1000000
2019-10-24 07:59:44.653000,9.09538,9.08848,1000000,1000000
2019-10-24 07:59:44.754000,9.09627,9.08905,1000000,1000000
2019-10-24 07:59:44.804000,9.0961,9.08905,1000000,1000000
2019-10-24 07:59:45.024000,9.09481,9.08906,1000000,1000000
2019-10-24 07:59:45.125000,9.09586,9.08905,1500000,1000000
2019-10-24 07:59:45.186000,9.09586,9.08905,1000000,1000000
2019-10-24 07:59:45.236000,9.09535,9.08905,1000000,1000000
2019-10-24 07:59:45.287000,9.09535,9.08855,1000000,1000000
2019-10-24 07:59:45.387000,9.09584,9.0886,1000000,1000000
2019-10-24 07:59:45.438000,9.09477,9.08842,1000000,1000000
2019-10-24 07:59:45.552000,9.09112,9.08854,370000,1000000
2019-10-24 07:59:45.603000,9.09312,9.08817,1000000,1000000
2019-10-24 07:59:45.704000,9.09155,9.08794,1500000,1500000
2019-10-24 07:59:45.805000,9.09208,9.08885,1500000,1000000
2019-10-24 07:59:46.119000,9.09375,9.08885,1000000,1000000
2019-10-24 07:59:46.172000,9.09437,9.08792,1000000,1500000
2019-10-24 07:59:46.223000,9.09509,9.08792,1500000,1500000
2019-10-24 07:59:46.324000,9.09571,9.08792,1500000,1500000
2019-10-24 07:59:46.424000,9.09606,9.08948,1000000,1000000
2019-10-24 07:59:46.525000,9.09579,9.09019,1000000,1000000
2019-10-24 07:59:46.626000,9.09584,9.08983,1500000,1000000
2019-10-24 07:59:46.676000,9.09204,9.08983,370000,1000000
2019-10-24 07:59:46.726000,9.09169,9.08931,370000,1000000
2019-10-24 07:59:46.827000,9.09116,9.08859,370000,1500000
2019-10-24 07:59:46.938000,9.09094,9.08812,370000,1500000
2019-10-24 07:59:47.089000,9.09103,9.08885,370000,1000000
2019-10-24 07:59:47.190000,9.0911,9.08885,370000,1000000
2019-10-24 07:59:47.341000,9.09096,9.08886,370000,1000000
2019-10-24 07:59:47.442000,9.09088,9.08792,370000,1500000
2019-10-24 07:59:47.996000,9.09543,9.08792,1500000,1500000
2019-10-24 07:59:48.047000,9.09534,9.08792,1000000,1500000
2019-10-24 07:59:48.148000,9.0955,9.08966,1500000,1000000
2019-10-24 07:59:48.302000,9.09551,9.08852,1500000,1500000
2019-10-24 07:59:48.353000,9.0955,9.08851,1500000,1500000
2019-10-24 07:59:48.454000,9.0955,9.08795,1500000,1500000
2019-10-24 07:59:48.605000,9.09551,9.08875,1500000,1000000
2019-10-24 07:59:48.909000,9.09551,9.08792,1500000,1500000
2019-10-24 07:59:49.197000,9.09546,9.08866,1000000,1000000
2019-10-24 07:59:49.298000,9.0955,9.08866,1500000,1000000
2019-10-24 07:59:49.399000,9.09526,9.08865,1000000,1000000
2019-10-24 07:59:49.550000,9.09567,9.08865,1500000,1000000
2019-10-24 07:59:49.701000,9.09575,9.08792,1500000,1500000
2019-10-24 07:59:50.012000,9.09568,9.08793,1000000,1500000
2019-10-24 07:59:50.113000,9.09451,9.08794,1000000,1500000
2019-10-24 07:59:50.264000,9.09056,9.08793,370000,1500000
2019-10-24 07:59:50.476000,9.09067,9.08792,370000,1500000
2019-10-24 07:59:50.928000,9.09029,9.08793,370000,1000000
2019-10-24 07:59:50.979000,9.09029,9.08746,370000,1120000
2019-10-24 07:59:51.115000,9.09028,9.08684,370000,1000000
2019-10-24 07:59:51.166000,9.09028,9.08651,370000,1000000
2019-10-24 07:59:51.266000,9.09317,9.08579,1500000,1500000
2019-10-24 07:59:51.317000,9.09317,9.08579,1500000,1000000
2019-10-24 07:59:51.417000,9.09315,9.08576,1500000,1000000
2019-10-24 07:59:51.669000,9.09315,9.08566,1500000,1500000
2019-10-24 07:59:51.719000,9.09315,9.08677,1500000,1000000
2019-10-24 07:59:51.825000,9.09361,9.08677,1000000,1000000
2019-10-24 07:59:51.925000,9.09078,9.08633,370000,1000000
2019-10-24 07:59:52.029000,9.09078,9.08551,370000,1500000
2019-10-24 07:59:52.130000,9.09078,9.08608,370000,1500000
2019-10-24 07:59:52.180000,9.09078,9.08608,370000,1500000
2019-10-24 07:59:52.281000,9.09054,9.08619,370000,1500000
2019-10-24 07:59:52.331000,9.09054,9.08662,370000,1000000
2019-10-24 07:59:52.443000,9.09054,9.08678,370000,1000000
2019-10-24 07:59:52.494000,9.09054,9.08667,370000,1000000
2019-10-24 07:59:52.595000,9.09539,9.08655,1000000,1000000
2019-10-24 07:59:52.695000,9.09595,9.08731,1000000,1000000
2019-10-24 07:59:52.796000,9.09519,9.08706,1000000,1000000
2019-10-24 07:59:52.897000,9.09456,9.08646,1000000,1000000
2019-10-24 07:59:52.997000,9.09575,9.08672,1000000,1000000
2019-10-24 07:59:53.111000,9.09054,9.08672,370000,1000000
2019-10-24 07:59:53.212000,9.09054,9.08588,370000,1000000
2019-10-24 07:59:53.363000,9.09054,9.08639,370000,1000000
2019-10-24 07:59:53.906000,9.09054,9.08571,370000,1000000
2019-10-24 07:59:53.957000,9.09054,9.08666,370000,1000000
2019-10-24 07:59:54.007000,9.09078,9.08666,370000,1000000
2019-10-24 07:59:54.058000,9.09078,9.08582,370000,1000000
2019-10-24 07:59:54.159000,9.09504,9.08629,1000000,1000000
2019-10-24 07:59:54.259000,9.09441,9.08563,1000000,1000000
2019-10-24 07:59:54.310000,9.09401,9.08593,1000000,1000000
2019-10-24 07:59:54.410000,9.09501,9.08544,1000000,1500000
2019-10-24 07:59:54.460000,9.09505,9.0863,1000000,1000000
2019-10-24 07:59:54.561000,9.0953,9.08681,1000000,1000000
2019-10-24 07:59:54.662000,9.09516,9.08688,1000000,1000000
2019-10-24 07:59:54.763000,9.09078,9.08684,370000,1000000
2019-10-24 07:59:54.911000,9.09078,9.08694,370000,1000000
2019-10-24 07:59:54.961000,9.09077,9.0867,370000,1000000
2019-10-24 07:59:55.062000,9.09077,9.08706,370000,1000000
2019-10-24 07:59:55.213000,9.09077,9.08637,370000,1000000
2019-10-24 07:59:55.263000,9.09077,9.08744,370000,1000000
2019-10-24 07:59:55.364000,9.09078,9.08723,370000,1000000
2019-10-24 07:59:55.465000,9.09077,9.08738,370000,1000000
2019-10-24 07:59:55.616000,9.09078,9.08666,370000,1000000
2019-10-24 07:59:55.666000,9.09078,9.08731,370000,1000000
2019-10-24 07:59:55.774000,9.09488,9.0875,1000000,1000000
2019-10-24 07:59:55.875000,9.0952,9.08749,1000000,1000000
2019-10-24 07:59:55.975000,9.09444,9.08654,1000000,1000000
2019-10-24 07:59:56.076000,9.09533,9.08706,1000000,1000000
2019-10-24 07:59:56.126000,9.09515,9.08706,1000000,1000000
2019-10-24 07:59:56.227000,9.09495,9.0871,1000000,1000000
2019-10-24 07:59:56.278000,9.09515,9.0869,1000000,1000000
2019-10-24 07:59:56.378000,9.09566,9.08762,1000000,1000000
2019-10-24 07:59:56.479000,9.09418,9.08667,1000000,1000000
2019-10-24 07:59:56.580000,9.09438,9.08699,1000000,1000000
2019-10-24 07:59:56.708000,9.09242,9.08713,370000,1000000
2019-10-24 07:59:56.809000,9.09242,9.08737,370000,1000000
2019-10-24 07:59:56.909000,9.09242,9.08648,370000,1000000
2019-10-24 07:59:56.960000,9.09455,9.08645,1500000,1000000
2019-10-24 07:59:57.060000,9.09525,9.08655,1500000,1000000
2019-10-24 07:59:57.162000,9.09201,9.08655,370000,1000000
2019-10-24 07:59:57.262000,9.09503,9.08741,1000000,1000000
2019-10-24 07:59:57.456000,9.09503,9.08741,1500000,1000000
2019-10-24 07:59:57.508000,9.09218,9.08711,370000,1000000
2019-10-24 07:59:57.608000,9.09496,9.086,1000000,1000000
2019-10-24 07:59:57.709000,9.09548,9.08553,1000000,1000000
2019-10-24 07:59:57.810000,9.09533,9.08567,1000000,1000000
2019-10-24 07:59:57.960000,9.09472,9.08677,1000000,1000000
2019-10-24 07:59:58.011000,9.09515,9.08673,1000000,1000000
2019-10-24 07:59:58.194000,9.09539,9.08601,1000000,1000000
2019-10-24 07:59:58.245000,9.09489,9.08699,1000000,1000000
2019-10-24 07:59:58.346000,9.09524,9.08599,1000000,1000000
2019-10-24 07:59:58.447000,9.09484,9.0876,1000000,1000000
2019-10-24 07:59:58.547000,9.095,9.08656,1000000,1000000
2019-10-24 07:59:59.382000,9.09489,9.08695,1000000,1000000
2019-10-24 07:59:59.639000,9.09605,9.0857,1000000,1000000
2019-10-24 07:59:59.739000,9.09513,9.08612,1000000,1000000
2019-10-24 07:59:59.890000,9.09655,9.08643,1000000,1000000
2019-10-24 07:59:59.991000,9.09679,9.0854,1000000,1250000
2019-10-24 08:00:00.091000,9.09679,9.0854,1000000,1000000
2019-10-24 08:00:00.142000,9.09696,9.08627,1000000,1000000
2019-10-24 08:00:00.352000,9.09734,9.08647,1250000,370000
2019-10-24 08:00:00.403000,9.09734,9.08532,1250000,1000000
2019-10-24 08:00:00.504000,9.09858,9.0862,1000000,370000
2019-10-24 08:00:00.645000,9.09858,9.08632,1000000,370000
2019-10-24 08:00:00.695000,9.09858,9.08532,1000000,1000000
2019-10-24 08:00:00.795000,9.09858,9.08634,1000000,370000
2019-10-24 08:00:00.849000,9.09754,9.08635,1000000,370000
2019-10-24 08:00:00.899000,9.09713,9.08368,1000000,1500000
2019-10-24 08:00:01,9.09713,9.08544,1000000,1500000
2019-10-24 08:00:01.151000,9.09724,9.08544,1000000,1500000
2019-10-24 08:00:01.201000,9.09724,9.08515,1000000,1500000
2019-10-24 08:00:01.359000,9.09747,9.08622,1000000,1000000
2019-10-24 08:00:01.763000,9.09734,9.08675,1000000,1000000
2019-10-24 08:00:02.064000,9.09734,9.08675,1000000,1250000
2019-10-24 08:00:02.175000,9.09734,9.08675,1000000,1250000
2019-10-24 08:00:02.225000,9.10198,9.08632,1250000,1000000
2019-10-24 08:00:02.325000,9.10268,9.08903,1250000,1000000
2019-10-24 08:00:02.471000,9.10028,9.08692,1120000,1000000
2019-10-24 08:00:02.572000,9.10248,9.08682,1250000,1000000
2019-10-24 08:00:02.672000,9.10101,9.08682,1000000,1250000
2019-10-24 08:00:02.802000,9.10121,9.08682,1120000,1000000
2019-10-24 08:00:02.903000,9.10102,9.08702,1120000,1000000
2019-10-24 08:00:03.004000,9.10117,9.09041,1120000,750000
2019-10-24 08:00:03.205000,9.10189,9.08962,1000000,1000000
2019-10-24 08:00:03.305000,9.10231,9.08991,1000000,750000
2019-10-24 08:00:03.405000,9.10288,9.09005,1250000,750000
2019-10-24 08:00:03.506000,9.10298,9.09015,1250000,750000
2019-10-24 08:00:03.662000,9.10093,9.09134,1000000,750000
2019-10-24 08:00:03.763000,9.09807,9.09093,150000,750000
2019-10-24 08:00:03.914000,9.09807,9.09056,150000,750000
2019-10-24 08:00:04.014000,9.09807,9.08934,150000,1000000
2019-10-24 08:00:04.131000,9.10034,9.08828,1000000,1000000
2019-10-24 08:00:04.182000,9.10051,9.08907,1000000,1000000
2019-10-24 08:00:04.394000,9.09708,9.08877,150000,1000000
2019-10-24 08:00:04.445000,9.09708,9.08827,150000,1000000
2019-10-24 08:00:04.545000,9.09884,9.0876,1000000,1000000
2019-10-24 08:00:04.596000,9.10177,9.08877,1250000,1000000
2019-10-24 08:00:04.737000,9.09658,9.08789,150000,1000000
2019-10-24 08:00:04.788000,9.09657,9.0877,150000,1000000
2019-10-24 08:00:04.888000,9.09656,9.08711,110000,1000000
2019-10-24 08:00:05.018000,9.09657,9.08692,110000,1000000
2019-10-24 08:00:05.068000,9.09657,9.08702,110000,1000000
2019-10-24 08:00:05.169000,9.09657,9.08732,110000,1000000
2019-10-24 08:00:05.475000,9.09748,9.08732,370000,1000000
2019-10-24 08:00:05.525000,9.09748,9.08762,370000,1000000
2019-10-24 08:00:05.625000,9.09753,9.08762,750000,1000000
2019-10-24 08:00:05.684000,9.09458,9.08762,150000,1250000
2019-10-24 08:00:05.785000,9.09458,9.08762,150000,1000000
2019-10-24 08:00:05.885000,9.0975,9.08762,750000,1120000
2019-10-24 08:00:06.020000,9.09818,9.08762,750000,1000000
2019-10-24 08:00:06.070000,9.09818,9.08873,750000,1000000
2019-10-24 08:00:06.129000,9.09818,9.08842,750000,1000000
2019-10-24 08:00:06.181000,9.09558,9.0893,150000,1000000
2019-10-24 08:00:06.365000,9.09558,9.08892,150000,1000000
2019-10-24 08:00:06.477000,9.10037,9.08892,1000000,1000000
2019-10-24 08:00:06.628000,9.10092,9.08892,1000000,1000000
2019-10-24 08:00:06.679000,9.09658,9.08892,150000,1000000
2019-10-24 08:00:06.990000,9.09657,9.08892,150000,1000000
2019-10-24 08:00:07.178000,9.09658,9.08892,150000,1000000
2019-10-24 08:00:07.294000,9.10055,9.08892,1000000,1000000
2019-10-24 08:00:07.429000,9.09856,9.08892,370000,1000000
2019-10-24 08:00:07.530000,9.09558,9.08892,150000,1000000
2019-10-24 08:00:07.635000,9.09557,9.08896,150000,1000000
2019-10-24 08:00:07.836000,9.10078,9.08892,1000000,1000000
2019-10-24 08:00:07.945000,9.09658,9.08892,150000,1000000
2019-10-24 08:00:08.090000,9.1019,9.08892,1000000,1000000
2019-10-24 08:00:08.180000,9.10077,9.08892,1000000,1000000
2019-10-24 08:00:08.343000,9.09708,9.08892,150000,1000000
2019-10-24 08:00:08.462000,9.09707,9.08892,150000,1000000
2019-10-24 08:00:08.700000,9.09708,9.08892,150000,1000000
2019-10-24 08:00:08.902000,9.1019,9.08892,1500000,1500000
2019-10-24 08:00:09.080000,9.10104,9.08892,1000000,1000000
2019-10-24 08:00:09.131000,9.09658,9.08892,150000,1000000
2019-10-24 08:00:09.435000,9.09658,9.08892,150000,1500000
2019-10-24 08:00:09.536000,9.0987,9.08892,750000,1500000
2019-10-24 08:00:09.765000,9.10008,9.08928,1000000,1000000
2019-10-24 08:00:09.815000,9.09708,9.08892,150000,1000000
2019-10-24 08:00:09.916000,9.09707,9.08892,150000,1000000
2019-10-24 08:00:10.306000,9.1019,9.08892,1500000,1000000
2019-10-24 08:00:10.357000,9.10101,9.08942,1500000,1000000
2019-10-24 08:00:10.508000,9.09508,9.08942,150000,1000000
2019-10-24 08:00:10.609000,9.09507,9.08942,150000,1000000
2019-10-24 08:00:10.715000,9.09752,9.0883,750000,1000000
2019-10-24 08:00:10.816000,9.098,9.08826,750000,1000000
2019-10-24 08:00:10.916000,9.09558,9.08851,150000,1000000
2019-10-24 08:00:11.080000,9.09558,9.08834,150000,1000000
2019-10-24 08:00:11.131000,9.09558,9.08989,150000,1000000
2019-10-24 08:00:11.434000,9.09557,9.08989,150000,1000000
2019-10-24 08:00:11.536000,9.09558,9.08989,150000,1000000
2019-10-24 08:00:11.637000,9.09557,9.08989,150000,1000000
2019-10-24 08:00:11.738000,9.09795,9.08784,750000,1000000
2019-10-24 08:00:11.839000,9.0989,9.08783,750000,1000000
2019-10-24 08:00:11.889000,9.09839,9.08919,1000000,1000000
2019-10-24 08:00:11.996000,9.09839,9.08919,1200000,1000000
2019-10-24 08:00:12.299000,9.09557,9.08923,150000,1000000
2019-10-24 08:00:12.548000,9.09728,9.08919,1000000,1000000
2019-10-24 08:00:12.649000,9.09772,9.08924,1000000,1000000
2019-10-24 08:00:12.749000,9.09508,9.08916,150000,1000000
2019-10-24 08:00:12.901000,9.09508,9.08922,150000,1000000
2019-10-24 08:00:13.002000,9.09508,9.08918,150000,1000000
2019-10-24 08:00:13.155000,9.09508,9.08974,150000,1000000
2019-10-24 08:00:13.256000,9.09508,9.08978,150000,1000000
2019-10-24 08:00:13.306000,9.09507,9.08976,150000,1000000
2019-10-24 08:00:13.755000,9.09507,9.0896,150000,1000000
2019-10-24 08:00:13.939000,9.09508,9.0896,150000,1000000
2019-10-24 08:00:14.050000,9.09507,9.09033,150000,1000000
2019-10-24 08:00:15.199000,9.09697,9.08965,1700000,1250000
2019-10-24 08:00:15.297000,9.09456,9.08965,1500000,1000000
2019-10-24 08:00:15.350000,9.09325,9.08938,1000000,1000000
2019-10-24 08:00:15.601000,9.09338,9.08958,1000000,1000000
2019-10-24 08:00:15.702000,9.09317,9.08935,1000000,1000000
2019-10-24 08:00:15.873000,9.09296,9.08918,1000000,1000000
2019-10-24 08:00:16.075000,9.09278,9.08903,1000000,1000000
2019-10-24 08:00:16.289000,9.09299,9.08941,1000000,1000000
2019-10-24 08:00:16.340000,9.09391,9.08941,1500000,1000000
2019-10-24 08:00:16.464000,9.0948,9.08925,1250000,1000000
2019-10-24 08:00:16.515000,9.09686,9.08954,1700000,1000000
2019-10-24 08:00:16.616000,9.09613,9.09022,1000000,1000000
2019-10-24 08:00:16.667000,9.09719,9.09022,1000000,1000000
2019-10-24 08:00:16.767000,9.09738,9.09019,1200000,1000000
2019-10-24 08:00:16.868000,9.09738,9.09019,1700000,1000000
2019-10-24 08:00:16.969000,9.09738,9.09019,1000000,1000000
2019-10-24 08:00:17.020000,9.09738,9.09019,1000000,1250000
2019-10-24 08:00:17.121000,9.09738,9.09019,1000000,1250000
2019-10-24 08:00:17.278000,9.09738,9.09019,1700000,1250000
2019-10-24 08:00:17.379000,9.09724,9.09019,1500000,1250000
2019-10-24 08:00:17.430000,9.09724,9.09019,1000000,1250000
2019-10-24 08:00:17.480000,9.09738,9.09019,1000000,1250000
2019-10-24 08:00:17.581000,9.09738,9.09019,1200000,1250000
2019-10-24 08:00:18.190000,9.09738,9.09019,1200000,1250000
2019-10-24 08:00:18.291000,9.09738,9.09019,1200000,1250000
2019-10-24 08:00:18.392000,9.09746,9.09082,1200000,1250000
2019-10-24 08:00:18.457000,9.09746,9.09082,1200000,1250000
2019-10-24 08:00:18.557000,9.09743,9.09113,1500000,1250000
2019-10-24 08:00:18.608000,9.09743,9.09113,1000000,1250000
2019-10-24 08:00:18.659000,9.09774,9.09113,1200000,1250000
2019-10-24 08:00:18.760000,9.09774,9.09113,1200000,1250000
2019-10-24 08:00:18.861000,9.09774,9.09113,1200000,1250000
2019-10-24 08:00:18.961000,9.09774,9.09113,1200000,1000000
2019-10-24 08:00:19.068000,9.09774,9.09113,1000000,1000000
2019-10-24 08:00:19.270000,9.09774,9.09113,1200000,1000000
2019-10-24 08:00:19.371000,9.09573,9.09113,1500000,1000000
2019-10-24 08:00:19.472000,9.09375,9.09079,2000000,1000000
2019-10-24 08:00:19.573000,9.0922,9.08977,1000000,1000000
2019-10-24 08:00:19.698000,9.0922,9.08966,1000000,1500000
2019-10-24 08:00:19.798000,9.09325,9.08932,2000000,1500000
2019-10-24 08:00:19.849000,9.09325,9.08932,1500000,1500000
2019-10-24 08:00:19.900000,9.09334,9.09092,1000000,1000000
2019-10-24 08:00:20.001000,9.09456,9.09158,1000000,1000000
2019-10-24 08:00:20.101000,9.09494,9.09195,1000000,1000000
2019-10-24 08:00:20.152000,9.09573,9.09175,1000000,1000000
2019-10-24 08:00:20.253000,9.09641,9.09132,1000000,1000000
2019-10-24 08:00:20.344000,9.09796,9.09132,1450000,1000000
2019-10-24 08:00:20.446000,9.09791,9.09132,1450000,1000000
2019-10-24 08:00:20.547000,9.09796,9.09132,1450000,1000000
2019-10-24 08:00:20.981000,9.09774,9.09186,1450000,1000000
2019-10-24 08:00:21.209000,9.09824,9.09186,1450000,1000000
2019-10-24 08:00:21.584000,9.09824,9.09186,1450000,1000000
2019-10-24 08:00:22.083000,9.09825,9.09186,1450000,1000000
2019-10-24 08:00:23.701000,9.09824,9.09186,1450000,1000000
2019-10-24 08:00:24.261000,9.09928,9.09226,1450000,1000000
2019-10-24 08:00:25.507000,9.09827,9.09226,1450000,1000000
2019-10-24 08:00:26.430000,9.09788,9.09226,1450000,1000000
2019-10-24 08:00:26.957000,9.09808,9.09248,1450000,1000000
2019-10-24 08:00:28.569000,9.09818,9.0925,1450000,1250000
2019-10-24 08:00:28.670000,9.09818,9.0927,1450000,1000000
2019-10-24 08:00:28.780000,9.09818,9.0927,1450000,1000000
2019-10-24 08:00:30.011000,9.09811,9.09281,1200000,1250000
2019-10-24 08:00:30.112000,9.09868,9.09301,1450000,1000000
2019-10-24 08:00:30.335000,9.09715,9.09301,1500000,1000000
2019-10-24 08:00:30.386000,9.09749,9.09322,1500000,1000000
2019-10-24 08:00:30.437000,9.09749,9.09322,1000000,1000000
2019-10-24 08:00:30.487000,9.09842,9.09322,1450000,1000000
2019-10-24 08:00:30.689000,9.09842,9.09326,1450000,1000000
2019-10-24 08:00:30.764000,9.09842,9.09305,1450000,1250000
2019-10-24 08:00:30.815000,9.09868,9.09302,1700000,1000000
2019-10-24 08:00:31.693000,9.09783,9.09302,1000000,1000000
2019-10-24 08:00:31.769000,9.09775,9.09302,1000000,1000000
2019-10-24 08:00:31.819000,9.09795,9.09335,1500000,1000000
2019-10-24 08:00:31.920000,9.09774,9.09335,1200000,1000000
2019-10-24 08:00:32.022000,9.09774,9.09338,1450000,1000000
2019-10-24 08:00:32.123000,9.09769,9.09314,1450000,1000000
2019-10-24 08:00:33.186000,9.09858,9.09314,1450000,1000000
2019-10-24 08:00:33.236000,9.0989,9.0934,1450000,1000000
2019-10-24 08:00:33.337000,9.09921,9.09362,1450000,1000000
2019-10-24 08:00:33.438000,9.09921,9.09362,1700000,1000000
2019-10-24 08:00:34.008000,9.09815,9.09378,1450000,1000000
2019-10-24 08:00:34.514000,9.09874,9.09378,1450000,1000000
2019-10-24 08:00:34.615000,9.09879,9.09357,1450000,1000000
2019-10-24 08:00:34.716000,9.09805,9.09357,1450000,1000000
2019-10-24 08:00:35.310000,9.09892,9.09353,1200000,1000000
2019-10-24 08:00:35.512000,9.09892,9.09353,1950000,1000000
2019-10-24 08:00:36.119000,9.09867,9.09353,1950000,1000000
2019-10-24 08:00:36.488000,9.09717,9.09358,1200000,1000000
2019-10-24 08:00:37.098000,9.09728,9.09338,1200000,1250000
2019-10-24 08:00:37.149000,9.09728,9.09328,1200000,1000000
2019-10-24 08:00:37.250000,9.09613,9.09328,1000000,1000000
2019-10-24 08:00:37.300000,9.09647,9.09328,1000000,1000000
2019-10-24 08:00:37.352000,9.09647,9.09308,1000000,1250000
2019-10-24 08:00:37.414000,9.0967,9.09295,1700000,1000000
2019-10-24 08:00:37.465000,9.09608,9.0929,1000000,1000000
2019-10-24 08:00:37.566000,9.09608,9.09295,1000000,1000000
2019-10-24 08:00:37.616000,9.09738,9.09295,1450000,1000000
2019-10-24 08:00:37.717000,9.09738,9.09295,1450000,1000000
2019-10-24 08:00:38.712000,9.09743,9.09318,1450000,1000000
2019-10-24 08:00:38.965000,9.09733,9.09318,1200000,1000000
2019-10-24 08:00:39.541000,9.09733,9.09332,1200000,1000000
2019-10-24 08:00:39.843000,9.09749,9.09332,1200000,1000000
2019-10-24 08:00:39.944000,9.09749,9.09332,1200000,1000000
2019-10-24 08:00:40.246000,9.09727,9.09332,1200000,1000000
2019-10-24 08:00:40.349000,9.09727,9.09332,1200000,1000000
2019-10-24 08:00:40.450000,9.09716,9.09332,1200000,1000000
2019-10-24 08:00:41.086000,9.09716,9.09332,1200000,1500000
2019-10-24 08:00:41.137000,9.09716,9.09332,1200000,1000000
2019-10-24 08:00:41.389000,9.09716,9.09332,1200000,1000000
2019-10-24 08:00:41.716000,9.09738,9.09364,1200000,1000000
2019-10-24 08:00:41.867000,9.09737,9.09364,1200000,1000000
2019-10-24 08:00:43.891000,9.09697,9.09364,1200000,1000000
2019-10-24 08:00:45.088000,9.09726,9.09333,1200000,1000000
2019-10-24 08:00:46.290000,9.09742,9.09346,1200000,1500000
2019-10-24 08:00:46.391000,9.09756,9.09346,1200000,1000000
2019-10-24 08:00:46.497000,9.0975,9.0935,1000000,1000000
2019-10-24 08:00:46.548000,9.09728,9.09352,1000000,1000000
2019-10-24 08:00:47.032000,9.09717,9.0935,1000000,1000000
2019-10-24 08:00:47.082000,9.09728,9.09352,1000000,1000000
2019-10-24 08:00:47.245000,9.0973,9.0935,1000000,1000000
2019-10-24 08:00:47.956000,9.09734,9.09372,1000000,1000000
2019-10-24 08:00:48.007000,9.09748,9.09372,1000000,1000000
2019-10-24 08:00:48.776000,9.09758,9.09382,1000000,1000000
2019-10-24 08:00:48.907000,9.09767,9.09392,1000000,1000000
2019-10-24 08:00:49.008000,9.09767,9.09393,1000000,1000000
2019-10-24 08:00:49.059000,9.09788,9.09412,1000000,1000000
2019-10-24 08:00:49.109000,9.09816,9.09452,1000000,1000000
2019-10-24 08:00:49.187000,9.09811,9.09442,1000000,1000000
2019-10-24 08:00:49.301000,9.09815,9.09443,1000000,1000000
2019-10-24 08:00:49.352000,9.0981,9.09443,1000000,1000000
2019-10-24 08:00:49.453000,9.0981,9.09442,1000000,1000000
2019-10-24 08:00:49.554000,9.09815,9.09452,1000000,1000000
2019-10-24 08:00:49.605000,9.09837,9.09463,1000000,1000000
2019-10-24 08:00:49.706000,9.09831,9.09463,1000000,1000000
2019-10-24 08:00:49.873000,9.09828,9.09452,1000000,1000000
2019-10-24 08:00:49.924000,9.09832,9.09462,1000000,1000000
2019-10-24 08:00:49.974000,9.09838,9.09462,1000000,1000000
2019-10-24 08:00:50.325000,9.09841,9.09472,1000000,1000000
2019-10-24 08:00:50.426000,9.09846,9.09472,1000000,1000000
2019-10-24 08:00:50.527000,9.09848,9.09472,1000000,1000000
2019-10-24 08:00:50.578000,9.09848,9.09485,1000000,1000000
2019-10-24 08:00:50.679000,9.09908,9.09532,1000000,1000000
2019-10-24 08:00:50.760000,9.09924,9.09552,1000000,1000000
2019-10-24 08:00:50.811000,9.09928,9.09552,1000000,1000000
2019-10-24 08:00:50.861000,9.09928,9.09552,1000000,1500000
2019-10-24 08:00:50.912000,9.09928,9.09552,1000000,1000000
2019-10-24 08:00:50.964000,9.10006,9.09583,1000000,1000000
2019-10-24 08:00:51.065000,9.10008,9.09632,1000000,1000000
2019-10-24 08:00:51.189000,9.10012,9.09622,1500000,1000000
2019-10-24 08:00:51.242000,9.10012,9.09622,1000000,1000000
2019-10-24 08:00:51.345000,9.10026,9.09622,1000000,1000000
2019-10-24 08:00:51.446000,9.10021,9.09622,1000000,1000000
2019-10-24 08:00:51.497000,9.10028,9.09622,1000000,1000000
2019-10-24 08:00:51.598000,9.10045,9.09632,1000000,1000000
2019-10-24 08:00:51.704000,9.10047,9.09702,1000000,1000000
2019-10-24 08:00:51.755000,9.10058,9.09682,1000000,1000000
2019-10-24 08:00:51.856000,9.10052,9.09682,1000000,1000000
2019-10-24 08:00:51.906000,9.10058,9.09682,1500000,1000000
2019-10-24 08:00:51.957000,9.10028,9.09652,1000000,1000000
2019-10-24 08:00:52.058000,9.10046,9.09633,1000000,1000000
2019-10-24 08:00:52.180000,9.10027,9.09622,1000000,1000000
2019-10-24 08:00:52.281000,9.10005,9.09632,1000000,1000000
2019-10-24 08:00:52.437000,9.10008,9.09632,1000000,1000000
2019-10-24 08:00:52.656000,9.10039,9.09642,1000000,1000000
2019-10-24 08:00:52.757000,9.10042,9.09632,1000000,1000000
2019-10-24 08:00:52.808000,9.10032,9.09652,1000000,1000000
2019-10-24 08:00:52.909000,9.10077,9.09672,1000000,1000000
2019-10-24 08:00:53.143000,9.10077,9.09702,1000000,1000000
2019-10-24 08:00:53.244000,9.10077,9.09782,1000000,1000000
2019-10-24 08:00:53.295000,9.10105,9.09782,1000000,1000000
2019-10-24 08:00:53.727000,9.10105,9.09783,1000000,1000000
2019-10-24 08:00:53.778000,9.10125,9.09783,1000000,1000000
2019-10-24 08:00:53.878000,9.10134,9.09783,1000000,1000000
2019-10-24 08:00:53.929000,9.10134,9.09792,1000000,1000000
2019-10-24 08:00:54.030000,9.10134,9.09822,1000000,1000000
2019-10-24 08:00:54.257000,9.10134,9.09823,1000000,1000000
2019-10-24 08:00:54.484000,9.1016,9.09842,1000000,1000000
2019-10-24 08:00:54.584000,9.1016,9.09863,1000000,1000000
2019-10-24 08:00:54.635000,9.1016,9.09842,1000000,1000000
2019-10-24 08:00:54.793000,9.1019,9.09842,1000000,1000000
2019-10-24 08:00:54.843000,9.1019,9.09852,1000000,1000000
2019-10-24 08:00:54.994000,9.1019,9.09863,1000000,1000000
2019-10-24 08:00:55.283000,9.1019,9.09759,1000000,1500000
2019-10-24 08:00:55.386000,9.1019,9.09863,1000000,1000000
2019-10-24 08:00:55.487000,9.1019,9.09872,1000000,1000000
2019-10-24 08:00:55.537000,9.10203,9.09872,1000000,1000000
2019-10-24 08:00:55.588000,9.10203,9.09862,1000000,1000000
2019-10-24 08:00:55.975000,9.10203,9.09832,1000000,1000000
2019-10-24 08:00:56.025000,9.10203,9.09842,1000000,1000000
2019-10-24 08:00:56.126000,9.10174,9.09832,1000000,1000000
2019-10-24 08:00:56.227000,9.10173,9.09842,1000000,1000000
2019-10-24 08:00:56.407000,9.10174,9.09843,1000000,1000000
2019-10-24 08:00:56.457000,9.10174,9.09833,1000000,1000000
2019-10-24 08:00:56.558000,9.10174,9.09823,1000000,1000000
2019-10-24 08:00:56.609000,9.10174,9.09803,1000000,1000000
2019-10-24 08:00:56.659000,9.10139,9.09782,1000000,1000000
2019-10-24 08:00:56.761000,9.10139,9.09792,1000000,1000000
2019-10-24 08:00:56.931000,9.10179,9.09746,1000000,1000000
2019-10-24 08:00:56.982000,9.10198,9.09882,1000000,1000000
2019-10-24 08:00:57.083000,9.10199,9.09892,1000000,1000000
2019-10-24 08:00:57.154000,9.10199,9.09882,1000000,1000000
2019-10-24 08:00:57.206000,9.10199,9.09873,1000000,1000000
2019-10-24 08:00:57.258000,9.10226,9.09873,1000000,1000000
2019-10-24 08:00:57.361000,9.10226,9.09872,1000000,1000000
2019-10-24 08:00:57.587000,9.10226,9.09862,1000000,1000000
2019-10-24 08:00:57.638000,9.10225,9.09872,1000000,1000000
2019-10-24 08:00:57.833000,9.10226,9.09872,1000000,1000000
2019-10-24 08:00:57.934000,9.10225,9.09872,1000000,1000000
2019-10-24 08:00:58.041000,9.10226,9.09872,1000000,1000000
2019-10-24 08:00:58.145000,9.10226,9.09892,1000000,1000000
2019-10-24 08:00:58.302000,9.10213,9.09892,1000000,1000000
2019-10-24 08:00:58.538000,9.10213,9.09862,1000000,1000000
2019-10-24 08:00:58.639000,9.10223,9.09862,1000000,1000000
2019-10-24 08:00:58.937000,9.10223,9.09808,1000000,1000000
2019-10-24 08:00:59.087000,9.10223,9.09852,1000000,1000000
2019-10-24 08:00:59.138000,9.10223,9.09842,1000000,1000000
2019-10-24 08:00:59.344000,9.10218,9.09822,1000000,1000000
2019-10-24 08:00:59.395000,9.10218,9.09808,1000000,1000000
2019-10-24 08:00:59.482000,9.10193,9.09808,1000000,1000000
2019-10-24 08:00:59.633000,9.10193,9.09803,1000000,1000000
2019-10-24 08:00:59.982000,9.10193,9.09832,1000000,1000000
2019-10-24 08:01:00.083000,9.10192,9.09842,1000000,1000000
2019-10-24 08:01:00.133000,9.10193,9.09782,1000000,1000000
2019-10-24 08:01:00.237000,9.10193,9.09782,1500000,1000000
2019-10-24 08:01:00.361000,9.10127,9.09752,1000000,1000000
2019-10-24 08:01:00.411000,9.10141,9.09752,1000000,1000000
2019-10-24 08:01:00.562000,9.10171,9.09742,1000000,1000000
2019-10-24 08:01:00.685000,9.10172,9.09742,1000000,1000000
2019-10-24 08:01:00.802000,9.10171,9.09742,1000000,1000000
2019-10-24 08:01:00.903000,9.10151,9.09752,1000000,1000000
2019-10-24 08:01:01.044000,9.10251,9.09752,2000000,1000000
2019-10-24 08:01:01.144000,9.10261,9.09742,1500000,1000000
2019-10-24 08:01:01.295000,9.10262,9.09742,1500000,1500000
2019-10-24 08:01:01.549000,9.10284,9.09832,2000000,1000000
2019-10-24 08:01:01.603000,9.10298,9.09822,1500000,1000000
2019-10-24 08:01:01.653000,9.10307,9.09833,1750000,1000000
2019-10-24 08:01:01.754000,9.10183,9.09833,1000000,1000000
2019-10-24 08:01:01.895000,9.10206,9.09843,1000000,1000000
2019-10-24 08:01:01.951000,9.10213,9.09843,1000000,1500000
2019-10-24 08:01:02.237000,9.10233,9.09823,1000000,1000000
2019-10-24 08:01:02.338000,9.10204,9.09849,1000000,1000000
2019-10-24 08:01:02.439000,9.10208,9.09854,1000000,1000000
2019-10-24 08:01:02.632000,9.10216,9.09872,1000000,1000000
2019-10-24 08:01:02.682000,9.10216,9.09862,1000000,1000000
2019-10-24 08:01:02.934000,9.10216,9.09852,1000000,1000000
2019-10-24 08:01:02.984000,9.10263,9.09923,1500000,1000000
2019-10-24 08:01:03.118000,9.10263,9.09923,1500000,1000000
2019-10-24 08:01:03.269000,9.10259,9.09923,1500000,1000000
2019-10-24 08:01:03.576000,9.10193,9.09923,1000000,1000000
2019-10-24 08:01:03.724000,9.10171,9.09903,1000000,1000000
2019-10-24 08:01:04.936000,9.1018,9.09903,1000000,1000000
2019-10-24 08:01:05.208000,9.10175,9.09903,1000000,1000000
2019-10-24 08:01:05.371000,9.10171,9.09903,1000000,1000000
2019-10-24 08:01:05.472000,9.10146,9.09903,1000000,1000000
2019-10-24 08:01:05.569000,9.10146,9.09873,1000000,1000000
2019-10-24 08:01:05.620000,9.10132,9.09873,1000000,1000000
2019-10-24 08:01:05.720000,9.1013,9.0985,1000000,1000000
2019-10-24 08:01:05.871000,9.1013,9.09789,1000000,1000000
2019-10-24 08:01:05.922000,9.10136,9.09789,1000000,1500000
2019-10-24 08:01:05.972000,9.10132,9.09798,1000000,1000000
2019-10-24 08:01:06.216000,9.10142,9.09798,1000000,1000000
2019-10-24 08:01:06.317000,9.10162,9.09814,1000000,1000000
2019-10-24 08:01:06.367000,9.10167,9.09819,1000000,1000000
2019-10-24 08:01:06.468000,9.10167,9.09828,1000000,1000000
2019-10-24 08:01:06.519000,9.1017,9.09828,1000000,1000000
2019-10-24 08:01:06.882000,9.10171,9.09832,1000000,1000000
2019-10-24 08:01:07.331000,9.10167,9.09828,1000000,1500000
2019-10-24 08:01:08.009000,9.10131,9.09819,1000000,1000000
2019-10-24 08:01:08.116000,9.10075,9.09819,1000000,1000000
2019-10-24 08:01:08.167000,9.1008,9.09819,1000000,1000000
2019-10-24 08:01:08.304000,9.101,9.09761,1000000,1000000
2019-10-24 08:01:08.355000,9.10107,9.09773,1000000,1500000
2019-10-24 08:01:08.456000,9.10129,9.09852,1000000,1000000
2019-10-24 08:01:08.557000,9.10129,9.09869,1000000,1000000
2019-10-24 08:01:08.607000,9.10129,9.09861,1000000,1000000
2019-10-24 08:01:08.708000,9.102,9.0987,1000000,1000000
2019-10-24 08:01:08.813000,9.10205,9.0987,1000000,1000000
2019-10-24 08:01:08.864000,9.10205,9.09867,1000000,1000000
2019-10-24 08:01:08.965000,9.1021,9.09873,1000000,1000000
2019-10-24 08:01:09.066000,9.1021,9.0988,1000000,1000000
2019-10-24 08:01:09.167000,9.10213,9.09886,1000000,1000000
2019-10-24 08:01:09.218000,9.1022,9.0989,1000000,1000000
2019-10-24 08:01:09.320000,9.10222,9.09892,1000000,1000000
2019-10-24 08:01:09.421000,9.10226,9.09897,1000000,1000000
2019-10-24 08:01:09.471000,9.10237,9.09907,1000000,1000000
2019-10-24 08:01:09.572000,9.10236,9.09906,1000000,1000000
2019-10-24 08:01:09.623000,9.10241,9.09912,1000000,1000000
2019-10-24 08:01:09.852000,9.10237,9.09907,1000000,1000000
2019-10-24 08:01:09.953000,9.10232,9.09903,1000000,1000000
