time,ask,bid,ask_volume,bid_volume
2017-12-28 06:55:02.177000,8.2436,8.24176,1000000,1000000
2017-12-28 06:55:02.465000,8.24375,8.24189,1000000,1000000
2017-12-28 06:55:03.264000,8.24388,8.24204,1000000,1000000
2017-12-28 06:55:05.849000,8.24409,8.24224,1000000,1000000
2017-12-28 06:55:06.007000,8.24423,8.24237,1000000,1000000
2017-12-28 06:55:10.276000,8.24436,8.24252,1000000,1000000
2017-12-28 06:55:16.130000,8.24447,8.24261,1000000,1000000
2017-12-28 06:55:16.337000,8.24468,8.24282,1000000,1000000
2017-12-28 06:55:16.959000,8.24458,8.24273,1000000,1000000
2017-12-28 06:55:17.617000,8.24438,8.24252,1000000,1000000
2017-12-28 06:55:37.185000,8.2444,8.24254,1000000,1000000
2017-12-28 06:55:37.674000,8.24425,8.24242,1000000,1000000
2017-12-28 06:55:42.262000,8.24447,8.24261,1000000,1000000
2017-12-28 06:55:53.507000,8.24427,8.24242,1000000,1000000
2017-12-28 06:55:53.852000,8.24413,8.24228,1000000,1000000
2017-12-28 06:56:02.983000,8.24427,8.24242,1000000,1000000
2017-12-28 06:56:08.101000,8.24441,8.24255,1000000,1000000
2017-12-28 06:56:08.459000,8.2442,8.24235,1000000,1000000
2017-12-28 06:56:12.042000,8.24442,8.24256,1000000,1000000
2017-12-28 06:56:15.158000,8.24428,8.24242,1000000,1000000
2017-12-28 06:56:15.506000,8.24414,8.24229,1000000,1000000
2017-12-28 06:56:31.124000,8.24401,8.24215,1000000,1000000
2017-12-28 06:56:41.980000,8.2442,8.24237,1000000,1000000
2017-12-28 06:56:42.437000,8.24408,8.24222,1000000,1000000
2017-12-28 06:56:43.803000,8.24421,8.24236,1000000,1000000
2017-12-28 06:56:47.975000,8.24408,8.24222,1000000,1000000
2017-12-28 06:56:50.317000,8.24421,8.24236,1000000,1000000
2017-12-28 06:56:57.242000,8.24403,8.24218,1000000,1000000
2017-12-28 06:56:57.760000,8.24402,8.24219,1000000,1000000
2017-12-28 06:57:00.594000,8.24417,8.24232,1000000,1000000
2017-12-28 06:57:01.005000,8.24402,8.24219,1000000,1000000
2017-12-28 06:57:01.868000,8.24417,8.24232,1000000,1000000
2017-12-28 06:57:02.160000,8.24415,8.24232,1000000,1000000
2017-12-28 06:57:02.212000,8.24396,8.24211,1000000,1000000
2017-12-28 06:57:02.263000,8.24383,8.24197,1000000,1000000
2017-12-28 06:57:04.725000,8.24395,8.24212,1000000,1000000
2017-12-28 06:57:04.828000,8.2441,8.24225,1000000,1000000
2017-12-28 06:57:08.878000,8.24383,8.24197,1000000,1000000
2017-12-28 06:57:09.161000,8.24396,8.24211,1000000,1000000
2017-12-28 06:57:09.365000,8.24383,8.24197,1000000,1000000
2017-12-28 06:57:11.836000,8.24393,8.24207,1000000,1000000
2017-12-28 06:57:19.674000,8.24413,8.24229,1000000,1000000
2017-12-28 06:57:19.776000,8.244,8.24214,1000000,1000000
2017-12-28 06:57:20.059000,8.24413,8.24229,1000000,1000000
2017-12-28 06:57:28.739000,8.2444,8.24255,1000000,1000000
2017-12-28 06:57:30.553000,8.24425,8.2424,1000000,1000000
2017-12-28 06:57:42.682000,8.2441,8.24224,1000000,1000000
2017-12-28 06:57:46.205000,8.24424,8.24238,1000000,1000000
2017-12-28 06:57:58.212000,8.24413,8.24227,1000000,1000000
2017-12-28 06:58:00.770000,8.24398,8.24214,1000000,1000000
2017-12-28 06:58:17.873000,8.24424,8.24238,1000000,1000000
2017-12-28 06:58:21.322000,8.24382,8.24197,1000000,1000000
2017-12-28 06:58:21.425000,8.2436,8.24174,1000000,1000000
2017-12-28 06:58:21.476000,8.24374,8.24188,1000000,1000000
2017-12-28 06:58:21.783000,8.24409,8.24223,1000000,1000000
2017-12-28 06:58:22.105000,8.24395,8.2421,1000000,1000000
2017-12-28 06:58:23.324000,8.24417,8.24232,1000000,1000000
2017-12-28 06:58:27.059000,8.24404,8.24218,1000000,1000000
2017-12-28 06:58:27.289000,8.24422,8.24237,1000000,1000000
2017-12-28 06:58:27.340000,8.24398,8.24212,1000000,1000000
2017-12-28 06:58:45.609000,8.24394,8.24208,1000000,1000000
2017-12-28 06:59:05.659000,8.24393,8.24207,1000000,1000000
2017-12-28 06:59:15.427000,8.24406,8.24221,1000000,1000000
2017-12-28 06:59:20.649000,8.2439,8.24205,1000000,1000000
2017-12-28 06:59:25.280000,8.24403,8.2422,1000000,1000000
2017-12-28 06:59:25.657000,8.24425,8.24239,1000000,1000000
2017-12-28 06:59:45.661000,8.24423,8.24238,1000000,1000000
2017-12-28 06:59:47.530000,8.24408,8.24223,1000000,1000000
2017-12-28 06:59:47.632000,8.24392,8.24206,1000000,1000000
2017-12-28 06:59:47.734000,8.24363,8.24179,1000000,1000000
2017-12-28 06:59:51.142000,8.24349,8.24165,1000000,1000000
2017-12-28 06:59:59.277000,8.2437,8.24144,1000000,1000000
2017-12-28 06:59:59.329000,8.24457,8.24055,1000000,1670000
2017-12-28 06:59:59.381000,8.24433,8.24055,1000000,1000000
2017-12-28 06:59:59.484000,8.24379,8.23999,1000000,1000000
2017-12-28 06:59:59.535000,8.24379,8.23982,1000000,1800000
2017-12-28 06:59:59.646000,8.24379,8.23982,1000000,1000000
2017-12-28 06:59:59.698000,8.24339,8.23967,1000000,1050000
2017-12-28 07:00:00.025000,8.24311,8.23967,1000000,1050000
2017-12-28 07:00:00.314000,8.24313,8.23962,1000000,1050000
2017-12-28 07:00:02.963000,8.24335,8.23962,1000000,1050000
2017-12-28 07:00:03.066000,8.24356,8.23976,1000000,1000000
2017-12-28 07:00:05.016000,8.2431,8.24024,1000000,1000000
2017-12-28 07:00:05.221000,8.24301,8.23949,1000000,1000000
2017-12-28 07:00:05.272000,8.24285,8.23999,1000000,1000000
2017-12-28 07:00:05.476000,8.24158,8.2384,1000000,1000000
2017-12-28 07:00:05.579000,8.24207,8.23859,1000000,1000000
2017-12-28 07:00:05.630000,8.24207,8.23828,1000000,1000000
2017-12-28 07:00:05.681000,8.24223,8.23843,1000000,1000000
2017-12-28 07:00:05.733000,8.24223,8.23885,1000000,1000000
2017-12-28 07:00:05.784000,8.24223,8.23843,1000000,1000000
2017-12-28 07:00:05.835000,8.24192,8.23824,1000000,1000000
2017-12-28 07:00:06.129000,8.24195,8.23815,1600000,1000000
2017-12-28 07:00:06.233000,8.24137,8.23795,1000000,1000000
2017-12-28 07:00:06.284000,8.24175,8.23795,1000000,1000000
2017-12-28 07:00:06.437000,8.24141,8.23768,1000000,1000000
2017-12-28 07:00:06.542000,8.24179,8.23801,1000000,1000000
2017-12-28 07:00:06.593000,8.24174,8.23801,1190000,1000000
2017-12-28 07:00:06.746000,8.24141,8.23772,1000000,1000000
2017-12-28 07:00:06.798000,8.24162,8.23805,1000000,1000000
2017-12-28 07:00:06.849000,8.24185,8.23805,1000000,1000000
2017-12-28 07:00:08.007000,8.24185,8.23809,1000000,1000000
2017-12-28 07:00:08.914000,8.24185,8.23805,1000000,1000000
2017-12-28 07:00:08.965000,8.24209,8.23829,1500000,1000000
2017-12-28 07:00:09.283000,8.24204,8.23829,1600000,1000000
2017-12-28 07:00:10.902000,8.24223,8.23843,1600000,1000000
2017-12-28 07:00:11.793000,8.24223,8.23843,1000000,1000000
2017-12-28 07:00:12.331000,8.24171,8.23843,1000000,1000000
2017-12-28 07:00:13.385000,8.24177,8.23843,1000000,1000000
2017-12-28 07:00:14.847000,8.24181,8.23843,1000000,1000000
2017-12-28 07:00:14.898000,8.24191,8.23843,1000000,1000000
2017-12-28 07:00:24.424000,8.24198,8.23843,1000000,1000000
2017-12-28 07:00:24.667000,8.24198,8.23851,1000000,1000000
2017-12-28 07:00:24.851000,8.24223,8.23851,1000000,1000000
2017-12-28 07:00:24.902000,8.242,8.23914,1500000,1000000
2017-12-28 07:00:25.647000,8.24169,8.23883,1000000,1000000
2017-12-28 07:00:25.799000,8.2418,8.23865,2100000,1000000
2017-12-28 07:00:25.851000,8.24158,8.23865,1000000,1000000
2017-12-28 07:00:25.902000,8.24158,8.23839,1000000,1000000
2017-12-28 07:00:26.477000,8.24151,8.23839,1000000,1000000
2017-12-28 07:00:27.107000,8.24144,8.23858,1000000,1000000
2017-12-28 07:00:27.503000,8.24162,8.23876,1000000,1000000
2017-12-28 07:00:27.951000,8.24162,8.23882,1000000,1000000
2017-12-28 07:00:28.690000,8.24162,8.23876,1000000,1000000
2017-12-28 07:00:30.911000,8.24168,8.23895,1000000,1000000
2017-12-28 07:00:32.715000,8.24156,8.2387,1000000,1000000
2017-12-28 07:00:34.780000,8.24178,8.23892,1600000,1000000
2017-12-28 07:00:40.025000,8.24148,8.23892,1000000,1000000
2017-12-28 07:00:42.831000,8.24128,8.23969,1000000,1000000
2017-12-28 07:00:43.176000,8.24108,8.23989,1000000,1000000
2017-12-28 07:00:47.437000,8.24122,8.2401,1000000,1000000
2017-12-28 07:00:56.035000,8.24108,8.23996,1000000,1000000
2017-12-28 07:00:56.157000,8.24154,8.23909,1000000,1000000
2017-12-28 07:00:56.208000,8.24135,8.23889,1000000,1000000
2017-12-28 07:00:56.311000,8.2412,8.23874,1600000,1000000
2017-12-28 07:00:56.413000,8.24092,8.23846,1600000,1000000
2017-12-28 07:00:56.465000,8.24091,8.23846,1600000,1000000
2017-12-28 07:00:56.516000,8.2405,8.23806,1000000,1000000
2017-12-28 07:00:56.748000,8.24037,8.23791,1000000,1000000
2017-12-28 07:00:57.248000,8.24056,8.2381,1000000,1000000
2017-12-28 07:00:58.119000,8.24035,8.23791,1000000,1000000
2017-12-28 07:01:00.545000,8.24022,8.23778,1000000,1000000
2017-12-28 07:01:04.412000,8.24006,8.23766,1000000,1000000
2017-12-28 07:01:04.565000,8.24006,8.23762,1000000,1000000
2017-12-28 07:01:04.768000,8.24006,8.23766,1000000,1000000
2017-12-28 07:01:04.922000,8.24054,8.23808,1000000,1000000
2017-12-28 07:01:07.853000,8.24067,8.23823,1000000,1000000
2017-12-28 07:01:12.229000,8.24067,8.23829,1000000,1000000
2017-12-28 07:01:12.283000,8.24067,8.23823,1000000,1000000
2017-12-28 07:01:12.385000,8.24078,8.2384,1000000,1000000
2017-12-28 07:01:12.665000,8.24086,8.2384,1000000,1000000
2017-12-28 07:01:15.787000,8.24088,8.23856,1000000,1000000
2017-12-28 07:01:15.839000,8.24102,8.23856,1000000,1000000
2017-12-28 07:01:17.067000,8.24088,8.23855,1000000,1000000
2017-12-28 07:01:24.511000,8.24102,8.23856,1000000,1000000
2017-12-28 07:01:27.784000,8.24088,8.23855,1000000,1000000
2017-12-28 07:01:28.981000,8.24067,8.23834,1000000,1000000
2017-12-28 07:01:29.032000,8.24067,8.23822,1000000,1000000
2017-12-28 07:01:29.250000,8.24081,8.23837,1000000,1000000
2017-12-28 07:01:29.529000,8.24103,8.23857,1000000,1000000
2017-12-28 07:01:31.827000,8.24087,8.23841,1000000,1000000
2017-12-28 07:01:39.929000,8.24065,8.23825,1000000,1000000
2017-12-28 07:01:40.222000,8.24087,8.23841,1000000,1000000
2017-12-28 07:01:48.675000,8.24073,8.23827,1000000,1000000
2017-12-28 07:01:59.240000,8.24094,8.23848,1000000,1000000
2017-12-28 07:02:00.059000,8.24091,8.23858,1000000,1000000
2017-12-28 07:02:00.516000,8.241,8.23867,1000000,1000000
2017-12-28 07:02:01.217000,8.2409,8.23864,1000000,1000000
2017-12-28 07:02:01.398000,8.24092,8.23862,1000000,1000000
2017-12-28 07:02:01.450000,8.24136,8.2389,1000000,1000000
2017-12-28 07:02:01.552000,8.24138,8.23907,1000000,1000000
2017-12-28 07:02:01.655000,8.24151,8.23907,1000000,1000000
2017-12-28 07:02:01.859000,8.24153,8.23907,1000000,1000000
2017-12-28 07:02:02.779000,8.2414,8.23907,1000000,1000000
2017-12-28 07:02:02.933000,8.24146,8.239,1500000,1000000
2017-12-28 07:02:03.698000,8.24138,8.239,1000000,1000000
2017-12-28 07:02:03.852000,8.24132,8.23891,1000000,1000000
2017-12-28 07:02:03.955000,8.24152,8.23912,1000000,1000000
2017-12-28 07:02:04.437000,8.24151,8.23908,1000000,1000000
2017-12-28 07:02:04.488000,8.24148,8.23908,1000000,1000000
2017-12-28 07:02:04.818000,8.24145,8.23908,1000000,1000000
2017-12-28 07:02:07.751000,8.24144,8.23908,1000000,1000000
2017-12-28 07:02:08.059000,8.2414,8.23908,1000000,1000000
2017-12-28 07:02:08.376000,8.24143,8.23908,1000000,1000000
2017-12-28 07:02:10.428000,8.24141,8.23908,1000000,1000000
2017-12-28 07:02:11.277000,8.24141,8.23928,1000000,1000000
2017-12-28 07:02:11.379000,8.24141,8.23913,1000000,1000000
2017-12-28 07:02:12.927000,8.24131,8.23913,1000000,1000000
2017-12-28 07:02:13.030000,8.24125,8.23898,1000000,1000000
2017-12-28 07:02:13.748000,8.24123,8.23898,1000000,1000000
2017-12-28 07:02:14.784000,8.24132,8.23898,1000000,1500000
2017-12-28 07:02:14.835000,8.2413,8.23898,1000000,1000000
2017-12-28 07:02:15.162000,8.24123,8.23898,1000000,1000000
2017-12-28 07:02:17.943000,8.24122,8.23898,1000000,1000000
2017-12-28 07:02:21.098000,8.24115,8.23898,1000000,1000000
2017-12-28 07:02:25.460000,8.24117,8.23898,1000000,1000000
2017-12-28 07:02:31.563000,8.24138,8.23908,1000000,1000000
2017-12-28 07:02:31.666000,8.24138,8.23912,1000000,1000000
2017-12-28 07:02:31.717000,8.24144,8.23912,1000000,1000000
2017-12-28 07:02:32.084000,8.24147,8.23916,1000000,1000000
2017-12-28 07:02:32.974000,8.24149,8.23916,1000000,1000000
2017-12-28 07:02:35.520000,8.24158,8.23912,1190000,1000000
2017-12-28 07:02:35.572000,8.24158,8.23912,1000000,1000000
2017-12-28 07:02:40.488000,8.24158,8.23916,1000000,1000000
2017-12-28 07:02:42.529000,8.24158,8.23916,1000000,1190000
2017-12-28 07:02:43.527000,8.24158,8.23912,1000000,1690000
2017-12-28 07:02:43.578000,8.24158,8.23912,1000000,1190000
2017-12-28 07:02:43.731000,8.24144,8.23912,1600000,1000000
2017-12-28 07:02:43.948000,8.24143,8.23897,1600000,1000000
2017-12-28 07:02:44.025000,8.24143,8.23897,1600000,1000000
2017-12-28 07:02:54.912000,8.23982,8.23897,1600000,1000000
2017-12-28 07:02:54.963000,8.23982,8.23802,1600000,1710000
2017-12-28 07:02:55.015000,8.24008,8.23799,1000000,1670000
2017-12-28 07:02:55.066000,8.2398,8.23753,2100000,1190000
2017-12-28 07:02:55.118000,8.23977,8.23768,1600000,1000000
2017-12-28 07:02:55.169000,8.23977,8.23746,1600000,1690000
2017-12-28 07:02:55.222000,8.23965,8.23732,1600000,1420000
2017-12-28 07:02:55.375000,8.23935,8.23711,2470000,1000000
2017-12-28 07:02:55.478000,8.23884,8.23642,1000000,1860000
2017-12-28 07:02:55.581000,8.23858,8.23632,1000000,1000000
2017-12-28 07:02:55.632000,8.23858,8.23623,1350000,1000000
2017-12-28 07:02:55.735000,8.23868,8.23625,1970000,1000000
2017-12-28 07:02:56.050000,8.2388,8.23642,1600000,1000000
2017-12-28 07:02:56.101000,8.23874,8.23628,1600000,1000000
2017-12-28 07:02:56.204000,8.23856,8.2361,1000000,1000000
2017-12-28 07:02:56.605000,8.23836,8.2359,1000000,1500000
2017-12-28 07:02:57.167000,8.23852,8.23608,1600000,1000000
2017-12-28 07:02:57.269000,8.23839,8.23595,1000000,1000000
2017-12-28 07:03:01.654000,8.23833,8.23595,1000000,1000000
2017-12-28 07:03:01.705000,8.23814,8.23568,1000000,1000000
2017-12-28 07:03:01.756000,8.23797,8.23553,1000000,1000000
2017-12-28 07:03:04.756000,8.23797,8.23562,1000000,1000000
2017-12-28 07:03:04.858000,8.23818,8.23582,1000000,1000000
2017-12-28 07:03:05.011000,8.23828,8.23582,1500000,1000000
2017-12-28 07:03:05.114000,8.23826,8.23582,1370000,1000000
2017-12-28 07:03:07.437000,8.23828,8.23582,1500000,1000000
2017-12-28 07:03:07.643000,8.23838,8.23599,1600000,1000000
2017-12-28 07:03:09.072000,8.23838,8.23676,1000000,1190000
2017-12-28 07:03:09.125000,8.23888,8.23698,1000000,1000000
2017-12-28 07:03:09.177000,8.23897,8.23686,1000000,1000000
2017-12-28 07:03:09.228000,8.23883,8.23661,1000000,1000000
2017-12-28 07:03:09.279000,8.23875,8.23661,1000000,1000000
2017-12-28 07:03:09.331000,8.23873,8.23646,1600000,1000000
2017-12-28 07:03:09.496000,8.23867,8.23646,1000000,1000000
2017-12-28 07:03:10.599000,8.23868,8.23646,1000000,1000000
2017-12-28 07:03:10.776000,8.23868,8.23631,1000000,1000000
2017-12-28 07:03:10.828000,8.2386,8.23614,1000000,1000000
2017-12-28 07:03:10.930000,8.23842,8.23598,1000000,1000000
2017-12-28 07:03:11.269000,8.23848,8.23612,1500000,1000000
2017-12-28 07:03:11.807000,8.23847,8.23612,1000000,1000000
2017-12-28 07:03:12.139000,8.23848,8.23612,1870000,1000000
2017-12-28 07:03:12.458000,8.23828,8.23612,1600000,1000000
2017-12-28 07:03:13.097000,8.23828,8.23594,1600000,1000000
2017-12-28 07:03:15.867000,8.23838,8.23594,1000000,1190000
2017-12-28 07:03:15.919000,8.23837,8.23622,1000000,1000000
2017-12-28 07:03:16.142000,8.23848,8.23622,1000000,1000000
2017-12-28 07:03:16.642000,8.23848,8.23622,2100000,1000000
2017-12-28 07:03:17.112000,8.23838,8.2361,1350000,1000000
2017-12-28 07:03:17.214000,8.23828,8.2361,1000000,1000000
2017-12-28 07:03:17.931000,8.23847,8.2361,1500000,1000000
2017-12-28 07:03:18.989000,8.23838,8.2361,1000000,1000000
2017-12-28 07:03:19.497000,8.23838,8.2361,1600000,1000000
2017-12-28 07:03:20.570000,8.23842,8.2361,1600000,1000000
2017-12-28 07:03:20.910000,8.23823,8.23601,1600000,1000000
2017-12-28 07:03:21.012000,8.23823,8.23585,1600000,1000000
2017-12-28 07:03:23.716000,8.23823,8.23585,1600000,1000000
2017-12-28 07:03:23.870000,8.23823,8.23585,1600000,1000000
2017-12-28 07:03:23.972000,8.23828,8.23585,1720000,1000000
2017-12-28 07:03:24.138000,8.23828,8.23585,1720000,1000000
2017-12-28 07:03:29.334000,8.23821,8.23585,1000000,1000000
2017-12-28 07:03:29.760000,8.23821,8.23585,1600000,1000000
2017-12-28 07:03:30.103000,8.23766,8.23585,1000000,1000000
2017-12-28 07:03:30.824000,8.23776,8.23585,1000000,1000000
2017-12-28 07:03:31.426000,8.23775,8.23585,1000000,1000000
2017-12-28 07:03:32.378000,8.23775,8.23565,1000000,1000000
2017-12-28 07:03:32.975000,8.23775,8.23564,1000000,1000000
2017-12-28 07:03:35.324000,8.23781,8.23564,1000000,1000000
2017-12-28 07:03:35.375000,8.23776,8.23564,1000000,1000000
2017-12-28 07:03:36.322000,8.23767,8.23564,1000000,1000000
2017-12-28 07:03:37.377000,8.23779,8.23564,1190000,1000000
2017-12-28 07:03:37.428000,8.23779,8.23564,1000000,1000000
2017-12-28 07:03:38.463000,8.23756,8.23551,1000000,1000000
2017-12-28 07:03:38.790000,8.23734,8.23537,1000000,1000000
2017-12-28 07:03:39.746000,8.23734,8.23537,1600000,1000000
2017-12-28 07:03:40.002000,8.23738,8.23537,1790000,1000000
2017-12-28 07:03:40.053000,8.23744,8.23537,1000000,1000000
2017-12-28 07:03:40.104000,8.23745,8.23557,1000000,1000000
2017-12-28 07:03:40.709000,8.23744,8.23557,1000000,1000000
2017-12-28 07:03:41.717000,8.23745,8.23557,1000000,1000000
2017-12-28 07:03:41.769000,8.23745,8.23541,1000000,1000000
2017-12-28 07:03:41.829000,8.23745,8.23562,1000000,1000000
2017-12-28 07:03:41.880000,8.23765,8.23562,1600000,1000000
2017-12-28 07:03:42.311000,8.23764,8.23562,1600000,1000000
2017-12-28 07:03:42.414000,8.23778,8.23579,1670000,1000000
2017-12-28 07:03:42.811000,8.23775,8.23564,1670000,1000000
2017-12-28 07:03:43.289000,8.23771,8.23564,1000000,1000000
2017-12-28 07:03:46.371000,8.23771,8.2355,1000000,1000000
2017-12-28 07:03:46.422000,8.23745,8.2355,1000000,1000000
2017-12-28 07:03:46.473000,8.23754,8.2355,1000000,1000000
2017-12-28 07:03:46.525000,8.23751,8.2355,1000000,1000000
2017-12-28 07:03:46.576000,8.2376,8.2355,1000000,1000000
2017-12-28 07:03:46.704000,8.23777,8.2355,1670000,1000000
2017-12-28 07:03:46.755000,8.23777,8.23568,1670000,1000000
2017-12-28 07:03:47.062000,8.23778,8.23609,1000000,1000000
2017-12-28 07:03:47.164000,8.23787,8.23609,1000000,1000000
2017-12-28 07:03:47.546000,8.23809,8.23609,1000000,1000000
2017-12-28 07:03:50.692000,8.23813,8.23609,1000000,1000000
2017-12-28 07:03:52.386000,8.23801,8.23609,1000000,1000000
2017-12-28 07:03:53.581000,8.23813,8.23609,1000000,1000000
2017-12-28 07:03:53.763000,8.23828,8.23642,1000000,1000000
2017-12-28 07:03:54.175000,8.23851,8.23662,1000000,1000000
2017-12-28 07:03:54.227000,8.23847,8.23648,1000000,1000000
2017-12-28 07:03:54.329000,8.23829,8.23634,1000000,1000000
2017-12-28 07:03:54.380000,8.23836,8.23634,1190000,1000000
2017-12-28 07:03:54.432000,8.23843,8.23634,1000000,1000000
2017-12-28 07:03:54.483000,8.23848,8.23634,1190000,1000000
2017-12-28 07:03:54.715000,8.23878,8.23662,1000000,1190000
2017-12-28 07:03:54.818000,8.23929,8.23693,1000000,1190000
2017-12-28 07:03:54.869000,8.23924,8.23719,1000000,1000000
2017-12-28 07:03:54.921000,8.23938,8.23719,1000000,1000000
2017-12-28 07:03:54.972000,8.23947,8.23734,1000000,1000000
2017-12-28 07:03:55.187000,8.23968,8.23749,1000000,1000000
2017-12-28 07:03:55.515000,8.23978,8.23749,1000000,1000000
2017-12-28 07:03:56.480000,8.23973,8.23749,1000000,1000000
2017-12-28 07:03:56.531000,8.23978,8.23749,1000000,1000000
2017-12-28 07:03:56.582000,8.23968,8.23736,1000000,1000000
2017-12-28 07:03:56.634000,8.23957,8.23736,1000000,1000000
2017-12-28 07:03:56.999000,8.23942,8.23721,1600000,1000000
2017-12-28 07:03:57.101000,8.23918,8.237,1000000,1000000
2017-12-28 07:03:57.383000,8.23933,8.23712,1600000,1000000
2017-12-28 07:03:57.948000,8.23917,8.23698,1000000,1000000
2017-12-28 07:03:57.999000,8.23916,8.23685,1000000,1000000
2017-12-28 07:03:58.145000,8.23916,8.23701,1000000,1000000
2017-12-28 07:03:58.196000,8.23935,8.23701,1600000,1000000
2017-12-28 07:04:00.138000,8.23941,8.23701,1370000,1000000
2017-12-28 07:04:00.189000,8.23929,8.23701,1000000,1000000
2017-12-28 07:04:00.547000,8.23928,8.23687,1600000,1000000
2017-12-28 07:04:01.303000,8.23913,8.23687,1600000,1000000
2017-12-28 07:04:01.464000,8.23909,8.23668,1600000,1000000
2017-12-28 07:04:01.570000,8.23909,8.23668,1600000,1000000
2017-12-28 07:04:02.161000,8.23894,8.23668,1600000,1000000
2017-12-28 07:04:03.005000,8.23897,8.23668,2100000,1000000
2017-12-28 07:04:10.669000,8.2388,8.23668,1000000,1000000
2017-12-28 07:04:12.127000,8.23881,8.23668,1000000,1000000
2017-12-28 07:04:14.607000,8.23876,8.23668,1000000,1000000
2017-12-28 07:04:14.658000,8.23881,8.23668,1000000,1000000
2017-12-28 07:04:14.836000,8.23877,8.23668,1000000,1000000
2017-12-28 07:04:15.606000,8.23871,8.23668,1000000,1000000
2017-12-28 07:04:18.184000,8.23872,8.23668,1000000,1000000
2017-12-28 07:04:18.337000,8.23874,8.23668,1000000,1000000
2017-12-28 07:04:18.965000,8.23876,8.23668,1000000,1000000
2017-12-28 07:04:19.017000,8.23881,8.23668,1350000,1000000
2017-12-28 07:04:20.627000,8.23878,8.23668,1000000,1000000
2017-12-28 07:04:21.265000,8.23874,8.23668,1000000,1000000
2017-12-28 07:04:25.609000,8.23874,8.23662,1000000,1000000
2017-12-28 07:04:34.194000,8.23863,8.23662,1000000,1000000
2017-12-28 07:04:34.245000,8.23857,8.23645,1000000,1000000
2017-12-28 07:04:34.297000,8.23851,8.23645,1000000,1000000
2017-12-28 07:04:34.706000,8.23843,8.23645,1000000,1000000
2017-12-28 07:04:38.326000,8.23843,8.23625,1000000,1000000
2017-12-28 07:04:38.378000,8.23848,8.23625,1000000,1000000
2017-12-28 07:04:39.130000,8.23847,8.23625,1000000,1000000
2017-12-28 07:04:48.056000,8.23847,8.23625,1600000,1000000
2017-12-28 07:04:48.568000,8.23848,8.23638,1600000,1000000
2017-12-28 07:04:56.280000,8.2385,8.23638,1000000,1000000
2017-12-28 07:04:56.332000,8.23846,8.23638,1000000,1000000
2017-12-28 07:04:57.016000,8.23844,8.23638,1000000,1000000
2017-12-28 07:05:03.250000,8.23839,8.23638,1000000,1000000
2017-12-28 07:05:05.677000,8.23839,8.23642,1000000,1000000
2017-12-28 07:05:12.046000,8.23837,8.23642,1000000,1000000
2017-12-28 07:05:22.276000,8.23838,8.23642,1000000,1000000
2017-12-28 07:05:22.328000,8.23857,8.23642,1600000,1500000
2017-12-28 07:05:22.379000,8.23863,8.23654,1600000,1000000
2017-12-28 07:05:31.631000,8.23851,8.23654,1000000,1000000
2017-12-28 07:05:31.809000,8.23833,8.23628,1000000,1000000
2017-12-28 07:05:40.431000,8.23809,8.23614,1000000,1000000
2017-12-28 07:05:40.535000,8.23799,8.23593,1000000,1000000
2017-12-28 07:05:40.695000,8.23796,8.23593,1000000,1000000
2017-12-28 07:05:40.746000,8.238,8.23593,1000000,1000000
2017-12-28 07:05:42.106000,8.23798,8.23593,1000000,1000000
2017-12-28 07:05:42.663000,8.23821,8.23607,1790000,1000000
2017-12-28 07:05:43.573000,8.23823,8.23621,1600000,1000000
2017-12-28 07:05:44.437000,8.23806,8.23621,1000000,1000000
2017-12-28 07:05:45.262000,8.23802,8.23607,1000000,1000000
2017-12-28 07:05:45.470000,8.23802,8.23594,1000000,1000000
2017-12-28 07:05:45.521000,8.23797,8.23594,1000000,1000000
2017-12-28 07:05:48.366000,8.23795,8.23594,1000000,1000000
2017-12-28 07:05:55.880000,8.23794,8.23594,1000000,1000000
2017-12-28 07:06:01.015000,8.23775,8.23574,1600000,1000000
2017-12-28 07:06:01.354000,8.23765,8.23574,1000000,1000000
2017-12-28 07:06:01.682000,8.23763,8.23574,1000000,1000000
2017-12-28 07:06:02.481000,8.23746,8.23574,1000000,1000000
2017-12-28 07:06:02.533000,8.23746,8.23525,1600000,1000000
2017-12-28 07:06:03.141000,8.23709,8.23525,1000000,1000000
2017-12-28 07:06:04.230000,8.23708,8.23525,1000000,1000000
2017-12-28 07:06:04.846000,8.23708,8.23509,1000000,1000000
2017-12-28 07:06:10.169000,8.237,8.23483,1000000,1000000
2017-12-28 07:06:10.220000,8.237,8.23483,1000000,1190000
2017-12-28 07:06:10.322000,8.2372,8.23505,1000000,1000000
2017-12-28 07:06:10.373000,8.2372,8.23516,1000000,1000000
2017-12-28 07:06:10.818000,8.23724,8.23516,1000000,1000000
2017-12-28 07:06:10.909000,8.23718,8.23516,1000000,1000000
2017-12-28 07:06:22.914000,8.23726,8.23516,1190000,1000000
2017-12-28 07:06:22.966000,8.23743,8.23528,1000000,1000000
2017-12-28 07:06:23.018000,8.2375,8.23539,1000000,1000000
2017-12-28 07:06:23.072000,8.23754,8.23539,1000000,1000000
2017-12-28 07:06:23.124000,8.23755,8.23553,1000000,1000000
2017-12-28 07:06:24.431000,8.23755,8.2354,1000000,1000000
2017-12-28 07:06:24.482000,8.23752,8.23539,1000000,1000000
2017-12-28 07:06:25.938000,8.23749,8.23539,1000000,1000000
2017-12-28 07:06:27.356000,8.23747,8.23539,1000000,1000000
2017-12-28 07:06:28.784000,8.23767,8.23559,1600000,1000000
2017-12-28 07:06:29.116000,8.23788,8.23587,1420000,1000000
2017-12-28 07:06:29.794000,8.23788,8.23574,1420000,1000000
2017-12-28 07:06:32.173000,8.23786,8.23573,1000000,1000000
2017-12-28 07:06:33.479000,8.23788,8.23573,1420000,1000000
2017-12-28 07:06:33.935000,8.23777,8.23573,1000000,1000000
2017-12-28 07:06:34.922000,8.23771,8.23554,1600000,1000000
2017-12-28 07:06:34.974000,8.23758,8.23553,1000000,1000000
2017-12-28 07:06:35.120000,8.23765,8.23553,1000000,1000000
2017-12-28 07:06:35.273000,8.23777,8.23553,1600000,1000000
2017-12-28 07:06:35.375000,8.23763,8.23546,1000000,1000000
2017-12-28 07:06:35.428000,8.23767,8.2355,1000000,1000000
2017-12-28 07:06:35.679000,8.23777,8.23553,1600000,1000000
2017-12-28 07:06:35.730000,8.23767,8.23553,1000000,1000000
2017-12-28 07:06:35.781000,8.23765,8.23548,1000000,1000000
2017-12-28 07:06:35.886000,8.23758,8.23541,1000000,1190000
2017-12-28 07:06:37.328000,8.23767,8.23553,1000000,1000000
2017-12-28 07:06:37.380000,8.23771,8.23534,1600000,1000000
2017-12-28 07:06:37.496000,8.23752,8.23549,1000000,1000000
2017-12-28 07:06:38.346000,8.23728,8.23549,1000000,1000000
2017-12-28 07:06:38.475000,8.23728,8.23523,1000000,1000000
2017-12-28 07:06:38.711000,8.23724,8.23523,1000000,1000000
2017-12-28 07:06:41.759000,8.23717,8.23523,1000000,1000000
2017-12-28 07:06:41.901000,8.23717,8.23494,1790000,1000000
2017-12-28 07:06:41.960000,8.23717,8.23494,1790000,1000000
2017-12-28 07:06:42.280000,8.23684,8.23487,1000000,1000000
2017-12-28 07:06:43.730000,8.23683,8.23487,1000000,1000000
2017-12-28 07:06:46.840000,8.23683,8.23468,1000000,1000000
2017-12-28 07:06:47.636000,8.23687,8.2347,1000000,1000000
2017-12-28 07:06:48.495000,8.23686,8.23469,1000000,1000000
2017-12-28 07:06:48.656000,8.23667,8.23456,1000000,1000000
2017-12-28 07:06:49.007000,8.23663,8.23456,1000000,1000000
2017-12-28 07:06:49.370000,8.23662,8.23483,1000000,1000000
2017-12-28 07:06:49.717000,8.23669,8.23483,1190000,1000000
2017-12-28 07:06:49.768000,8.23688,8.23483,1000000,1000000
2017-12-28 07:06:49.920000,8.23708,8.23483,1000000,1000000
2017-12-28 07:06:50.083000,8.23715,8.23483,1000000,1000000
2017-12-28 07:06:50.808000,8.23716,8.23483,1000000,1000000
2017-12-28 07:06:54.075000,8.23718,8.23539,1000000,1000000
2017-12-28 07:06:54.126000,8.23718,8.23526,1000000,1000000
2017-12-28 07:06:54.178000,8.23718,8.23553,1000000,1000000
2017-12-28 07:06:54.331000,8.23768,8.23566,1600000,1000000
2017-12-28 07:06:54.881000,8.23783,8.23568,1850000,1000000
2017-12-28 07:06:55.141000,8.23779,8.23566,1600000,1000000
2017-12-28 07:06:55.560000,8.23783,8.23566,1000000,1500000
2017-12-28 07:06:55.720000,8.23777,8.23566,1000000,1000000
2017-12-28 07:06:56.049000,8.23772,8.23566,1000000,1000000
2017-12-28 07:06:56.304000,8.23759,8.23545,1000000,1000000
2017-12-28 07:06:56.356000,8.23761,8.23545,1000000,1000000
2017-12-28 07:06:56.458000,8.23765,8.23548,1000000,1000000
2017-12-28 07:06:56.826000,8.23761,8.23546,1000000,1000000
2017-12-28 07:06:57.257000,8.23753,8.23545,1000000,1000000
2017-12-28 07:06:57.359000,8.23765,8.23548,1190000,1000000
2017-12-28 07:06:57.410000,8.23765,8.2355,1000000,1000000
2017-12-28 07:06:57.461000,8.23761,8.23545,1000000,1000000
2017-12-28 07:06:57.684000,8.23765,8.23548,1000000,1000000
2017-12-28 07:06:57.907000,8.2376,8.23545,1000000,1000000
2017-12-28 07:06:58.851000,8.23776,8.2356,1000000,1000000
2017-12-28 07:06:58.902000,8.23788,8.2356,1000000,1000000
2017-12-28 07:06:58.953000,8.23788,8.23563,1000000,1000000
2017-12-28 07:06:59.276000,8.23807,8.23608,1000000,1000000
2017-12-28 07:06:59.780000,8.23808,8.23608,1250000,1000000
2017-12-28 07:07:00.422000,8.23805,8.23608,1000000,1000000
2017-12-28 07:07:00.748000,8.23803,8.23608,1000000,1000000
2017-12-28 07:07:04.772000,8.23802,8.23608,1000000,1000000
2017-12-28 07:07:06.306000,8.23809,8.23608,1190000,1000000
2017-12-28 07:07:06.436000,8.23812,8.23608,1000000,1000000
2017-12-28 07:07:07.507000,8.23819,8.23608,1600000,1000000
2017-12-28 07:07:14.141000,8.23811,8.23608,1000000,1000000
2017-12-28 07:07:17.720000,8.2381,8.23608,1000000,1000000
2017-12-28 07:07:18.544000,8.23808,8.23608,1000000,1000000
2017-12-28 07:07:18.957000,8.23812,8.23608,1000000,1000000
2017-12-28 07:07:19.932000,8.23809,8.23608,1000000,1000000
2017-12-28 07:07:20.046000,8.23813,8.23608,1000000,1000000
2017-12-28 07:07:20.574000,8.23824,8.23608,1600000,1000000
2017-12-28 07:07:25.670000,8.23824,8.23599,1600000,1000000
2017-12-28 07:07:30.130000,8.23813,8.23599,1000000,1000000
2017-12-28 07:07:30.182000,8.23807,8.23599,1000000,1000000
2017-12-28 07:07:30.353000,8.23789,8.23578,1600000,1000000
2017-12-28 07:07:30.455000,8.23786,8.23557,1000000,1000000
2017-12-28 07:07:30.506000,8.23784,8.23557,1000000,1000000
2017-12-28 07:07:30.848000,8.23777,8.23557,1000000,1000000
2017-12-28 07:07:33.682000,8.23759,8.23557,1000000,1000000
2017-12-28 07:07:33.839000,8.2372,8.23512,1000000,1000000
2017-12-28 07:07:34.002000,8.23748,8.23512,2100000,1000000
2017-12-28 07:07:34.155000,8.23748,8.2354,1600000,1000000
2017-12-28 07:07:38.096000,8.23754,8.2354,1000000,1000000
2017-12-28 07:07:38.237000,8.23747,8.23512,1790000,1000000
2017-12-28 07:07:38.288000,8.23747,8.23512,1790000,1000000
2017-12-28 07:07:38.339000,8.23743,8.23499,1790000,1000000
2017-12-28 07:07:38.391000,8.23718,8.23499,1000000,1000000
2017-12-28 07:07:38.719000,8.23714,8.23499,1000000,1000000
2017-12-28 07:07:40.517000,8.2371,8.23499,1000000,1000000
2017-12-28 07:07:40.891000,8.23719,8.23499,1600000,1000000
2017-12-28 07:07:40.943000,8.23728,8.23499,1000000,1000000
2017-12-28 07:07:40.994000,8.23727,8.23526,1000000,1000000
2017-12-28 07:07:41.046000,8.2373,8.23526,1000000,1000000
2017-12-28 07:07:41.097000,8.2375,8.23526,1000000,1000000
2017-12-28 07:07:41.968000,8.23745,8.23526,1000000,1000000
2017-12-28 07:07:42.346000,8.23737,8.23526,1000000,1000000
2017-12-28 07:07:43.676000,8.23734,8.23526,1000000,1000000
2017-12-28 07:07:43.727000,8.23739,8.23526,1000000,1000000
2017-12-28 07:07:46.161000,8.2372,8.23512,1000000,1000000
2017-12-28 07:07:46.263000,8.2372,8.23498,1000000,1000000
2017-12-28 07:07:47.076000,8.23713,8.23498,1000000,1000000
2017-12-28 07:07:47.179000,8.23709,8.23486,1000000,1000000
2017-12-28 07:07:47.753000,8.23703,8.23486,1000000,1000000
2017-12-28 07:07:47.804000,8.23687,8.23464,1790000,1000000
2017-12-28 07:07:47.892000,8.2368,8.23464,1000000,1000000
2017-12-28 07:07:48.045000,8.23684,8.23464,1600000,1000000
2017-12-28 07:07:48.097000,8.23686,8.23478,1000000,1000000
2017-12-28 07:07:48.148000,8.2369,8.23478,1000000,1000000
2017-12-28 07:07:48.200000,8.23681,8.23462,1000000,1000000
2017-12-28 07:07:48.302000,8.23681,8.23476,1000000,1000000
2017-12-28 07:07:48.866000,8.2368,8.23476,1000000,1000000
2017-12-28 07:07:49.101000,8.2368,8.2346,1000000,1000000
2017-12-28 07:07:49.153000,8.2367,8.2346,1000000,1000000
2017-12-28 07:07:49.306000,8.2367,8.23447,1000000,1000000
2017-12-28 07:07:49.999000,8.23671,8.2345,1000000,1000000
2017-12-28 07:07:50.413000,8.23671,8.23441,1000000,1000000
2017-12-28 07:07:52.162000,8.23669,8.23444,1000000,1000000
2017-12-28 07:07:56.119000,8.2367,8.23445,1000000,1000000
2017-12-28 07:07:58.789000,8.23671,8.23447,1000000,1000000
2017-12-28 07:08:00.720000,8.23668,8.23444,1000000,1000000
2017-12-28 07:08:01.617000,8.23671,8.23448,1000000,1000000
2017-12-28 07:08:02.983000,8.23666,8.23448,1500000,1000000
2017-12-28 07:08:04.488000,8.23666,8.23449,1500000,1000000
2017-12-28 07:08:04.893000,8.23666,8.23452,1000000,1000000
2017-12-28 07:08:05.380000,8.23666,8.23475,1000000,1000000
2017-12-28 07:08:05.434000,8.23688,8.2347,1000000,1000000
2017-12-28 07:08:05.616000,8.23698,8.23469,1000000,1000000
2017-12-28 07:08:09.931000,8.23698,8.23472,1000000,1000000
2017-12-28 07:08:11.148000,8.23698,8.23467,1000000,1000000
2017-12-28 07:08:12.149000,8.23698,8.23472,1000000,1000000
2017-12-28 07:08:12.302000,8.23681,8.23444,1000000,1190000
2017-12-28 07:08:12.476000,8.23681,8.23452,1000000,1000000
2017-12-28 07:08:13.037000,8.23681,8.23458,1000000,1000000
2017-12-28 07:08:13.243000,8.23681,8.23455,1000000,1000000
2017-12-28 07:08:13.294000,8.23681,8.23453,1000000,1000000
2017-12-28 07:08:14.216000,8.23681,8.23456,1000000,1000000
2017-12-28 07:08:14.483000,8.23681,8.23452,1000000,1000000
2017-12-28 07:08:15.506000,8.23679,8.23454,1000000,1000000
2017-12-28 07:08:16.316000,8.23679,8.23455,1000000,1000000
2017-12-28 07:08:18.664000,8.23678,8.23457,1000000,1000000
2017-12-28 07:08:20.021000,8.23681,8.23463,1000000,1000000
2017-12-28 07:08:20.134000,8.23681,8.23459,1000000,1000000
2017-12-28 07:08:24.741000,8.23673,8.23451,1000000,1190000
2017-12-28 07:08:24.792000,8.23673,8.23451,1000000,1000000
2017-12-28 07:08:25.028000,8.23667,8.23451,1000000,1000000
2017-12-28 07:08:25.079000,8.23667,8.23445,1000000,1000000
2017-12-28 07:08:26.178000,8.23667,8.23448,1000000,1000000
2017-12-28 07:08:26.229000,8.23667,8.23433,1000000,1000000
2017-12-28 07:08:27.436000,8.23667,8.23432,1000000,1000000
2017-12-28 07:08:28.203000,8.23678,8.23449,1000000,1000000
2017-12-28 07:08:30.305000,8.23678,8.23461,1500000,1000000
2017-12-28 07:08:30.465000,8.23678,8.23449,1000000,1000000
2017-12-28 07:08:43.398000,8.23678,8.23433,1000000,1000000
2017-12-28 07:08:43.905000,8.23671,8.23433,1600000,1000000
2017-12-28 07:08:43.956000,8.23665,8.23421,1000000,1000000
2017-12-28 07:08:45.319000,8.23663,8.23421,1000000,1000000
2017-12-28 07:08:45.371000,8.23678,8.23433,2100000,1000000
2017-12-28 07:08:46.984000,8.23664,8.23433,1000000,1000000
2017-12-28 07:08:47.206000,8.23653,8.23414,1000000,1000000
2017-12-28 07:08:47.734000,8.23652,8.23414,1000000,1000000
2017-12-28 07:08:48.212000,8.23654,8.23414,1000000,1000000
2017-12-28 07:08:48.318000,8.23658,8.2343,1000000,1000000
2017-12-28 07:08:48.624000,8.23666,8.2345,1000000,1000000
2017-12-28 07:08:49.057000,8.23669,8.23454,1000000,1000000
2017-12-28 07:08:49.362000,8.23669,8.23456,1000000,1000000
2017-12-28 07:08:49.982000,8.23672,8.23456,1000000,1000000
2017-12-28 07:08:50.033000,8.23677,8.2346,1000000,1000000
2017-12-28 07:08:51.281000,8.23683,8.23466,1000000,1000000
2017-12-28 07:08:51.589000,8.23697,8.2348,1000000,1000000
2017-12-28 07:08:51.914000,8.23714,8.23499,1000000,1000000
2017-12-28 07:08:51.967000,8.23716,8.23499,1000000,1500000
2017-12-28 07:08:52.570000,8.23701,8.23499,1000000,1000000
2017-12-28 07:08:52.673000,8.23704,8.23487,1000000,1000000
2017-12-28 07:08:56.239000,8.23698,8.23481,1000000,1250000
2017-12-28 07:08:56.745000,8.23704,8.23487,1250000,1000000
2017-12-28 07:08:57.250000,8.23702,8.23492,1000000,1000000
2017-12-28 07:08:58.701000,8.23708,8.23492,1250000,1000000
2017-12-28 07:08:59.401000,8.23704,8.23492,1000000,1000000
2017-12-28 07:09:01.593000,8.23708,8.23492,1000000,1000000
2017-12-28 07:09:03.479000,8.23704,8.23492,1000000,1000000
2017-12-28 07:09:03.768000,8.23706,8.23492,1000000,1000000
2017-12-28 07:09:06.974000,8.23704,8.23492,1000000,1000000
2017-12-28 07:09:07.992000,8.23708,8.23492,1000000,1000000
2017-12-28 07:09:08.764000,8.23688,8.23492,1000000,1000000
2017-12-28 07:09:08.815000,8.23692,8.23479,1000000,1000000
2017-12-28 07:09:08.867000,8.23694,8.23479,1000000,1000000
2017-12-28 07:09:08.918000,8.23699,8.23484,1000000,1000000
2017-12-28 07:09:08.970000,8.23697,8.2348,1000000,1000000
2017-12-28 07:09:09.127000,8.23688,8.23479,1000000,1000000
2017-12-28 07:09:09.353000,8.23697,8.2348,1190000,1000000
2017-12-28 07:09:09.491000,8.23697,8.2348,1000000,1000000
2017-12-28 07:09:09.647000,8.237,8.23483,1000000,1000000
2017-12-28 07:09:10.040000,8.23708,8.23492,1000000,1000000
2017-12-28 07:09:10.183000,8.23702,8.23484,1000000,1000000
2017-12-28 07:09:10.240000,8.23711,8.23494,1190000,1000000
2017-12-28 07:09:10.326000,8.23716,8.23501,1000000,1000000
2017-12-28 07:09:10.378000,8.23724,8.23507,1000000,1000000
2017-12-28 07:09:10.481000,8.23728,8.23511,1000000,1000000
2017-12-28 07:09:11.300000,8.23734,8.23517,1000000,1000000
2017-12-28 07:09:12.001000,8.23727,8.2351,1000000,1000000
2017-12-28 07:09:14.776000,8.23733,8.23518,1000000,1000000
2017-12-28 07:09:17.091000,8.23727,8.2351,1000000,1000000
2017-12-28 07:09:17.155000,8.23724,8.23507,1000000,1500000
2017-12-28 07:09:17.619000,8.23722,8.23507,1000000,1000000
2017-12-28 07:09:17.721000,8.23713,8.23496,1000000,1000000
2017-12-28 07:09:17.874000,8.23703,8.23488,1000000,1000000
2017-12-28 07:09:18.028000,8.237,8.23483,1000000,1000000
2017-12-28 07:09:18.079000,8.23696,8.23479,1000000,1000000
2017-12-28 07:09:18.428000,8.237,8.23483,1000000,1000000
2017-12-28 07:09:18.784000,8.23698,8.23481,1000000,1000000
2017-12-28 07:09:21.843000,8.23702,8.23485,1000000,1000000
2017-12-28 07:09:22.193000,8.23725,8.23508,1000000,1000000
2017-12-28 07:09:25.597000,8.23719,8.23502,1000000,1250000
2017-12-28 07:09:25.913000,8.23703,8.23486,1000000,1000000
2017-12-28 07:09:26.299000,8.23699,8.23482,1000000,1000000
2017-12-28 07:09:28.022000,8.23695,8.23478,1000000,1000000
2017-12-28 07:09:28.360000,8.23724,8.23507,1000000,1000000
2017-12-28 07:09:28.743000,8.2371,8.23497,1000000,1000000
2017-12-28 07:09:29.495000,8.23701,8.23484,1000000,1000000
2017-12-28 07:09:29.671000,8.23704,8.23487,1000000,1000000
2017-12-28 07:09:29.991000,8.2372,8.23503,1000000,1000000
2017-12-28 07:09:32.253000,8.23724,8.23507,1000000,1000000
2017-12-28 07:09:32.881000,8.23732,8.23517,1000000,1000000
2017-12-28 07:09:33.814000,8.23731,8.23514,1000000,1000000
2017-12-28 07:09:34.188000,8.23731,8.23525,1000000,1000000
2017-12-28 07:09:39.801000,8.23755,8.23538,1000000,1000000
2017-12-28 07:09:39.853000,8.23761,8.23546,1000000,1000000
2017-12-28 07:09:39.905000,8.23765,8.23548,1000000,1000000
2017-12-28 07:09:41.329000,8.23764,8.23547,1000000,1000000
2017-12-28 07:09:45.201000,8.23736,8.23546,1000000,1000000
2017-12-28 07:09:45.302000,8.23733,8.23518,1000000,1000000
2017-12-28 07:09:45.506000,8.23728,8.23518,1000000,1000000
2017-12-28 07:09:45.557000,8.23733,8.23518,1000000,1000000
2017-12-28 07:09:45.791000,8.23729,8.23518,1000000,1000000
2017-12-28 07:09:46.113000,8.23723,8.23518,1000000,1000000
2017-12-28 07:09:47.649000,8.23735,8.23518,1190000,1500000
2017-12-28 07:09:47.700000,8.23735,8.23518,1000000,1500000
2017-12-28 07:09:48.844000,8.23733,8.23518,1000000,1000000
2017-12-28 07:09:54.781000,8.23724,8.23518,1000000,1000000
2017-12-28 07:09:58.737000,8.23718,8.23518,1000000,1000000
2017-12-28 07:10:00.297000,8.23723,8.23518,1000000,1000000
2017-12-28 07:10:03.554000,8.23717,8.23504,1000000,1000000
2017-12-28 07:10:03.605000,8.23712,8.23504,1000000,1000000
2017-12-28 07:10:04.118000,8.23706,8.23504,1000000,1000000
2017-12-28 07:10:04.311000,8.237,8.23491,1000000,1000000
2017-12-28 07:10:11.388000,8.23704,8.23491,1000000,1000000
2017-12-28 07:10:12.646000,8.23699,8.23491,1000000,1000000
2017-12-28 07:10:16.612000,8.23699,8.23482,1000000,1000000
2017-12-28 07:10:18.155000,8.23695,8.23478,1000000,1500000
2017-12-28 07:10:20.162000,8.23694,8.23478,1000000,1000000
2017-12-28 07:10:21.110000,8.23689,8.23478,1000000,1000000
2017-12-28 07:10:23.254000,8.23694,8.23479,1000000,1000000
2017-12-28 07:10:26.418000,8.23699,8.23482,1000000,1000000
2017-12-28 07:10:27.501000,8.23707,8.2349,1190000,1000000
2017-12-28 07:10:28.295000,8.23707,8.23492,1000000,1000000
2017-12-28 07:10:30.954000,8.23696,8.23481,1000000,1000000
2017-12-28 07:10:31.056000,8.23688,8.23471,1000000,1000000
2017-12-28 07:10:31.107000,8.23701,8.23463,1000000,1000000
2017-12-28 07:10:33.934000,8.23703,8.23463,1000000,1000000
2017-12-28 07:10:34.823000,8.23704,8.23463,1000000,1000000
2017-12-28 07:10:36.857000,8.23725,8.23479,2100000,1000000
2017-12-28 07:10:37.163000,8.23711,8.23506,1600000,1000000
2017-12-28 07:10:44.907000,8.23697,8.23493,1000000,1000000
2017-12-28 07:10:44.958000,8.23692,8.23475,1000000,1000000
2017-12-28 07:10:45.213000,8.23701,8.23484,1000000,1000000
2017-12-28 07:10:49.656000,8.23691,8.23476,1000000,1190000
2017-12-28 07:10:49.707000,8.23691,8.23476,1000000,1000000
2017-12-28 07:10:56.478000,8.23694,8.23477,1000000,1000000
2017-12-28 07:11:03.994000,8.23693,8.23476,1000000,1000000
2017-12-28 07:11:05.253000,8.23667,8.23463,1000000,1000000
2017-12-28 07:11:05.355000,8.23661,8.23449,1000000,1000000
2017-12-28 07:11:12.306000,8.23658,8.23449,1000000,1000000
2017-12-28 07:11:12.738000,8.23655,8.23449,1000000,1000000
2017-12-28 07:11:14.517000,8.23657,8.23449,1000000,1000000
2017-12-28 07:11:19.024000,8.23659,8.23449,1000000,1000000
2017-12-28 07:11:21.297000,8.23659,8.23442,1000000,1000000
2017-12-28 07:11:23.950000,8.23659,8.23444,1000000,1000000
2017-12-28 07:11:24.240000,8.23683,8.23467,1000000,1000000
2017-12-28 07:11:24.398000,8.23686,8.23471,1190000,1000000
2017-12-28 07:11:24.450000,8.23695,8.2348,1000000,1000000
2017-12-28 07:11:26.553000,8.23694,8.23479,1000000,1000000
2017-12-28 07:11:26.616000,8.23698,8.23481,1000000,1000000
2017-12-28 07:11:28.836000,8.23709,8.235,1000000,1000000
2017-12-28 07:11:28.888000,8.23717,8.235,1000000,1500000
2017-12-28 07:11:30.240000,8.23707,8.235,1000000,1000000
2017-12-28 07:11:32.366000,8.23704,8.235,1000000,1000000
2017-12-28 07:11:34.056000,8.23701,8.235,1000000,1000000
2017-12-28 07:11:38.674000,8.23712,8.235,1190000,1000000
2017-12-28 07:11:38.725000,8.23716,8.23501,1000000,1000000
2017-12-28 07:11:38.898000,8.23728,8.23516,1000000,1000000
2017-12-28 07:11:40.404000,8.23725,8.23508,1000000,1000000
2017-12-28 07:11:40.456000,8.23719,8.23502,1000000,1500000
2017-12-28 07:11:41.496000,8.23714,8.23502,1000000,1000000
2017-12-28 07:11:42.004000,8.2371,8.23502,1000000,1000000
2017-12-28 07:11:42.055000,8.23703,8.23488,1000000,1000000
2017-12-28 07:11:42.503000,8.23699,8.23482,1000000,1500000
2017-12-28 07:11:42.794000,8.23693,8.23482,1000000,1000000
2017-12-28 07:11:43.101000,8.23691,8.23482,1000000,1000000
2017-12-28 07:11:49.084000,8.23689,8.23482,1000000,1000000
2017-12-28 07:11:49.468000,8.23701,8.23484,1000000,1000000
2017-12-28 07:11:51.506000,8.23685,8.23482,1000000,1000000
2017-12-28 07:11:56.021000,8.23698,8.23482,1000000,1000000
2017-12-28 07:11:56.073000,8.23703,8.23486,1000000,1000000
2017-12-28 07:11:56.598000,8.237,8.23483,1000000,1000000
2017-12-28 07:11:57.542000,8.23697,8.23482,1000000,1000000
2017-12-28 07:12:00.009000,8.23697,8.23484,1000000,1000000
2017-12-28 07:12:01.929000,8.23697,8.2348,1000000,1000000
2017-12-28 07:12:01.981000,8.23697,8.23484,1000000,1000000
2017-12-28 07:12:11.630000,8.23696,8.23484,1000000,1000000
2017-12-28 07:12:20.403000,8.23698,8.23484,1000000,1000000
2017-12-28 07:12:21.355000,8.23717,8.23502,1000000,1000000
2017-12-28 07:12:21.407000,8.23722,8.23505,1000000,1000000
2017-12-28 07:12:21.458000,8.23725,8.23508,1000000,1000000
2017-12-28 07:12:21.767000,8.23728,8.23511,1000000,1000000
2017-12-28 07:12:23.914000,8.23729,8.23512,1000000,1000000
2017-12-28 07:12:24.770000,8.23724,8.23509,1000000,1000000
2017-12-28 07:12:25.237000,8.23735,8.23518,1000000,1000000
2017-12-28 07:12:26.658000,8.2374,8.23523,1000000,1000000
2017-12-28 07:12:27.618000,8.23752,8.23529,1000000,1000000
2017-12-28 07:12:27.670000,8.23758,8.23529,1000000,1000000
2017-12-28 07:12:33.799000,8.23743,8.23516,1000000,1000000
2017-12-28 07:12:34.824000,8.23738,8.23516,1000000,1000000
2017-12-28 07:12:36.559000,8.23727,8.23496,1000000,1000000
2017-12-28 07:12:36.822000,8.23732,8.23496,1000000,1500000
2017-12-28 07:12:37.137000,8.23735,8.23499,1000000,1000000
2017-12-28 07:12:37.689000,8.23735,8.23509,1000000,1000000
2017-12-28 07:12:41.689000,8.23731,8.23513,1000000,1000000
2017-12-28 07:12:42.844000,8.2373,8.23513,1000000,1000000
2017-12-28 07:12:45.625000,8.2373,8.23515,1000000,1000000
2017-12-28 07:12:45.676000,8.23737,8.2352,1000000,1000000
2017-12-28 07:12:45.728000,8.23763,8.23546,1000000,1000000
2017-12-28 07:12:46.044000,8.23806,8.23589,1190000,1000000
2017-12-28 07:12:46.630000,8.23806,8.23589,1190000,1000000
2017-12-28 07:12:46.685000,8.23806,8.23589,1000000,1000000
2017-12-28 07:12:47.378000,8.23802,8.23585,1000000,1500000
2017-12-28 07:12:52.473000,8.23797,8.23585,1000000,1000000
2017-12-28 07:12:53.054000,8.23807,8.2359,1000000,1000000
2017-12-28 07:12:57.976000,8.23804,8.23589,1000000,1000000
2017-12-28 07:13:02.130000,8.23804,8.23594,1000000,1000000
2017-12-28 07:13:02.181000,8.23811,8.23594,1000000,1500000
2017-12-28 07:13:02.998000,8.23821,8.23604,1000000,1000000
2017-12-28 07:13:03.416000,8.23817,8.236,1000000,1000000
2017-12-28 07:13:03.738000,8.23831,8.23618,1000000,1000000
2017-12-28 07:13:03.789000,8.23841,8.23624,1000000,1000000
2017-12-28 07:13:03.841000,8.23859,8.2363,1000000,1000000
2017-12-28 07:13:03.892000,8.2387,8.23653,1000000,1000000
2017-12-28 07:13:04.199000,8.23874,8.23657,1000000,1000000
2017-12-28 07:13:04.655000,8.23871,8.23654,1000000,1000000
2017-12-28 07:13:05.097000,8.23871,8.23667,1000000,1000000
2017-12-28 07:13:05.551000,8.23909,8.23692,1000000,1000000
2017-12-28 07:13:05.654000,8.23918,8.23701,1000000,1000000
2017-12-28 07:13:06.968000,8.23918,8.23708,1000000,1000000
2017-12-28 07:13:11.748000,8.23924,8.23708,1250000,1000000
2017-12-28 07:13:13.427000,8.23924,8.23707,1000000,1000000
2017-12-28 07:13:17.444000,8.23941,8.23725,1000000,1000000
2017-12-28 07:13:17.546000,8.23952,8.23735,1000000,1000000
2017-12-28 07:13:18.824000,8.23976,8.2376,1000000,1000000
2017-12-28 07:13:18.876000,8.23986,8.23769,1000000,1000000
2017-12-28 07:13:18.928000,8.23999,8.23805,1000000,1000000
2017-12-28 07:13:18.979000,8.24028,8.23815,1000000,1000000
2017-12-28 07:13:19.031000,8.24043,8.23826,1000000,1000000
2017-12-28 07:13:19.083000,8.24043,8.23828,1000000,1000000
2017-12-28 07:13:19.391000,8.24115,8.23917,1600000,1000000
2017-12-28 07:13:19.495000,8.24116,8.23904,1600000,1000000
2017-12-28 07:13:19.547000,8.24103,8.23903,2100000,1000000
2017-12-28 07:13:19.599000,8.24103,8.23887,2100000,1000000
2017-12-28 07:13:19.702000,8.24103,8.23866,2100000,1000000
2017-12-28 07:13:19.805000,8.24061,8.23866,1000000,1000000
2017-12-28 07:13:19.970000,8.24055,8.23849,1000000,1000000
2017-12-28 07:13:20.021000,8.24055,8.23838,1600000,1190000
2017-12-28 07:13:20.073000,8.24012,8.23834,1000000,1000000
2017-12-28 07:13:20.330000,8.24012,8.23819,1000000,1000000
2017-12-28 07:13:20.382000,8.2402,8.23819,1000000,1000000
2017-12-28 07:13:20.536000,8.24013,8.23803,1000000,1000000
2017-12-28 07:13:20.588000,8.23995,8.23803,1600000,1000000
2017-12-28 07:13:20.640000,8.23995,8.23764,1600000,1190000
2017-12-28 07:13:20.691000,8.23992,8.23772,1000000,1190000
2017-12-28 07:13:20.794000,8.24016,8.23778,1600000,1190000
2017-12-28 07:13:20.846000,8.24016,8.23804,1600000,1000000
2017-12-28 07:13:21.153000,8.23974,8.23752,1000000,1190000
2017-12-28 07:13:21.205000,8.23965,8.23752,1000000,1000000
2017-12-28 07:13:21.256000,8.23965,8.23747,1000000,1000000
2017-12-28 07:13:21.307000,8.23981,8.23751,1600000,1000000
2017-12-28 07:13:21.359000,8.23988,8.23763,1190000,1000000
2017-12-28 07:13:21.410000,8.24001,8.23755,1000000,1190000
2017-12-28 07:13:21.462000,8.23995,8.23772,1000000,1000000
2017-12-28 07:13:21.564000,8.2401,8.23772,1000000,1000000
2017-12-28 07:13:21.616000,8.24,8.23793,1000000,1000000
2017-12-28 07:13:21.667000,8.24012,8.23793,1000000,1000000
2017-12-28 07:13:21.871000,8.2401,8.23793,1000000,1000000
2017-12-28 07:13:22.025000,8.24002,8.23779,1600000,1000000
2017-12-28 07:13:22.282000,8.24019,8.23781,1790000,1000000
2017-12-28 07:13:26.316000,8.24018,8.2379,1600000,1000000
2017-12-28 07:13:26.757000,8.24013,8.2379,1350000,1000000
2017-12-28 07:13:26.808000,8.23995,8.23776,1000000,1000000
2017-12-28 07:13:26.912000,8.23989,8.23763,1000000,1250000
2017-12-28 07:13:27.622000,8.23983,8.23762,1600000,1000000
2017-12-28 07:13:28.326000,8.2398,8.23762,1600000,1500000
2017-12-28 07:13:28.789000,8.23984,8.23766,1600000,1000000
2017-12-28 07:13:34.294000,8.23982,8.23765,1600000,1000000
2017-12-28 07:13:34.734000,8.23982,8.23776,1600000,1000000
2017-12-28 07:13:34.785000,8.24001,8.23783,1600000,1000000
2017-12-28 07:13:34.837000,8.24006,8.23791,1600000,1000000
2017-12-28 07:13:35.087000,8.24005,8.23787,1600000,1000000
2017-12-28 07:13:35.139000,8.24006,8.23793,1600000,1000000
2017-12-28 07:13:35.675000,8.24006,8.23793,1600000,1000000
2017-12-28 07:13:36.800000,8.23986,8.23776,1000000,1000000
2017-12-28 07:13:36.903000,8.23997,8.2378,1000000,1000000
2017-12-28 07:13:36.954000,8.24002,8.23785,1000000,1000000
2017-12-28 07:13:37.300000,8.24015,8.23798,1000000,1000000
2017-12-28 07:13:38.025000,8.24015,8.238,1000000,1000000
2017-12-28 07:13:40.731000,8.24011,8.238,1000000,1000000
2017-12-28 07:13:41.285000,8.24032,8.23817,1000000,1000000
2017-12-28 07:13:41.336000,8.24018,8.23801,1000000,1000000
2017-12-28 07:13:41.501000,8.24012,8.238,1000000,1000000
2017-12-28 07:13:41.808000,8.2401,8.238,1000000,1000000
2017-12-28 07:13:49.324000,8.24009,8.238,1000000,1000000
2017-12-28 07:13:50.420000,8.24018,8.23801,1000000,1000000
2017-12-28 07:13:50.472000,8.24013,8.238,1000000,1000000
2017-12-28 07:13:50.788000,8.24011,8.238,1000000,1000000
2017-12-28 07:13:52.933000,8.24006,8.238,1000000,1000000
2017-12-28 07:13:54.961000,8.24005,8.23788,1000000,1000000
2017-12-28 07:13:55.013000,8.24007,8.23801,1000000,1000000
2017-12-28 07:13:55.116000,8.24007,8.23787,1000000,1000000
2017-12-28 07:13:55.233000,8.24007,8.23789,1000000,1000000
2017-12-28 07:13:56.031000,8.23992,8.23773,1000000,1190000
2017-12-28 07:13:56.082000,8.23992,8.23773,1000000,1000000
2017-12-28 07:13:56.837000,8.24003,8.23784,1190000,1000000
2017-12-28 07:13:56.889000,8.24012,8.23794,1000000,1000000
2017-12-28 07:13:56.941000,8.24019,8.23807,1000000,1000000
2017-12-28 07:13:57.045000,8.24021,8.23807,1000000,1000000
2017-12-28 07:13:58.669000,8.23995,8.23807,1000000,1000000
2017-12-28 07:13:58.721000,8.23994,8.23781,1000000,1000000
2017-12-28 07:13:58.772000,8.2399,8.23781,1000000,1000000
2017-12-28 07:13:59.819000,8.23998,8.23793,1000000,1000000
2017-12-28 07:14:00.626000,8.23998,8.23789,1000000,1000000
2017-12-28 07:14:03.709000,8.23998,8.23788,1000000,1000000
2017-12-28 07:14:04.363000,8.23998,8.23785,1000000,1000000
2017-12-28 07:14:04.414000,8.23998,8.23783,1000000,1000000
2017-12-28 07:14:08.139000,8.23998,8.23788,1000000,1000000
2017-12-28 07:14:09.308000,8.23998,8.23794,1000000,1000000
2017-12-28 07:14:11.325000,8.23998,8.23788,1000000,1000000
2017-12-28 07:14:11.877000,8.23998,8.23797,1000000,1000000
2017-12-28 07:14:15.992000,8.23998,8.23824,1000000,1000000
2017-12-28 07:14:17.040000,8.2403,8.23824,1000000,1000000
2017-12-28 07:14:17.091000,8.2407,8.23861,1000000,1000000
2017-12-28 07:14:17.143000,8.24083,8.23853,1000000,1000000
2017-12-28 07:14:17.245000,8.24083,8.23876,1000000,1000000
2017-12-28 07:14:17.297000,8.241,8.23871,1000000,1000000
2017-12-28 07:14:17.348000,8.24108,8.23877,1000000,1000000
2017-12-28 07:14:17.400000,8.24123,8.23881,1000000,1000000
2017-12-28 07:14:17.451000,8.24108,8.23903,1000000,1000000
2017-12-28 07:14:17.937000,8.24108,8.23899,1000000,1000000
2017-12-28 07:14:18.090000,8.24109,8.23888,2850000,1000000
2017-12-28 07:14:18.220000,8.24097,8.23888,1000000,1000000
2017-12-28 07:14:18.756000,8.24068,8.23888,1000000,1000000
2017-12-28 07:14:22.987000,8.2405,8.23888,1000000,1000000
2017-12-28 07:14:23.038000,8.2405,8.23874,1000000,1000000
2017-12-28 07:14:23.141000,8.2405,8.23853,1000000,1000000
2017-12-28 07:14:23.391000,8.24062,8.23853,1000000,1000000
2017-12-28 07:14:23.442000,8.2405,8.23841,2100000,1000000
2017-12-28 07:14:23.494000,8.2405,8.23838,2100000,1000000
2017-12-28 07:14:23.545000,8.2405,8.23822,2100000,1000000
2017-12-28 07:14:23.596000,8.24013,8.23822,1000000,1000000
2017-12-28 07:14:23.750000,8.24005,8.2379,2100000,1000000
2017-12-28 07:14:23.802000,8.24005,8.23785,2100000,1000000
2017-12-28 07:14:23.904000,8.24005,8.23769,2100000,1190000
2017-12-28 07:14:24.057000,8.24005,8.23769,2100000,1000000
2017-12-28 07:14:24.109000,8.23974,8.23747,1600000,1000000
2017-12-28 07:14:24.211000,8.23974,8.23733,1600000,1500000
2017-12-28 07:14:24.460000,8.23971,8.23733,2100000,1000000
2017-12-28 07:14:24.563000,8.23942,8.23722,1000000,1190000
2017-12-28 07:14:24.665000,8.23965,8.23721,1600000,1000000
2017-12-28 07:14:24.788000,8.23965,8.23748,1600000,1000000
2017-12-28 07:14:25.265000,8.23978,8.23739,2020000,1000000
2017-12-28 07:14:27.970000,8.23983,8.23765,1000000,1000000
2017-12-28 07:14:28.022000,8.23983,8.2377,1000000,1000000
2017-12-28 07:14:28.359000,8.23983,8.2377,1000000,1190000
2017-12-28 07:14:28.934000,8.23983,8.2377,1000000,1000000
2017-12-28 07:14:29.188000,8.23983,8.23789,1000000,1000000
2017-12-28 07:14:37.732000,8.23983,8.23799,1000000,1000000
2017-12-28 07:14:38.738000,8.23983,8.23789,1000000,1190000
2017-12-28 07:14:38.789000,8.23983,8.23789,1000000,1000000
2017-12-28 07:14:42.218000,8.24003,8.23823,1000000,1250000
2017-12-28 07:14:42.270000,8.24003,8.23812,1000000,1000000
2017-12-28 07:14:43.186000,8.24003,8.23809,1000000,1250000
2017-12-28 07:14:49.445000,8.24003,8.23812,1000000,1000000
2017-12-28 07:14:51.586000,8.24003,8.23807,1000000,1000000
2017-12-28 07:14:51.637000,8.24022,8.23807,1670000,1000000
2017-12-28 07:14:56.958000,8.24028,8.23813,2170000,1000000
2017-12-28 07:14:58.216000,8.24025,8.2381,1670000,1000000
2017-12-28 07:15:09.821000,8.2401,8.23779,1000000,1000000
