time,ask,bid,ask_volume,bid_volume
2020-11-27 06:55:00.020000,8.86278,8.85636,1000000,1000000
2020-11-27 06:55:00.170000,8.86278,8.85578,1000000,1000000
2020-11-27 06:55:00.271000,8.8626,8.856,1000000,1000000
2020-11-27 06:55:00.372000,8.8626,8.85622,1000000,1000000
2020-11-27 06:55:00.422000,8.8626,8.85551,1000000,1000000
2020-11-27 06:55:00.473000,8.86297,8.85465,1000000,1000000
2020-11-27 06:55:00.573000,8.86297,8.85521,1000000,1000000
2020-11-27 06:55:00.624000,8.86297,8.85455,1000000,1000000
2020-11-27 06:55:00.724000,8.86297,8.85432,1000000,1000000
2020-11-27 06:55:00.825000,8.86235,8.85404,1000000,1000000
2020-11-27 06:55:00.926000,8.86218,8.85433,1000000,1000000
2020-11-27 06:55:00.976000,8.86208,8.85401,1000000,1000000
2020-11-27 06:55:01.027000,8.86218,8.85416,1000000,1000000
2020-11-27 06:55:01.127000,8.86218,8.85373,1000000,1000000
2020-11-27 06:55:01.178000,8.86218,8.85378,1000000,1000000
2020-11-27 06:55:01.329000,8.86165,8.85471,1000000,1000000
2020-11-27 06:55:01.379000,8.86197,8.85432,1000000,1000000
2020-11-27 06:55:01.430000,8.86218,8.85431,1000000,1000000
2020-11-27 06:55:01.531000,8.86218,8.85487,1000000,1000000
2020-11-27 06:55:01.581000,8.86229,8.85487,1250000,1000000
2020-11-27 06:55:01.782000,8.86229,8.85516,1000000,1000000
2020-11-27 06:55:02.072000,8.86204,8.85516,1000000,1000000
2020-11-27 06:55:02.529000,8.86176,8.85516,1000000,1000000
2020-11-27 06:55:02.579000,8.86176,8.85476,1000000,1000000
2020-11-27 06:55:02.680000,8.86176,8.85477,1500000,1000000
2020-11-27 06:55:02.730000,8.86148,8.85477,1000000,1000000
2020-11-27 06:55:02.932000,8.8614,8.85476,1000000,1000000
2020-11-27 06:55:03.116000,8.86139,8.85495,1000000,1000000
2020-11-27 06:55:03.167000,8.86149,8.85471,1000000,1000000
2020-11-27 06:55:03.268000,8.86105,8.85468,1000000,1000000
2020-11-27 06:55:03.318000,8.86068,8.85417,1000000,1000000
2020-11-27 06:55:03.369000,8.86074,8.85453,1000000,1000000
2020-11-27 06:55:03.469000,8.86092,8.85436,1000000,1000000
2020-11-27 06:55:03.570000,8.86082,8.85453,1000000,1000000
2020-11-27 06:55:03.721000,8.86068,8.85443,1000000,1000000
2020-11-27 06:55:04.067000,8.86038,8.85446,1000000,1000000
2020-11-27 06:55:04.322000,8.86032,8.85471,1000000,1000000
2020-11-27 06:55:04.473000,8.86011,8.85488,1000000,1000000
2020-11-27 06:55:07.583000,8.85902,8.85401,1000000,1000000
2020-11-27 06:55:08.497000,8.85838,8.85376,1000000,1000000
2020-11-27 06:55:09.119000,8.85816,8.85336,1000000,1000000
2020-11-27 06:55:09.219000,8.85776,8.85329,1000000,1000000
2020-11-27 06:55:09.801000,8.85758,8.85268,1000000,1000000
2020-11-27 06:55:09.852000,8.85848,8.85263,1500000,1000000
2020-11-27 06:55:09.902000,8.85819,8.85277,1000000,1000000
2020-11-27 06:55:10.003000,8.85825,8.8526,1000000,1000000
2020-11-27 06:55:10.103000,8.85809,8.85283,1000000,1000000
2020-11-27 06:55:10.154000,8.85797,8.85268,1000000,1000000
2020-11-27 06:55:10.254000,8.85834,8.8526,1000000,1000000
2020-11-27 06:55:17.492000,8.85834,8.85292,1000000,1000000
2020-11-27 06:55:20.357000,8.85834,8.85282,1000000,1000000
2020-11-27 06:55:20.998000,8.85834,8.85292,1000000,1000000
2020-11-27 06:55:21.677000,8.85796,8.85292,1000000,1000000
2020-11-27 06:55:22.370000,8.85796,8.85282,1000000,1000000
2020-11-27 06:55:22.663000,8.85825,8.85289,1000000,1000000
2020-11-27 06:55:23.687000,8.85825,8.85292,1000000,1000000
2020-11-27 06:55:25.101000,8.85825,8.85302,1000000,1000000
2020-11-27 06:55:26.111000,8.85825,8.85292,1000000,1000000
2020-11-27 06:55:28.505000,8.85825,8.85289,1000000,1000000
2020-11-27 06:55:38.234000,8.858,8.85287,1000000,1000000
2020-11-27 06:55:39.152000,8.85772,8.85247,1000000,1000000
2020-11-27 06:55:39.202000,8.85764,8.85281,1000000,1000000
2020-11-27 06:55:40.971000,8.85763,8.85293,1000000,1000000
2020-11-27 06:55:41.071000,8.85763,8.85283,1000000,1000000
2020-11-27 06:55:41.795000,8.85764,8.85281,1000000,1000000
2020-11-27 06:55:46.421000,8.85739,8.85262,1000000,1000000
2020-11-27 06:55:46.471000,8.8574,8.85263,1000000,1000000
2020-11-27 06:55:46.531000,8.8574,8.85257,1000000,1000000
2020-11-27 06:55:46.700000,8.85769,8.85253,1000000,1000000
2020-11-27 06:55:46.750000,8.85752,8.85252,1000000,1000000
2020-11-27 06:55:46.851000,8.85752,8.85248,1000000,1000000
2020-11-27 06:55:49.061000,8.85752,8.85252,1000000,1000000
2020-11-27 06:55:51.273000,8.85752,8.85248,1000000,1000000
2020-11-27 06:55:51.840000,8.85718,8.85247,1000000,1000000
2020-11-27 06:55:51.890000,8.85729,8.8523,1000000,1000000
2020-11-27 06:55:51.941000,8.8573,8.85232,1000000,1000000
2020-11-27 06:55:52.094000,8.85747,8.85263,1000000,1000000
2020-11-27 06:55:52.145000,8.85744,8.85232,1000000,1000000
2020-11-27 06:55:52.245000,8.85747,8.85258,1000000,1000000
2020-11-27 06:55:52.346000,8.85743,8.85242,1000000,1000000
2020-11-27 06:55:52.447000,8.85748,8.85257,1000000,1000000
2020-11-27 06:55:54.876000,8.85747,8.85263,1000000,1000000
2020-11-27 06:55:55.369000,8.85747,8.85258,1000000,1000000
2020-11-27 06:55:56.182000,8.85717,8.85244,1000000,1000000
2020-11-27 06:55:56.233000,8.85739,8.85239,1000000,1000000
2020-11-27 06:55:56.513000,8.85718,8.85248,1000000,1000000
2020-11-27 06:55:56.717000,8.85808,8.85237,1000000,1000000
2020-11-27 06:55:56.768000,8.85721,8.85242,1000000,1000000
2020-11-27 06:55:56.819000,8.85766,8.85198,1000000,1000000
2020-11-27 06:55:56.870000,8.85772,8.85221,1000000,1000000
2020-11-27 06:55:56.971000,8.85749,8.8524,1000000,1000000
2020-11-27 06:55:57.022000,8.85783,8.85227,1000000,1000000
2020-11-27 06:55:57.073000,8.85759,8.85236,1000000,1000000
2020-11-27 06:55:57.300000,8.85745,8.85255,1000000,1000000
2020-11-27 06:55:58.541000,8.85715,8.85236,1000000,1000000
2020-11-27 06:55:59.207000,8.85739,8.85234,1000000,1000000
2020-11-27 06:55:59.467000,8.85739,8.85243,1000000,1000000
2020-11-27 06:55:59.619000,8.8574,8.85233,1000000,1000000
2020-11-27 06:56:02.431000,8.85723,8.85236,1000000,1000000
2020-11-27 06:56:02.532000,8.85733,8.85222,1000000,1000000
2020-11-27 06:56:02.583000,8.85751,8.85228,1000000,1000000
2020-11-27 06:56:02.634000,8.85729,8.85246,1000000,1000000
2020-11-27 06:56:02.684000,8.85738,8.85231,1000000,1000000
2020-11-27 06:56:02.785000,8.85737,8.85252,1000000,1000000
2020-11-27 06:56:02.836000,8.8583,8.85253,1000000,1000000
2020-11-27 06:56:02.886000,8.85811,8.85252,1000000,1000000
2020-11-27 06:56:03.923000,8.85811,8.85243,1000000,1000000
2020-11-27 06:56:04.927000,8.85792,8.85242,1000000,1000000
2020-11-27 06:56:04.977000,8.8582,8.85245,1000000,1000000
2020-11-27 06:56:05.143000,8.85852,8.85262,1000000,1000000
2020-11-27 06:56:05.193000,8.85806,8.85245,1000000,1000000
2020-11-27 06:56:05.459000,8.85843,8.85248,1000000,1000000
2020-11-27 06:56:05.794000,8.85809,8.85248,1000000,1000000
2020-11-27 06:56:06.485000,8.8585,8.85245,1000000,1000000
2020-11-27 06:56:06.706000,8.85884,8.8525,1750000,1000000
2020-11-27 06:56:06.858000,8.85843,8.8525,1000000,1000000
2020-11-27 06:56:08.760000,8.85739,8.85229,1000000,1000000
2020-11-27 06:56:08.861000,8.85744,8.8525,1000000,1000000
2020-11-27 06:56:08.962000,8.85711,8.85227,1000000,1000000
2020-11-27 06:56:09.064000,8.85693,8.8523,1000000,1000000
2020-11-27 06:56:09.266000,8.85654,8.85244,1000000,1000000
2020-11-27 06:56:10.590000,8.85705,8.85251,1000000,1000000
2020-11-27 06:56:10.766000,8.85688,8.85222,1000000,1000000
2020-11-27 06:56:10.866000,8.85715,8.85237,1000000,1000000
2020-11-27 06:56:11.403000,8.85759,8.85234,1000000,1000000
2020-11-27 06:56:11.504000,8.85746,8.85247,1000000,1000000
2020-11-27 06:56:11.605000,8.85732,8.85244,1000000,1000000
2020-11-27 06:56:11.655000,8.85704,8.85215,1000000,1000000
2020-11-27 06:56:11.756000,8.8574,8.85229,1000000,1000000
2020-11-27 06:56:11.807000,8.85694,8.85236,1000000,1000000
2020-11-27 06:56:11.857000,8.85736,8.85232,1000000,1000000
2020-11-27 06:56:11.907000,8.85657,8.85245,1000000,1000000
2020-11-27 06:56:15.103000,8.85675,8.85268,1000000,1000000
2020-11-27 06:56:15.204000,8.85709,8.85241,1000000,1000000
2020-11-27 06:56:15.304000,8.85729,8.85243,1000000,1000000
2020-11-27 06:56:16.104000,8.85706,8.85234,1000000,1000000
2020-11-27 06:56:17.110000,8.8572,8.85269,1000000,1000000
2020-11-27 06:56:18.885000,8.85724,8.85261,1000000,1000000
2020-11-27 06:56:18.936000,8.85736,8.85239,1000000,1000000
2020-11-27 06:56:18.987000,8.85717,8.85237,1000000,1000000
2020-11-27 06:56:19.138000,8.85695,8.85237,1000000,1000000
2020-11-27 06:56:19.239000,8.85696,8.85242,1000000,1000000
2020-11-27 06:56:22.763000,8.85696,8.85282,1000000,1000000
2020-11-27 06:56:23.248000,8.85695,8.85273,1000000,1000000
2020-11-27 06:56:23.614000,8.85696,8.85262,1000000,1000000
2020-11-27 06:56:24.553000,8.85696,8.85272,1000000,1000000
2020-11-27 06:56:24.618000,8.85696,8.85262,1000000,1000000
2020-11-27 06:56:26.481000,8.85696,8.85282,1000000,1000000
2020-11-27 06:56:26.696000,8.85736,8.85232,1000000,1500000
2020-11-27 06:56:26.746000,8.85647,8.85243,1000000,1000000
2020-11-27 06:56:26.901000,8.85648,8.85292,1000000,1000000
2020-11-27 06:56:26.952000,8.85648,8.85272,1000000,1000000
2020-11-27 06:56:27.103000,8.85648,8.85282,1000000,1000000
2020-11-27 06:56:27.320000,8.85634,8.85282,1000000,1000000
2020-11-27 06:56:27.603000,8.85634,8.85302,1000000,1000000
2020-11-27 06:56:27.703000,8.85634,8.85282,1000000,1000000
2020-11-27 06:56:27.804000,8.85634,8.85272,1000000,1000000
2020-11-27 06:56:27.855000,8.85633,8.85283,1000000,1000000
2020-11-27 06:56:27.905000,8.85646,8.85282,1000000,1000000
2020-11-27 06:56:28.640000,8.85646,8.85262,1000000,1000000
2020-11-27 06:56:29.526000,8.85646,8.85272,1000000,1000000
2020-11-27 06:56:29.627000,8.85646,8.85282,1000000,1000000
2020-11-27 06:56:30.686000,8.85646,8.85262,1000000,1000000
2020-11-27 06:56:30.951000,8.85646,8.85282,1000000,1000000
2020-11-27 06:56:31.223000,8.85645,8.85273,1000000,1000000
2020-11-27 06:56:31.612000,8.85646,8.85252,1000000,1000000
2020-11-27 06:56:31.771000,8.8573,8.85299,1000000,1000000
2020-11-27 06:56:31.822000,8.85782,8.85329,1000000,1000000
2020-11-27 06:56:31.923000,8.85777,8.85312,1000000,1000000
2020-11-27 06:56:31.973000,8.85761,8.85312,1000000,1000000
2020-11-27 06:56:32.103000,8.8572,8.85306,1000000,1000000
2020-11-27 06:56:32.154000,8.85783,8.85293,1000000,1000000
2020-11-27 06:56:32.204000,8.85728,8.85311,1000000,1000000
2020-11-27 06:56:33.147000,8.85742,8.85286,1000000,1000000
2020-11-27 06:56:33.248000,8.85778,8.85303,1000000,1000000
2020-11-27 06:56:33.348000,8.85746,8.85312,1000000,1000000
2020-11-27 06:56:33.611000,8.85746,8.85308,1000000,1000000
2020-11-27 06:56:34.369000,8.85737,8.8531,1000000,1000000
2020-11-27 06:56:47.244000,8.85737,8.8531,1250000,1000000
2020-11-27 06:56:47.395000,8.85676,8.85299,1250000,1000000
2020-11-27 06:56:47.495000,8.85674,8.85292,1250000,1000000
2020-11-27 06:56:47.546000,8.85664,8.85288,1000000,1000000
2020-11-27 06:56:47.748000,8.85634,8.8528,1000000,1000000
2020-11-27 06:56:47.904000,8.85665,8.8529,1250000,1000000
2020-11-27 06:56:48.024000,8.85664,8.85291,1250000,1000000
2020-11-27 06:56:48.125000,8.85632,8.85281,1000000,1000000
2020-11-27 06:56:48.276000,8.85627,8.85281,1000000,1000000
2020-11-27 06:56:48.477000,8.85644,8.85284,1000000,1000000
2020-11-27 06:56:48.693000,8.85645,8.85288,1000000,1000000
2020-11-27 06:56:49.242000,8.85622,8.85279,1000000,1000000
2020-11-27 06:56:49.293000,8.85646,8.85288,1000000,1000000
2020-11-27 06:56:49.393000,8.85625,8.8528,1000000,1000000
2020-11-27 06:56:49.501000,8.85654,8.85289,1000000,1000000
2020-11-27 06:56:49.601000,8.85622,8.85279,1000000,1000000
2020-11-27 06:56:54.307000,8.85625,8.85292,1000000,1000000
2020-11-27 06:56:54.481000,8.8563,8.85304,1000000,1000000
2020-11-27 06:56:55.280000,8.85646,8.8532,1000000,1000000
2020-11-27 06:57:04.471000,8.85665,8.85335,1000000,1000000
2020-11-27 06:57:05.708000,8.85674,8.85356,1000000,1000000
2020-11-27 06:57:05.758000,8.85704,8.85371,1250000,1000000
2020-11-27 06:57:05.809000,8.85674,8.85361,1000000,1000000
2020-11-27 06:57:05.859000,8.85687,8.85335,1000000,1000000
2020-11-27 06:57:05.960000,8.85724,8.85351,1250000,1000000
2020-11-27 06:57:06.010000,8.85724,8.85351,1250000,1000000
2020-11-27 06:57:06.060000,8.85739,8.85355,1250000,1000000
2020-11-27 06:57:06.161000,8.85756,8.85352,1250000,1000000
2020-11-27 06:57:06.212000,8.85771,8.85354,1250000,1000000
2020-11-27 06:57:06.262000,8.85771,8.85354,1250000,1000000
2020-11-27 06:57:06.312000,8.85771,8.85354,1250000,1000000
2020-11-27 06:57:06.363000,8.85756,8.85351,1250000,1000000
2020-11-27 06:57:06.413000,8.85761,8.8536,1250000,1000000
2020-11-27 06:57:06.514000,8.85767,8.85356,1250000,1000000
2020-11-27 06:57:06.665000,8.8574,8.85352,1250000,1000000
2020-11-27 06:57:06.715000,8.85717,8.8534,1000000,1000000
2020-11-27 06:57:06.816000,8.85718,8.8534,1000000,1000000
2020-11-27 06:57:07.114000,8.85699,8.85342,1000000,1000000
2020-11-27 06:57:07.747000,8.85712,8.85342,1000000,1000000
2020-11-27 06:57:07.798000,8.85722,8.85359,1000000,1000000
2020-11-27 06:57:07.848000,8.85721,8.85349,1000000,1000000
2020-11-27 06:57:07.898000,8.85706,8.85347,1000000,1000000
2020-11-27 06:57:07.999000,8.85709,8.85352,1000000,1000000
2020-11-27 06:57:08.100000,8.85692,8.8535,1000000,1000000
2020-11-27 06:57:08.200000,8.85712,8.85364,1000000,1000000
2020-11-27 06:57:08.251000,8.85725,8.85379,1000000,1000000
2020-11-27 06:57:08.301000,8.85724,8.85343,1000000,1000000
2020-11-27 06:57:08.351000,8.85701,8.85337,1000000,1000000
2020-11-27 06:57:08.452000,8.85694,8.85331,1000000,1000000
2020-11-27 06:57:08.553000,8.85711,8.85323,1250000,1000000
2020-11-27 06:57:08.603000,8.85709,8.85336,1250000,1000000
2020-11-27 06:57:08.654000,8.85692,8.85325,1000000,1000000
2020-11-27 06:57:08.754000,8.85706,8.85326,1250000,1000000
2020-11-27 06:57:08.805000,8.85706,8.85326,1250000,1000000
2020-11-27 06:57:08.906000,8.85794,8.85343,1250000,1000000
2020-11-27 06:57:08.956000,8.85789,8.85339,1250000,1000000
2020-11-27 06:57:09.006000,8.85777,8.85351,1250000,1000000
2020-11-27 06:57:09.107000,8.85776,8.85352,1250000,1000000
2020-11-27 06:57:09.208000,8.85758,8.85353,1250000,1000000
2020-11-27 06:57:09.308000,8.85776,8.85347,1250000,1000000
2020-11-27 06:57:09.359000,8.85789,8.85349,1250000,1000000
2020-11-27 06:57:09.409000,8.85764,8.85342,1250000,1000000
2020-11-27 06:57:09.460000,8.85768,8.85348,1250000,1000000
2020-11-27 06:57:09.510000,8.85766,8.85344,1250000,1000000
2020-11-27 06:57:09.560000,8.85794,8.85346,1250000,1000000
2020-11-27 06:57:09.611000,8.85804,8.85346,1250000,1000000
2020-11-27 06:57:09.712000,8.85768,8.85332,1250000,1000000
2020-11-27 06:57:09.762000,8.85774,8.85333,1250000,1000000
2020-11-27 06:57:09.812000,8.8578,8.85332,1250000,1000000
2020-11-27 06:57:09.863000,8.85784,8.85335,1250000,1000000
2020-11-27 06:57:09.913000,8.85757,8.85326,1250000,1000000
2020-11-27 06:57:09.964000,8.85757,8.85326,1250000,1000000
2020-11-27 06:57:10.014000,8.85748,8.85326,1250000,1000000
2020-11-27 06:57:10.143000,8.85748,8.85331,1250000,1000000
2020-11-27 06:57:10.266000,8.85748,8.85331,1250000,1000000
2020-11-27 06:57:10.572000,8.85748,8.85325,1250000,1000000
2020-11-27 06:57:10.839000,8.85747,8.85326,1250000,1000000
2020-11-27 06:57:10.891000,8.85747,8.85326,1250000,1000000
2020-11-27 06:57:11.041000,8.85751,8.85352,1250000,1000000
2020-11-27 06:57:11.092000,8.85751,8.85352,1250000,1000000
2020-11-27 06:57:11.142000,8.85751,8.85352,1250000,1000000
2020-11-27 06:57:11.193000,8.8573,8.85343,1250000,1000000
2020-11-27 06:57:11.243000,8.85705,8.85336,1000000,1000000
2020-11-27 06:57:11.344000,8.85724,8.85344,1250000,1000000
2020-11-27 06:57:11.495000,8.85724,8.85344,1250000,1000000
2020-11-27 06:57:11.596000,8.85724,8.85344,1250000,1000000
2020-11-27 06:57:11.646000,8.85751,8.85353,1250000,1000000
2020-11-27 06:57:11.696000,8.8571,8.85342,1250000,1000000
2020-11-27 06:57:11.797000,8.8571,8.85342,1250000,1000000
2020-11-27 06:57:11.847000,8.85711,8.85341,1250000,1000000
2020-11-27 06:57:12.060000,8.8571,8.85342,1250000,1000000
2020-11-27 06:57:12.111000,8.85711,8.85341,1250000,1000000
2020-11-27 06:57:12.161000,8.85688,8.85336,1000000,1000000
2020-11-27 06:57:12.491000,8.85722,8.85346,1250000,1000000
2020-11-27 06:57:12.633000,8.85722,8.85346,1250000,1000000
2020-11-27 06:57:12.734000,8.85717,8.85345,1250000,1000000
2020-11-27 06:57:12.784000,8.85733,8.85349,1250000,1000000
2020-11-27 06:57:12.885000,8.85711,8.85344,1250000,1000000
2020-11-27 06:57:12.936000,8.85712,8.85343,1250000,1000000
2020-11-27 06:57:12.986000,8.85712,8.85343,1250000,1000000
2020-11-27 06:57:13.149000,8.85711,8.85344,1250000,1000000
2020-11-27 06:57:13.250000,8.85712,8.85343,1250000,1000000
2020-11-27 06:57:13.301000,8.8571,8.85343,1250000,1000000
2020-11-27 06:57:13.351000,8.8571,8.85343,1250000,1000000
2020-11-27 06:57:13.452000,8.85715,8.85345,1250000,1000000
2020-11-27 06:57:13.502000,8.85715,8.85345,1250000,1000000
2020-11-27 06:57:13.653000,8.85715,8.85345,1250000,1000000
2020-11-27 06:57:13.813000,8.85696,8.85339,1000000,1000000
2020-11-27 06:57:13.914000,8.85714,8.85346,1250000,1000000
2020-11-27 06:57:14.065000,8.85714,8.85346,1250000,1000000
2020-11-27 06:57:14.115000,8.85714,8.85346,1250000,1000000
2020-11-27 06:57:14.216000,8.85713,8.85347,1250000,1000000
2020-11-27 06:57:14.317000,8.85714,8.85346,1250000,1000000
2020-11-27 06:57:14.367000,8.85714,8.85346,1250000,1000000
2020-11-27 06:57:14.468000,8.85714,8.85346,1250000,1000000
2020-11-27 06:57:14.590000,8.8569,8.85337,1000000,1000000
2020-11-27 06:57:14.641000,8.85716,8.85346,1250000,1000000
2020-11-27 06:57:14.742000,8.85719,8.85355,1250000,1000000
2020-11-27 06:57:14.842000,8.85696,8.85348,1250000,1000000
2020-11-27 06:57:14.893000,8.85713,8.85358,1250000,1000000
2020-11-27 06:57:14.943000,8.85704,8.85342,1250000,1000000
2020-11-27 06:57:14.994000,8.85774,8.85335,1250000,1000000
2020-11-27 06:57:15.044000,8.85771,8.85346,1250000,1000000
2020-11-27 06:57:15.095000,8.85714,8.85349,1250000,1000000
2020-11-27 06:57:15.196000,8.85726,8.85332,1250000,1000000
2020-11-27 06:57:15.246000,8.85744,8.85332,1250000,1000000
2020-11-27 06:57:15.297000,8.85714,8.85327,1250000,1000000
2020-11-27 06:57:15.347000,8.85714,8.85327,1250000,1000000
2020-11-27 06:57:15.448000,8.85738,8.85335,1250000,1000000
2020-11-27 06:57:15.498000,8.85703,8.85325,1250000,1000000
2020-11-27 06:57:15.549000,8.85703,8.85325,1250000,1000000
2020-11-27 06:57:15.700000,8.85695,8.85323,1250000,1000000
2020-11-27 06:57:15.801000,8.85694,8.85324,1250000,1000000
2020-11-27 06:57:15.851000,8.85718,8.85331,1250000,1000000
2020-11-27 06:57:15.902000,8.8569,8.85322,1250000,1000000
2020-11-27 06:57:15.952000,8.85689,8.85323,1250000,1000000
2020-11-27 06:57:16.277000,8.85689,8.85323,1250000,1000000
2020-11-27 06:57:16.472000,8.8569,8.85322,1250000,1000000
2020-11-27 06:57:16.524000,8.8569,8.85322,1250000,1000000
2020-11-27 06:57:16.775000,8.8569,8.85322,1000000,1000000
2020-11-27 06:57:16.934000,8.85647,8.85314,1000000,1000000
2020-11-27 06:57:17.085000,8.8566,8.85337,1000000,1000000
2020-11-27 06:57:17.242000,8.85646,8.85333,1000000,1000000
2020-11-27 06:57:17.445000,8.85645,8.85352,1000000,1000000
2020-11-27 06:57:17.656000,8.85649,8.85358,1000000,1000000
2020-11-27 06:57:18.765000,8.85652,8.85378,1000000,1000000
2020-11-27 06:57:18.916000,8.85653,8.85385,1000000,1000000
2020-11-27 06:57:19.058000,8.85654,8.85385,1000000,1000000
2020-11-27 06:57:19.109000,8.85666,8.85388,1000000,1000000
2020-11-27 06:57:19.734000,8.85671,8.85393,1000000,1000000
2020-11-27 06:57:19.784000,8.85693,8.8541,1000000,1000000
2020-11-27 06:57:19.835000,8.85711,8.85381,1000000,1000000
2020-11-27 06:57:19.885000,8.85711,8.85386,1000000,1000000
2020-11-27 06:57:20.036000,8.85698,8.85382,1000000,1000000
2020-11-27 06:57:20.137000,8.857,8.85384,1000000,1000000
2020-11-27 06:57:20.238000,8.85703,8.85384,1000000,1000000
2020-11-27 06:57:20.288000,8.85686,8.85379,1000000,1000000
2020-11-27 06:57:20.389000,8.85686,8.8538,1000000,1000000
2020-11-27 06:57:20.490000,8.85691,8.85382,1000000,1000000
2020-11-27 06:57:20.591000,8.85688,8.85379,1000000,1000000
2020-11-27 06:57:20.713000,8.85693,8.85382,1000000,1000000
2020-11-27 06:57:20.764000,8.85676,8.85377,1000000,1000000
2020-11-27 06:57:20.814000,8.85677,8.85362,1000000,1000000
2020-11-27 06:57:20.865000,8.8566,8.85353,1000000,1000000
2020-11-27 06:57:20.915000,8.85689,8.85366,1000000,1000000
2020-11-27 06:57:21.163000,8.85667,8.85357,1000000,1000000
2020-11-27 06:57:21.213000,8.85683,8.85356,1000000,1000000
2020-11-27 06:57:21.264000,8.85667,8.85358,1000000,1000000
2020-11-27 06:57:21.426000,8.85683,8.8536,1000000,1000000
2020-11-27 06:57:21.476000,8.85664,8.85356,1000000,1000000
2020-11-27 06:57:21.527000,8.85679,8.8536,1000000,1000000
2020-11-27 06:57:21.631000,8.85659,8.85357,1000000,1000000
2020-11-27 06:57:21.782000,8.85668,8.85358,1000000,1000000
2020-11-27 06:57:21.833000,8.85684,8.85362,1000000,1000000
2020-11-27 06:57:21.891000,8.8567,8.85358,1000000,1000000
2020-11-27 06:57:22.678000,8.85681,8.85369,1000000,1000000
2020-11-27 06:57:22.728000,8.85683,8.8536,1000000,1000000
2020-11-27 06:57:22.779000,8.857,8.85361,1000000,1000000
2020-11-27 06:57:22.830000,8.85706,8.85382,1000000,1000000
2020-11-27 06:57:22.880000,8.85733,8.85404,1250000,1000000
2020-11-27 06:57:22.931000,8.85742,8.85388,1250000,1000000
2020-11-27 06:57:23.032000,8.85746,8.8539,1250000,1000000
2020-11-27 06:57:23.133000,8.85748,8.85393,1250000,1000000
2020-11-27 06:57:23.234000,8.85749,8.85392,1250000,1000000
2020-11-27 06:57:23.335000,8.85798,8.85399,1250000,1000000
2020-11-27 06:57:23.436000,8.85817,8.85402,1250000,1000000
2020-11-27 06:57:23.537000,8.85823,8.85417,1250000,1000000
2020-11-27 06:57:23.588000,8.85737,8.8539,1250000,1000000
2020-11-27 06:57:23.689000,8.85736,8.85391,1250000,1000000
2020-11-27 06:57:23.841000,8.85726,8.85388,1000000,1000000
2020-11-27 06:57:24.851000,8.85733,8.85397,1250000,1000000
2020-11-27 06:57:24.952000,8.85745,8.85436,1000000,1000000
2020-11-27 06:57:25.002000,8.85749,8.85421,1000000,1000000
2020-11-27 06:57:25.153000,8.85743,8.85404,1000000,1000000
2020-11-27 06:57:25.455000,8.85759,8.85412,1250000,1000000
2020-11-27 06:57:25.614000,8.8574,8.85407,1000000,1000000
2020-11-27 06:57:25.765000,8.85754,8.85407,1250000,1000000
2020-11-27 06:57:25.816000,8.85735,8.85402,1000000,1000000
2020-11-27 06:57:25.866000,8.85749,8.85405,1000000,1000000
2020-11-27 06:57:25.916000,8.85736,8.85404,1000000,1000000
2020-11-27 06:57:26.809000,8.85747,8.85406,1000000,1000000
2020-11-27 06:57:26.909000,8.85729,8.85403,1000000,1000000
2020-11-27 06:57:27.221000,8.85711,8.85387,1000000,1000000
2020-11-27 06:57:27.322000,8.85712,8.85389,1000000,1000000
2020-11-27 06:57:27.473000,8.85707,8.85375,1000000,1000000
2020-11-27 06:57:27.626000,8.85727,8.85391,1000000,1000000
2020-11-27 06:57:27.727000,8.85698,8.85373,1000000,1000000
2020-11-27 06:57:28.132000,8.85703,8.85394,1000000,1000000
2020-11-27 06:57:28.283000,8.85785,8.85412,1250000,1000000
2020-11-27 06:57:28.383000,8.85768,8.85409,1250000,1000000
2020-11-27 06:57:28.434000,8.85762,8.85401,1250000,1000000
2020-11-27 06:57:28.535000,8.85762,8.85401,1250000,1000000
2020-11-27 06:57:28.636000,8.85747,8.85397,1250000,1000000
2020-11-27 06:57:28.787000,8.85797,8.85418,1250000,1000000
2020-11-27 06:57:28.888000,8.85834,8.85429,1250000,1000000
2020-11-27 06:57:28.938000,8.85828,8.85417,1250000,1000000
2020-11-27 06:57:28.989000,8.85834,8.85421,1250000,1000000
2020-11-27 06:57:29.039000,8.85834,8.85401,1250000,1000000
2020-11-27 06:57:29.272000,8.85798,8.85381,1250000,1000000
2020-11-27 06:57:29.323000,8.85798,8.85398,1250000,1000000
2020-11-27 06:57:29.373000,8.85775,8.85391,1250000,1000000
2020-11-27 06:57:29.474000,8.8577,8.85394,1250000,1000000
2020-11-27 06:57:29.575000,8.85779,8.85396,1250000,1000000
2020-11-27 06:57:29.726000,8.85812,8.85406,1250000,1000000
2020-11-27 06:57:29.946000,8.85798,8.85406,1250000,1000000
2020-11-27 06:57:30.241000,8.85794,8.854,1250000,1000000
2020-11-27 06:57:30.342000,8.85771,8.85393,1250000,1000000
2020-11-27 06:57:30.744000,8.85771,8.85393,1250000,1000000
2020-11-27 06:57:31.178000,8.85749,8.85387,1250000,1000000
2020-11-27 06:57:31.279000,8.85749,8.85387,1250000,1000000
2020-11-27 06:57:31.591000,8.85749,8.85387,1250000,1000000
2020-11-27 06:57:31.711000,8.85764,8.85402,1250000,1000000
2020-11-27 06:57:31.935000,8.85742,8.85387,1250000,1000000
2020-11-27 06:57:32.036000,8.85742,8.85387,1250000,1000000
2020-11-27 06:57:32.170000,8.85742,8.85387,1250000,1000000
2020-11-27 06:57:32.271000,8.85771,8.85414,1250000,1000000
2020-11-27 06:57:32.322000,8.85794,8.85385,1250000,1000000
2020-11-27 06:57:32.373000,8.85823,8.85405,1250000,1000000
2020-11-27 06:57:32.423000,8.85824,8.85397,1250000,1000000
2020-11-27 06:57:32.474000,8.8568,8.8535,1000000,1000000
2020-11-27 06:57:32.726000,8.85674,8.85353,1000000,1000000
2020-11-27 06:57:32.776000,8.85683,8.85358,1000000,1000000
2020-11-27 06:57:33.171000,8.85683,8.85358,1000000,1000000
2020-11-27 06:57:33.272000,8.85673,8.85345,1000000,1000000
2020-11-27 06:57:33.373000,8.85661,8.85338,1000000,1000000
2020-11-27 06:57:34.997000,8.85674,8.85357,1000000,1000000
2020-11-27 06:57:35.098000,8.85672,8.85341,1000000,1000000
2020-11-27 06:57:37.106000,8.85658,8.85338,1000000,1000000
2020-11-27 06:57:37.207000,8.85684,8.85355,1000000,1000000
2020-11-27 06:57:37.257000,8.85673,8.85352,1000000,1000000
2020-11-27 06:57:41.515000,8.85684,8.85366,1000000,1000000
2020-11-27 06:57:43.238000,8.85684,8.85366,1250000,1000000
2020-11-27 06:57:43.339000,8.85659,8.85353,1250000,1000000
2020-11-27 06:57:43.390000,8.85707,8.85384,2500000,1000000
2020-11-27 06:57:43.491000,8.85804,8.85403,1250000,1000000
2020-11-27 06:57:43.591000,8.85776,8.85388,1250000,1000000
2020-11-27 06:57:43.642000,8.858,8.85377,1250000,1000000
2020-11-27 06:57:43.743000,8.85769,8.85363,1250000,1000000
2020-11-27 06:57:43.844000,8.85864,8.85415,1250000,1000000
2020-11-27 06:57:43.894000,8.85864,8.85362,1250000,1000000
2020-11-27 06:57:43.944000,8.85864,8.85357,1250000,1000000
2020-11-27 06:57:44.045000,8.85834,8.8535,1250000,1000000
2020-11-27 06:57:44.096000,8.85862,8.85346,1250000,1000000
2020-11-27 06:57:44.146000,8.85816,8.85358,1250000,1000000
2020-11-27 06:57:44.247000,8.85788,8.85351,1250000,1000000
2020-11-27 06:57:44.298000,8.85787,8.85352,1250000,1000000
2020-11-27 06:57:44.348000,8.85769,8.85344,1250000,1000000
2020-11-27 06:57:44.398000,8.85769,8.85344,1250000,1000000
2020-11-27 06:57:44.499000,8.85769,8.85344,1250000,1000000
2020-11-27 06:57:44.600000,8.85751,8.85342,1250000,1000000
2020-11-27 06:57:44.650000,8.85751,8.85342,1250000,1000000
2020-11-27 06:57:44.751000,8.85751,8.85342,1250000,1000000
2020-11-27 06:57:44.880000,8.85751,8.85342,1250000,1000000
2020-11-27 06:57:44.930000,8.85763,8.85352,1250000,1000000
2020-11-27 06:57:45.132000,8.85738,8.85342,1250000,1000000
2020-11-27 06:57:45.182000,8.85738,8.85342,1250000,1000000
2020-11-27 06:57:45.338000,8.85737,8.85343,1250000,1000000
2020-11-27 06:57:45.439000,8.85737,8.85343,1250000,1000000
2020-11-27 06:57:45.540000,8.85756,8.85366,1250000,1000000
2020-11-27 06:57:45.590000,8.85756,8.85366,1000000,1000000
2020-11-27 06:57:45.641000,8.85734,8.85361,1000000,1000000
2020-11-27 06:57:46.150000,8.85739,8.85367,1000000,1000000
2020-11-27 06:57:46.301000,8.85722,8.85359,1000000,1000000
2020-11-27 06:57:46.402000,8.85762,8.85393,1000000,1000000
2020-11-27 06:57:48.116000,8.85763,8.85413,1000000,1000000
2020-11-27 06:57:49.179000,8.8578,8.85441,1000000,1000000
2020-11-27 06:57:49.280000,8.85805,8.85474,1000000,1000000
2020-11-27 06:57:49.937000,8.858,8.85494,1000000,1000000
2020-11-27 06:57:50.354000,8.85827,8.85514,1000000,1000000
2020-11-27 06:57:50.671000,8.85827,8.85514,1250000,1000000
2020-11-27 06:57:50.779000,8.85827,8.85514,1250000,1000000
2020-11-27 06:57:50.938000,8.85825,8.85526,1250000,1000000
2020-11-27 06:57:51.038000,8.85859,8.85549,1250000,1000000
2020-11-27 06:57:51.139000,8.85859,8.85549,1250000,1000000
2020-11-27 06:57:51.239000,8.85859,8.85549,1250000,1000000
2020-11-27 06:57:51.413000,8.85858,8.8555,1250000,1000000
2020-11-27 06:57:51.564000,8.85872,8.85556,1250000,1000000
2020-11-27 06:57:51.715000,8.85856,8.85549,1250000,1000000
2020-11-27 06:57:51.866000,8.85872,8.85553,1250000,1000000
2020-11-27 06:57:51.916000,8.85872,8.85553,1250000,1000000
2020-11-27 06:57:52.067000,8.85872,8.85553,1250000,1000000
2020-11-27 06:57:52.171000,8.85872,8.85553,1250000,1000000
2020-11-27 06:57:52.272000,8.85876,8.85572,1250000,1000000
2020-11-27 06:57:52.373000,8.85892,8.85579,1250000,1000000
2020-11-27 06:57:52.479000,8.85892,8.85579,1250000,1000000
2020-11-27 06:57:52.530000,8.85892,8.85579,1250000,1000000
2020-11-27 06:57:52.580000,8.85892,8.85579,1250000,1000000
2020-11-27 06:57:52.729000,8.85892,8.85579,1250000,1000000
2020-11-27 06:57:52.830000,8.85892,8.85579,1250000,1000000
2020-11-27 06:57:53.037000,8.85891,8.8558,1250000,1000000
2020-11-27 06:57:53.191000,8.85892,8.85579,1250000,1000000
2020-11-27 06:57:53.309000,8.85892,8.85579,1250000,1000000
2020-11-27 06:57:53.410000,8.85891,8.8558,1250000,1000000
2020-11-27 06:57:53.461000,8.85875,8.85575,1250000,1000000
2020-11-27 06:57:53.763000,8.85876,8.85574,1250000,1000000
2020-11-27 06:57:53.914000,8.85888,8.85589,1250000,1000000
2020-11-27 06:57:54.030000,8.85888,8.85589,1250000,1000000
2020-11-27 06:57:54.131000,8.85875,8.85587,1250000,1000000
2020-11-27 06:57:54.254000,8.85875,8.85587,1250000,1000000
2020-11-27 06:57:54.371000,8.85875,8.85587,1250000,1000000
2020-11-27 06:57:54.471000,8.85875,8.85587,1250000,1000000
2020-11-27 06:57:54.588000,8.85875,8.85587,1250000,1000000
2020-11-27 06:57:54.639000,8.85874,8.85588,1250000,1000000
2020-11-27 06:57:55.172000,8.85875,8.85587,1250000,1000000
2020-11-27 06:57:55.352000,8.85875,8.85587,1250000,1000000
2020-11-27 06:57:55.830000,8.85875,8.85587,1250000,1000000
2020-11-27 06:57:56.029000,8.85875,8.85587,1250000,1000000
2020-11-27 06:57:56.526000,8.85875,8.85587,1250000,1000000
2020-11-27 06:57:56.686000,8.85875,8.85587,1250000,1000000
2020-11-27 06:57:57.289000,8.85875,8.85587,1250000,1000000
2020-11-27 06:58:00.071000,8.85892,8.85603,1250000,1000000
2020-11-27 06:58:00.122000,8.85892,8.85603,1250000,1000000
2020-11-27 06:58:00.223000,8.85892,8.85603,1250000,1000000
2020-11-27 06:58:00.817000,8.85892,8.85603,1250000,1000000
2020-11-27 06:58:00.969000,8.85891,8.85604,1250000,1000000
2020-11-27 06:58:01.186000,8.85892,8.85603,1250000,1000000
2020-11-27 06:58:01.236000,8.85892,8.85603,1250000,1000000
2020-11-27 06:58:01.287000,8.85881,8.85582,1250000,1000000
2020-11-27 06:58:01.388000,8.85919,8.85593,1250000,1000000
2020-11-27 06:58:01.438000,8.85921,8.85599,1250000,1000000
2020-11-27 06:58:01.489000,8.85944,8.85569,1000000,1000000
2020-11-27 06:58:01.539000,8.86014,8.85552,1250000,1000000
2020-11-27 06:58:01.640000,8.85952,8.85543,1250000,1000000
2020-11-27 06:58:01.741000,8.85992,8.85548,1250000,1000000
2020-11-27 06:58:01.791000,8.86004,8.85529,1250000,1000000
2020-11-27 06:58:01.841000,8.85942,8.85525,1250000,1000000
2020-11-27 06:58:01.892000,8.85923,8.8552,1250000,1000000
2020-11-27 06:58:01.942000,8.85947,8.85541,1250000,1000000
2020-11-27 06:58:01.993000,8.85984,8.85472,1250000,1000000
2020-11-27 06:58:02.043000,8.85957,8.85541,1250000,1000000
2020-11-27 06:58:02.094000,8.85945,8.85542,1250000,1000000
2020-11-27 06:58:02.195000,8.85933,8.85513,1250000,1000000
2020-11-27 06:58:02.245000,8.85914,8.85509,1250000,1000000
2020-11-27 06:58:02.296000,8.85894,8.85502,1250000,1000000
2020-11-27 06:58:02.447000,8.85842,8.85481,1000000,1000000
2020-11-27 06:58:02.548000,8.8586,8.85493,1250000,1000000
2020-11-27 06:58:02.649000,8.85876,8.855,1250000,1000000
2020-11-27 06:58:02.699000,8.85895,8.85511,1250000,1000000
2020-11-27 06:58:02.750000,8.85881,8.85509,1250000,1000000
2020-11-27 06:58:02.800000,8.85881,8.85509,1250000,1000000
2020-11-27 06:58:02.905000,8.85871,8.85521,1250000,1000000
2020-11-27 06:58:03.202000,8.85874,8.85534,1250000,1000000
2020-11-27 06:58:03.253000,8.85855,8.85527,1000000,1000000
2020-11-27 06:58:03.353000,8.85857,8.85519,1250000,1000000
2020-11-27 06:58:03.404000,8.85886,8.8553,1250000,1000000
2020-11-27 06:58:03.505000,8.85869,8.85526,1250000,1000000
2020-11-27 06:58:03.555000,8.85869,8.85526,1250000,1000000
2020-11-27 06:58:03.606000,8.85869,8.85526,1250000,1000000
2020-11-27 06:58:03.656000,8.85858,8.85528,1250000,1000000
2020-11-27 06:58:03.707000,8.85848,8.85525,1250000,1000000
2020-11-27 06:58:03.757000,8.85848,8.85525,1250000,1000000
2020-11-27 06:58:03.858000,8.85847,8.85526,1250000,1000000
2020-11-27 06:58:03.981000,8.85847,8.85526,1250000,1000000
2020-11-27 06:58:04.311000,8.85848,8.85525,1250000,1000000
2020-11-27 06:58:04.527000,8.85848,8.85525,1250000,1000000
2020-11-27 06:58:04.690000,8.85848,8.85525,1250000,1000000
2020-11-27 06:58:04.918000,8.85847,8.85526,1250000,1000000
2020-11-27 06:58:05.182000,8.85848,8.85525,1250000,1000000
2020-11-27 06:58:05.288000,8.85848,8.85525,1250000,1000000
2020-11-27 06:58:05.389000,8.85848,8.85525,1250000,1000000
2020-11-27 06:58:05.522000,8.85848,8.85525,1250000,1000000
2020-11-27 06:58:05.986000,8.85848,8.85525,1250000,1000000
2020-11-27 06:58:06.037000,8.8587,8.85553,1250000,1000000
2020-11-27 06:58:06.088000,8.85877,8.85541,1250000,1000000
2020-11-27 06:58:06.138000,8.85877,8.85541,1250000,1000000
2020-11-27 06:58:06.189000,8.85867,8.85533,1000000,1000000
2020-11-27 06:58:06.239000,8.85893,8.85543,1250000,1000000
2020-11-27 06:58:06.290000,8.85881,8.85539,1250000,1000000
2020-11-27 06:58:06.341000,8.8588,8.8554,1250000,1000000
2020-11-27 06:58:06.492000,8.85881,8.85539,1250000,1000000
2020-11-27 06:58:06.543000,8.85881,8.85539,1250000,1000000
2020-11-27 06:58:06.882000,8.85903,8.85544,1250000,1000000
2020-11-27 06:58:06.933000,8.85886,8.85541,1250000,1000000
2020-11-27 06:58:06.984000,8.85901,8.85543,1250000,1000000
2020-11-27 06:58:07.034000,8.85901,8.85543,1250000,1000000
2020-11-27 06:58:07.085000,8.85882,8.85539,1250000,1000000
2020-11-27 06:58:07.135000,8.85881,8.8554,1250000,1000000
2020-11-27 06:58:07.186000,8.85882,8.85539,1250000,1000000
2020-11-27 06:58:07.237000,8.85882,8.85539,1250000,1000000
2020-11-27 06:58:07.337000,8.85882,8.85539,1250000,1000000
2020-11-27 06:58:07.388000,8.85869,8.85535,1000000,1000000
2020-11-27 06:58:07.438000,8.85886,8.8554,1250000,1000000
2020-11-27 06:58:07.539000,8.85886,8.8554,1250000,1000000
2020-11-27 06:58:07.589000,8.85885,8.85541,1250000,1000000
2020-11-27 06:58:07.718000,8.85869,8.85538,1000000,1000000
2020-11-27 06:58:08.800000,8.85869,8.85538,1250000,1000000
2020-11-27 06:58:09.020000,8.85868,8.85539,1250000,1000000
2020-11-27 06:58:09.216000,8.85868,8.85539,1250000,1000000
2020-11-27 06:58:09.317000,8.85869,8.85538,1250000,1000000
2020-11-27 06:58:09.849000,8.85868,8.85565,1250000,1000000
2020-11-27 06:58:09.899000,8.85868,8.85538,1000000,1000000
2020-11-27 06:58:09.950000,8.85888,8.85542,1250000,1000000
2020-11-27 06:58:10.051000,8.85866,8.85536,1000000,1000000
2020-11-27 06:58:10.101000,8.8588,8.8554,1000000,1000000
2020-11-27 06:58:10.376000,8.8588,8.8554,1250000,1000000
2020-11-27 06:58:10.624000,8.8588,8.8554,1250000,1000000
2020-11-27 06:58:10.674000,8.8588,8.8554,1250000,1000000
2020-11-27 06:58:11.036000,8.85879,8.85541,1250000,1000000
2020-11-27 06:58:11.181000,8.8588,8.8554,1250000,1000000
2020-11-27 06:58:11.233000,8.85866,8.85536,1250000,1000000
2020-11-27 06:58:11.485000,8.85866,8.85536,1250000,1000000
2020-11-27 06:58:11.791000,8.85866,8.85536,1250000,1000000
2020-11-27 06:58:11.892000,8.85874,8.8556,1250000,1000000
2020-11-27 06:58:11.993000,8.85874,8.8556,1250000,1000000
2020-11-27 06:58:12.139000,8.85874,8.8556,1250000,1000000
2020-11-27 06:58:12.451000,8.85874,8.8556,1250000,1000000
2020-11-27 06:58:12.563000,8.85874,8.8556,1250000,1000000
2020-11-27 06:58:12.635000,8.85874,8.8556,1250000,1000000
2020-11-27 06:58:12.714000,8.85873,8.85561,1250000,1000000
2020-11-27 06:58:13.760000,8.85874,8.8556,1250000,1000000
2020-11-27 06:58:15.385000,8.85874,8.8556,1250000,1000000
2020-11-27 06:58:15.994000,8.85873,8.85561,1250000,1000000
2020-11-27 06:58:16.389000,8.85874,8.8556,1250000,1000000
2020-11-27 06:58:16.574000,8.85874,8.8556,1250000,1000000
2020-11-27 06:58:16.674000,8.85859,8.85552,1250000,1000000
2020-11-27 06:58:16.887000,8.8586,8.85551,1250000,1000000
2020-11-27 06:58:17.068000,8.8586,8.85551,1250000,1000000
2020-11-27 06:58:17.210000,8.85859,8.85552,1250000,1000000
2020-11-27 06:58:17.564000,8.85865,8.85558,1250000,1000000
2020-11-27 06:58:17.614000,8.85865,8.85558,1250000,1000000
2020-11-27 06:58:17.715000,8.85865,8.85558,1250000,1000000
2020-11-27 06:58:17.765000,8.85865,8.85558,1250000,1000000
2020-11-27 06:58:18.304000,8.85865,8.85558,1250000,1000000
2020-11-27 06:58:18.354000,8.85871,8.85575,1250000,1000000
2020-11-27 06:58:18.455000,8.85897,8.85591,1250000,1000000
2020-11-27 06:58:18.555000,8.85888,8.85569,1000000,1000000
2020-11-27 06:58:18.656000,8.85883,8.85569,1000000,1000000
2020-11-27 06:58:18.706000,8.85897,8.85561,1250000,1000000
2020-11-27 06:58:18.757000,8.85865,8.85531,1000000,1000000
2020-11-27 06:58:18.807000,8.85864,8.85533,1000000,1000000
2020-11-27 06:58:18.858000,8.85883,8.85543,1000000,1000000
2020-11-27 06:58:18.908000,8.85888,8.85548,1000000,1000000
2020-11-27 06:58:19.009000,8.85869,8.85544,1000000,1000000
2020-11-27 06:58:19.060000,8.85899,8.85546,1250000,1000000
2020-11-27 06:58:19.160000,8.85894,8.85539,1250000,1000000
2020-11-27 06:58:19.211000,8.85908,8.85523,1250000,1000000
2020-11-27 06:58:19.312000,8.85897,8.8553,1250000,1000000
2020-11-27 06:58:19.413000,8.85871,8.85519,1000000,1000000
2020-11-27 06:58:20.421000,8.85871,8.85519,1250000,1000000
2020-11-27 06:58:20.522000,8.85887,8.85542,1250000,1000000
2020-11-27 06:58:20.572000,8.85867,8.85535,1250000,1000000
2020-11-27 06:58:20.623000,8.85867,8.85535,1250000,1000000
2020-11-27 06:58:20.673000,8.85867,8.85535,1250000,1000000
2020-11-27 06:58:20.724000,8.85867,8.85535,1250000,1000000
2020-11-27 06:58:20.774000,8.85867,8.85535,1250000,1000000
2020-11-27 06:58:20.951000,8.85879,8.85558,1250000,1000000
2020-11-27 06:58:21.052000,8.8588,8.85557,1250000,1000000
2020-11-27 06:58:21.102000,8.8588,8.85557,1250000,1000000
2020-11-27 06:58:21.203000,8.859,8.85572,1250000,1000000
2020-11-27 06:58:21.304000,8.85935,8.85581,1250000,1000000
2020-11-27 06:58:21.354000,8.85935,8.85592,1250000,1000000
2020-11-27 06:58:21.405000,8.85904,8.85572,1250000,1000000
2020-11-27 06:58:21.455000,8.85935,8.85601,1250000,1000000
2020-11-27 06:58:21.556000,8.85935,8.85601,1250000,1000000
2020-11-27 06:58:21.606000,8.85936,8.85604,1250000,1000000
2020-11-27 06:58:21.757000,8.85936,8.85604,1250000,1000000
2020-11-27 06:58:21.808000,8.85905,8.85593,1250000,1000000
2020-11-27 06:58:21.858000,8.85932,8.85604,1250000,1000000
2020-11-27 06:58:21.975000,8.8595,8.85608,1250000,1000000
2020-11-27 06:58:22.025000,8.8595,8.85608,1250000,1000000
2020-11-27 06:58:22.076000,8.85949,8.85609,1250000,1000000
2020-11-27 06:58:22.176000,8.85934,8.85604,1250000,1000000
2020-11-27 06:58:22.397000,8.85948,8.85609,1250000,1000000
2020-11-27 06:58:22.498000,8.85951,8.8561,1250000,1000000
2020-11-27 06:58:22.549000,8.85936,8.85604,1250000,1000000
2020-11-27 06:58:22.649000,8.85962,8.85627,1250000,1000000
2020-11-27 06:58:22.750000,8.85994,8.85581,1250000,1000000
2020-11-27 06:58:22.801000,8.85993,8.85582,1250000,1000000
2020-11-27 06:58:22.901000,8.85994,8.8557,1250000,1000000
2020-11-27 06:58:22.952000,8.85938,8.85566,1250000,1000000
2020-11-27 06:58:23.002000,8.85937,8.85567,1250000,1000000
2020-11-27 06:58:23.103000,8.85983,8.85568,1250000,1000000
2020-11-27 06:58:23.153000,8.85949,8.85557,1250000,1000000
2020-11-27 06:58:23.204000,8.85949,8.85557,1250000,1000000
2020-11-27 06:58:23.254000,8.85928,8.85557,1250000,1000000
2020-11-27 06:58:23.355000,8.85949,8.85557,1250000,1000000
2020-11-27 06:58:23.465000,8.85917,8.85545,1250000,1000000
2020-11-27 06:58:23.568000,8.85916,8.85546,1250000,1000000
2020-11-27 06:58:24.182000,8.85917,8.85545,1250000,1000000
2020-11-27 06:58:24.333000,8.85917,8.85545,1250000,1000000
2020-11-27 06:58:24.434000,8.85928,8.85544,1250000,1000000
2020-11-27 06:58:24.534000,8.85937,8.85546,1250000,1000000
2020-11-27 06:58:24.786000,8.85928,8.85546,1250000,1000000
2020-11-27 06:58:25.104000,8.85928,8.85546,1250000,1000000
2020-11-27 06:58:25.412000,8.85928,8.85546,1250000,1000000
2020-11-27 06:58:25.513000,8.85928,8.85546,1250000,1000000
2020-11-27 06:58:25.664000,8.85928,8.85546,1250000,1000000
2020-11-27 06:58:25.815000,8.85922,8.85564,1250000,1000000
2020-11-27 06:58:25.966000,8.85922,8.85564,1250000,1000000
2020-11-27 06:58:26.016000,8.85911,8.85568,1250000,1000000
2020-11-27 06:58:26.251000,8.8591,8.85569,1250000,1000000
2020-11-27 06:58:26.352000,8.8591,8.85569,1250000,1000000
2020-11-27 06:58:26.453000,8.85911,8.85568,1250000,1000000
2020-11-27 06:58:26.746000,8.85911,8.85568,1250000,1000000
2020-11-27 06:58:26.847000,8.85918,8.85584,1250000,1000000
2020-11-27 06:58:27.084000,8.85918,8.85584,1250000,1000000
2020-11-27 06:58:27.345000,8.85937,8.85597,1250000,1000000
2020-11-27 06:58:27.395000,8.85937,8.85597,1250000,1000000
2020-11-27 06:58:27.446000,8.85919,8.8559,1250000,1000000
2020-11-27 06:58:27.496000,8.85919,8.8559,1250000,1000000
2020-11-27 06:58:27.665000,8.85919,8.8559,1250000,1000000
2020-11-27 06:58:27.816000,8.85946,8.8562,1250000,1000000
2020-11-27 06:58:27.866000,8.85946,8.8562,1250000,1000000
2020-11-27 06:58:27.967000,8.85939,8.85586,1250000,1000000
2020-11-27 06:58:28.072000,8.85924,8.85582,1250000,1000000
2020-11-27 06:58:28.224000,8.85938,8.85587,1250000,1000000
2020-11-27 06:58:28.364000,8.85938,8.85587,1250000,1000000
2020-11-27 06:58:28.415000,8.85926,8.85583,1250000,1000000
2020-11-27 06:58:28.467000,8.85926,8.85583,1250000,1000000
2020-11-27 06:58:28.517000,8.85971,8.85593,1250000,1000000
2020-11-27 06:58:28.568000,8.85948,8.85589,1750000,1000000
2020-11-27 06:58:28.619000,8.85966,8.85592,1250000,1000000
2020-11-27 06:58:28.820000,8.85948,8.8559,1250000,1000000
2020-11-27 06:58:28.936000,8.85932,8.85584,1250000,1000000
2020-11-27 06:58:29.038000,8.85961,8.85591,1250000,1000000
2020-11-27 06:58:29.089000,8.85941,8.85585,1250000,1000000
2020-11-27 06:58:29.139000,8.85958,8.85585,1250000,1000000
2020-11-27 06:58:29.190000,8.85941,8.85581,1250000,1000000
2020-11-27 06:58:29.292000,8.85938,8.85585,1250000,1000000
2020-11-27 06:58:29.342000,8.85944,8.85583,1250000,1000000
2020-11-27 06:58:29.393000,8.85945,8.85582,1250000,1000000
2020-11-27 06:58:29.545000,8.85945,8.85582,1250000,1000000
2020-11-27 06:58:29.696000,8.85945,8.85582,1250000,1000000
2020-11-27 06:58:29.797000,8.85937,8.85583,1250000,1000000
2020-11-27 06:58:29.848000,8.85924,8.85567,1250000,1000000
2020-11-27 06:58:29.898000,8.85938,8.85572,1250000,1000000
2020-11-27 06:58:29.948000,8.85919,8.85565,1250000,1000000
2020-11-27 06:58:29.999000,8.85928,8.85572,1250000,1000000
2020-11-27 06:58:30.050000,8.85928,8.85572,1250000,1000000
2020-11-27 06:58:30.150000,8.85939,8.85572,1250000,1000000
2020-11-27 06:58:30.201000,8.85922,8.85566,1250000,1000000
2020-11-27 06:58:30.251000,8.85922,8.85566,1250000,1000000
2020-11-27 06:58:30.352000,8.85914,8.85573,1250000,1000000
2020-11-27 06:58:30.453000,8.85945,8.85579,1250000,1000000
2020-11-27 06:58:30.553000,8.85937,8.85579,1250000,1000000
2020-11-27 06:58:30.654000,8.85939,8.85577,1250000,1000000
2020-11-27 06:58:30.799000,8.85938,8.85578,1250000,1000000
2020-11-27 06:58:30.900000,8.85939,8.85577,1250000,1000000
2020-11-27 06:58:31,8.85922,8.85572,1250000,1000000
2020-11-27 06:58:31.101000,8.85947,8.85578,1250000,1000000
2020-11-27 06:58:31.202000,8.85947,8.85584,1250000,1000000
2020-11-27 06:58:31.302000,8.8596,8.8558,1250000,1000000
2020-11-27 06:58:31.353000,8.85974,8.85597,1250000,1000000
2020-11-27 06:58:31.403000,8.85974,8.85597,1250000,1000000
2020-11-27 06:58:31.504000,8.85974,8.85597,1250000,1000000
2020-11-27 06:58:31.554000,8.85974,8.85597,1250000,1000000
2020-11-27 06:58:31.605000,8.85974,8.85597,1250000,1000000
2020-11-27 06:58:31.706000,8.85968,8.85602,1250000,1000000
2020-11-27 06:58:31.967000,8.85964,8.85627,1250000,1000000
2020-11-27 06:58:32.135000,8.85958,8.85619,1250000,1000000
2020-11-27 06:58:32.236000,8.85964,8.85628,1250000,1000000
2020-11-27 06:58:32.287000,8.85963,8.85622,1250000,1000000
2020-11-27 06:58:32.338000,8.85974,8.85625,1250000,1000000
2020-11-27 06:58:32.388000,8.85974,8.85617,1250000,1000000
2020-11-27 06:58:32.439000,8.85974,8.85619,1250000,1000000
2020-11-27 06:58:32.540000,8.85974,8.85628,1250000,1000000
2020-11-27 06:58:32.590000,8.85974,8.85628,1250000,1000000
2020-11-27 06:58:32.641000,8.85974,8.85617,1250000,1000000
2020-11-27 06:58:32.692000,8.85958,8.8561,1250000,1000000
2020-11-27 06:58:32.742000,8.85957,8.85616,1250000,1000000
2020-11-27 06:58:32.843000,8.8596,8.85595,1250000,1000000
2020-11-27 06:58:32.894000,8.85933,8.85587,1250000,1000000
2020-11-27 06:58:32.995000,8.85934,8.85586,1250000,1000000
2020-11-27 06:58:33.146000,8.85934,8.85586,1250000,1000000
2020-11-27 06:58:33.247000,8.85949,8.85595,1250000,1000000
2020-11-27 06:58:33.356000,8.85949,8.85595,1250000,1000000
2020-11-27 06:58:33.457000,8.85948,8.85595,1250000,1000000
2020-11-27 06:58:33.558000,8.85922,8.85586,1250000,1000000
2020-11-27 06:58:33.702000,8.85922,8.85586,1250000,1000000
2020-11-27 06:58:33.949000,8.85922,8.85586,1250000,1000000
2020-11-27 06:58:34.051000,8.85922,8.85586,1250000,1000000
2020-11-27 06:58:35.949000,8.85922,8.85586,1250000,1000000
2020-11-27 06:58:36.100000,8.85922,8.85586,1250000,1000000
2020-11-27 06:58:36.410000,8.85922,8.85586,1250000,1000000
2020-11-27 06:58:36.552000,8.85953,8.85611,1250000,1000000
2020-11-27 06:58:36.603000,8.85964,8.85607,1250000,1000000
2020-11-27 06:58:36.704000,8.85964,8.85607,1250000,1000000
2020-11-27 06:58:36.805000,8.85957,8.85597,1250000,1000000
2020-11-27 06:58:36.855000,8.85964,8.856,1250000,1000000
2020-11-27 06:58:36.956000,8.85964,8.856,1250000,1000000
2020-11-27 06:58:37.007000,8.85948,8.85597,1250000,1000000
2020-11-27 06:58:37.133000,8.85937,8.85592,1250000,1000000
2020-11-27 06:58:37.234000,8.85937,8.85592,1250000,1000000
2020-11-27 06:58:37.335000,8.85938,8.85591,1250000,1000000
2020-11-27 06:58:37.697000,8.85938,8.85591,1250000,1000000
2020-11-27 06:58:37.951000,8.85937,8.85592,1250000,1000000
2020-11-27 06:58:38.001000,8.85938,8.85584,1250000,1000000
2020-11-27 06:58:38.052000,8.85926,8.8557,1250000,1000000
2020-11-27 06:58:38.154000,8.85926,8.8557,1250000,1000000
2020-11-27 06:58:38.255000,8.85926,8.85581,1250000,1000000
2020-11-27 06:58:38.356000,8.85927,8.8558,1250000,1000000
2020-11-27 06:58:38.691000,8.85927,8.8558,1250000,1000000
2020-11-27 06:58:38.792000,8.85927,8.8558,1250000,1000000
2020-11-27 06:58:38.967000,8.85927,8.8558,1250000,1000000
2020-11-27 06:58:39.141000,8.85927,8.8558,1250000,1000000
2020-11-27 06:58:39.545000,8.85927,8.8558,1250000,1000000
2020-11-27 06:58:39.646000,8.85958,8.85578,1250000,1000000
2020-11-27 06:58:39.747000,8.85977,8.8559,1250000,1000000
2020-11-27 06:58:39.847000,8.85943,8.85571,1250000,1000000
2020-11-27 06:58:39.898000,8.85926,8.85569,1250000,1000000
2020-11-27 06:58:39.998000,8.85938,8.85561,1750000,1000000
2020-11-27 06:58:40.049000,8.85904,8.8555,1250000,1000000
2020-11-27 06:58:40.099000,8.85904,8.8555,1250000,1000000
2020-11-27 06:58:40.351000,8.85904,8.8555,1250000,1000000
2020-11-27 06:58:40.479000,8.85904,8.8555,1250000,1000000
2020-11-27 06:58:40.622000,8.85919,8.85565,1250000,1000000
2020-11-27 06:58:40.723000,8.85935,8.85568,1250000,1000000
2020-11-27 06:58:40.824000,8.85935,8.85568,1250000,1000000
2020-11-27 06:58:40.945000,8.85934,8.85569,1250000,1000000
2020-11-27 06:58:40.996000,8.85934,8.85569,1250000,1000000
2020-11-27 06:58:41.118000,8.85935,8.85568,1250000,1000000
2020-11-27 06:58:41.262000,8.85934,8.85569,1250000,1000000
2020-11-27 06:58:41.313000,8.85917,8.85563,1250000,1000000
2020-11-27 06:58:41.413000,8.8592,8.85566,1250000,1000000
2020-11-27 06:58:41.514000,8.85921,8.85565,1250000,1000000
2020-11-27 06:58:41.565000,8.85921,8.85565,1250000,1000000
2020-11-27 06:58:41.999000,8.85921,8.85565,1250000,1000000
2020-11-27 06:58:42.050000,8.85921,8.85565,1250000,1000000
2020-11-27 06:58:42.199000,8.85921,8.85565,1250000,1000000
2020-11-27 06:58:42.368000,8.85921,8.85565,1250000,1000000
2020-11-27 06:58:42.519000,8.85921,8.85565,1250000,1000000
2020-11-27 06:58:42.693000,8.8591,8.85581,1250000,1000000
2020-11-27 06:58:42.744000,8.8591,8.85581,1250000,1000000
2020-11-27 06:58:42.794000,8.8591,8.85581,1250000,1000000
2020-11-27 06:58:42.845000,8.8591,8.85581,1250000,1000000
2020-11-27 06:58:42.895000,8.8591,8.85581,1250000,1000000
2020-11-27 06:58:42.946000,8.85928,8.85574,1250000,1000000
2020-11-27 06:58:43.046000,8.85948,8.8558,1250000,1000000
2020-11-27 06:58:43.189000,8.85948,8.8558,1250000,1000000
2020-11-27 06:58:43.308000,8.85948,8.8559,1250000,1000000
2020-11-27 06:58:43.359000,8.85948,8.8558,1250000,1000000
2020-11-27 06:58:43.495000,8.85972,8.8558,1250000,1000000
2020-11-27 06:58:43.595000,8.85951,8.85575,1250000,1000000
2020-11-27 06:58:43.646000,8.85951,8.85575,1250000,1000000
2020-11-27 06:58:43.755000,8.85951,8.85575,1250000,1000000
2020-11-27 06:58:43.805000,8.85951,8.85575,1250000,1000000
2020-11-27 06:58:43.956000,8.85951,8.85575,1250000,1000000
2020-11-27 06:58:44.057000,8.85938,8.85575,1250000,1000000
2020-11-27 06:58:44.108000,8.85938,8.85575,1250000,1000000
2020-11-27 06:58:44.158000,8.8593,8.85569,1250000,1000000
2020-11-27 06:58:44.775000,8.8593,8.85569,1250000,1000000
2020-11-27 06:58:44.825000,8.85927,8.85584,1250000,1000000
2020-11-27 06:58:44.926000,8.85926,8.85585,1250000,1000000
2020-11-27 06:58:45.027000,8.8597,8.85592,1250000,1000000
2020-11-27 06:58:45.077000,8.85958,8.85578,1250000,1000000
2020-11-27 06:58:45.178000,8.85959,8.85577,1250000,1000000
2020-11-27 06:58:45.278000,8.85959,8.85577,1250000,1000000
2020-11-27 06:58:45.428000,8.85948,8.85577,1250000,1000000
2020-11-27 06:58:45.537000,8.85947,8.85575,1250000,1000000
2020-11-27 06:58:45.702000,8.85939,8.85572,1250000,1000000
2020-11-27 06:58:45.752000,8.85948,8.85576,1250000,1000000
2020-11-27 06:58:45.853000,8.86004,8.85587,1250000,1000000
2020-11-27 06:58:45.903000,8.85986,8.85584,1250000,1000000
2020-11-27 06:58:45.954000,8.85938,8.85578,1250000,1000000
2020-11-27 06:58:46.054000,8.85938,8.85555,1250000,1000000
2020-11-27 06:58:46.155000,8.85922,8.85549,1250000,1000000
2020-11-27 06:58:46.205000,8.85922,8.85549,1250000,1000000
2020-11-27 06:58:46.487000,8.85923,8.85548,1250000,1000000
2020-11-27 06:58:46.639000,8.85923,8.85548,1250000,1000000
2020-11-27 06:58:46.943000,8.85923,8.85548,1250000,1000000
2020-11-27 06:58:47.043000,8.85923,8.85548,1250000,1000000
2020-11-27 06:58:47.268000,8.85923,8.85548,1250000,1000000
2020-11-27 06:58:47.319000,8.85923,8.85548,1250000,1000000
2020-11-27 06:58:47.785000,8.85923,8.85548,1250000,1000000
2020-11-27 06:58:47.836000,8.85923,8.85548,1250000,1000000
2020-11-27 06:58:47.973000,8.85923,8.85548,1250000,1000000
2020-11-27 06:58:48.309000,8.85923,8.85548,1250000,1000000
2020-11-27 06:58:48.608000,8.85923,8.85548,1250000,1000000
2020-11-27 06:58:48.709000,8.85916,8.85564,1250000,1000000
2020-11-27 06:58:48.759000,8.85916,8.85564,1250000,1000000
2020-11-27 06:58:48.861000,8.85916,8.85564,1250000,1000000
2020-11-27 06:58:49.019000,8.85915,8.85565,1250000,1000000
2020-11-27 06:58:49.198000,8.85916,8.85564,1250000,1000000
2020-11-27 06:58:49.737000,8.85916,8.85564,1250000,1000000
2020-11-27 06:58:49.838000,8.85913,8.85588,1250000,1000000
2020-11-27 06:58:49.888000,8.85913,8.85588,1250000,1000000
2020-11-27 06:58:49.989000,8.85913,8.85588,1250000,1000000
2020-11-27 06:58:50.090000,8.85935,8.85601,1250000,1000000
2020-11-27 06:58:50.190000,8.85964,8.8561,1250000,1000000
2020-11-27 06:58:50.291000,8.85957,8.85611,1250000,1000000
2020-11-27 06:58:50.392000,8.85937,8.85601,1250000,1000000
2020-11-27 06:58:50.443000,8.85936,8.85602,1250000,1000000
2020-11-27 06:58:50.757000,8.85937,8.85601,1250000,1000000
2020-11-27 06:58:51.028000,8.85937,8.85601,1250000,1000000
2020-11-27 06:58:51.559000,8.85937,8.85601,1250000,1000000
2020-11-27 06:58:51.610000,8.85936,8.85602,1250000,1000000
2020-11-27 06:58:52.353000,8.85937,8.85601,1250000,1000000
2020-11-27 06:58:52.665000,8.85936,8.85602,1250000,1000000
2020-11-27 06:58:53.653000,8.85925,8.85599,1250000,1000000
2020-11-27 06:58:53.754000,8.85925,8.85599,1250000,1000000
2020-11-27 06:58:53.906000,8.85925,8.85599,1250000,1000000
2020-11-27 06:58:54.057000,8.85942,8.85604,1250000,1000000
2020-11-27 06:58:54.107000,8.85942,8.85604,1250000,1000000
2020-11-27 06:58:54.208000,8.8594,8.85604,1250000,1000000
2020-11-27 06:58:54.359000,8.85945,8.85604,1250000,1000000
2020-11-27 06:58:54.510000,8.85944,8.85605,1250000,1000000
2020-11-27 06:58:55.191000,8.85945,8.85604,1250000,1000000
2020-11-27 06:58:55.342000,8.8593,8.856,1250000,1000000
2020-11-27 06:58:56.385000,8.8593,8.856,1250000,1000000
2020-11-27 06:58:56.934000,8.8593,8.856,1250000,1000000
2020-11-27 06:58:57.130000,8.85948,8.85607,1250000,1000000
2020-11-27 06:58:57.180000,8.85962,8.85611,1250000,1000000
2020-11-27 06:58:57.230000,8.85962,8.85611,1250000,1000000
2020-11-27 06:58:57.331000,8.85951,8.85609,1250000,1000000
2020-11-27 06:58:57.432000,8.85937,8.85604,1250000,1000000
2020-11-27 06:58:57.532000,8.85918,8.85596,1250000,1000000
2020-11-27 06:58:57.583000,8.85913,8.85576,1250000,1000000
2020-11-27 06:58:57.684000,8.8591,8.85571,1250000,1000000
2020-11-27 06:58:57.734000,8.85892,8.85568,1000000,1000000
2020-11-27 06:58:57.885000,8.8588,8.85562,1000000,1000000
2020-11-27 06:58:59.354000,8.85892,8.85572,1250000,1000000
2020-11-27 06:58:59.455000,8.85892,8.85572,1250000,1000000
2020-11-27 06:58:59.607000,8.85875,8.85561,1000000,1000000
2020-11-27 06:59:01.054000,8.85888,8.85557,1000000,1000000
2020-11-27 06:59:01.105000,8.8588,8.85554,1000000,1000000
2020-11-27 06:59:01.205000,8.85892,8.85557,1000000,1000000
2020-11-27 06:59:01.256000,8.85878,8.8555,1000000,1000000
2020-11-27 06:59:01.457000,8.85947,8.85577,1250000,1000000
2020-11-27 06:59:01.507000,8.8598,8.85576,1250000,1000000
2020-11-27 06:59:01.558000,8.85897,8.85559,1000000,1000000
2020-11-27 06:59:01.892000,8.85898,8.85558,1250000,1000000
2020-11-27 06:59:02.212000,8.85898,8.85558,1250000,1000000
2020-11-27 06:59:02.313000,8.85865,8.85547,1000000,1000000
2020-11-27 06:59:02.464000,8.85845,8.85555,1000000,1000000
2020-11-27 06:59:02.997000,8.85938,8.85581,1250000,1000000
2020-11-27 06:59:03.097000,8.86048,8.85559,1000000,1000000
2020-11-27 06:59:03.148000,8.86048,8.85579,1000000,1000000
2020-11-27 06:59:03.199000,8.86048,8.8557,1000000,1000000
2020-11-27 06:59:03.249000,8.86047,8.85574,1000000,1000000
2020-11-27 06:59:03.350000,8.86048,8.85574,1250000,1000000
2020-11-27 06:59:03.400000,8.86088,8.85567,1000000,1000000
2020-11-27 06:59:03.451000,8.86087,8.85586,1000000,1000000
2020-11-27 06:59:03.501000,8.86101,8.85586,1250000,1000000
2020-11-27 06:59:03.552000,8.86101,8.85588,1250000,1000000
2020-11-27 06:59:03.652000,8.86124,8.85595,1000000,1000000
2020-11-27 06:59:03.703000,8.86114,8.85603,1250000,1000000
2020-11-27 06:59:03.804000,8.8612,8.85607,1000000,1000000
2020-11-27 06:59:03.855000,8.86115,8.85595,1000000,1000000
2020-11-27 06:59:03.906000,8.86106,8.85594,1250000,1000000
2020-11-27 06:59:04.007000,8.86115,8.85595,1000000,1000000
2020-11-27 06:59:04.108000,8.86125,8.85604,1250000,1000000
2020-11-27 06:59:04.159000,8.86129,8.85604,1000000,1000000
2020-11-27 06:59:04.209000,8.86127,8.85604,1250000,1000000
2020-11-27 06:59:04.311000,8.86115,8.85588,1250000,1000000
2020-11-27 06:59:04.412000,8.86112,8.85582,1250000,1000000
2020-11-27 06:59:04.563000,8.86109,8.85573,1000000,1000000
2020-11-27 06:59:05.848000,8.86109,8.85572,1250000,1000000
2020-11-27 06:59:06.316000,8.86107,8.85573,1000000,1000000
2020-11-27 06:59:06.518000,8.86108,8.85592,1000000,1000000
2020-11-27 06:59:06.741000,8.86097,8.85593,1000000,1000000
2020-11-27 06:59:06.842000,8.86108,8.85592,1000000,1000000
2020-11-27 06:59:07.384000,8.86111,8.85592,1000000,1000000
2020-11-27 06:59:08.295000,8.86173,8.85797,1000000,1000000
2020-11-27 06:59:08.346000,8.86199,8.85815,1000000,1000000
2020-11-27 06:59:08.397000,8.8626,8.85837,1250000,1000000
2020-11-27 06:59:08.447000,8.8628,8.85911,1250000,1000000
2020-11-27 06:59:08.498000,8.86298,8.85659,1000000,1000000
2020-11-27 06:59:08.549000,8.863,8.85712,1000000,1000000
2020-11-27 06:59:08.600000,8.86283,8.8565,1000000,1000000
2020-11-27 06:59:08.651000,8.86272,8.85609,1000000,1000000
2020-11-27 06:59:08.702000,8.86229,8.85612,1000000,1000000
2020-11-27 06:59:08.752000,8.8622,8.85592,1250000,1000000
2020-11-27 06:59:08.803000,8.86225,8.85581,1000000,1000000
2020-11-27 06:59:08.853000,8.8619,8.85573,1000000,1000000
2020-11-27 06:59:08.954000,8.86163,8.85568,1000000,1000000
2020-11-27 06:59:09.055000,8.86128,8.85551,1000000,1000000
2020-11-27 06:59:09.310000,8.86105,8.85556,1000000,1000000
2020-11-27 06:59:09.612000,8.86162,8.85582,1000000,1000000
2020-11-27 06:59:09.663000,8.86202,8.85597,1000000,1000000
2020-11-27 06:59:09.713000,8.86139,8.85591,1000000,1000000
2020-11-27 06:59:09.764000,8.86167,8.85594,1000000,1000000
2020-11-27 06:59:10.089000,8.85622,8.85371,1000000,1000000
2020-11-27 06:59:10.139000,8.85918,8.85519,1000000,1000000
2020-11-27 06:59:10.190000,8.8577,8.85473,1000000,1000000
2020-11-27 06:59:10.240000,8.85914,8.85524,1000000,1000000
2020-11-27 06:59:10.291000,8.86144,8.85591,1000000,1000000
2020-11-27 06:59:10.342000,8.86139,8.85595,1000000,1000000
2020-11-27 06:59:10.457000,8.86106,8.85598,1000000,1000000
2020-11-27 06:59:10.855000,8.86082,8.85597,1000000,1000000
2020-11-27 06:59:11.333000,8.86082,8.85597,1250000,1000000
2020-11-27 06:59:11.441000,8.86106,8.85598,1000000,1000000
2020-11-27 06:59:11.492000,8.86125,8.85615,1000000,1000000
2020-11-27 06:59:11.643000,8.86143,8.85615,1250000,1000000
2020-11-27 06:59:11.793000,8.86142,8.85616,1000000,1000000
2020-11-27 06:59:11.894000,8.86116,8.85623,1000000,1000000
2020-11-27 06:59:11.995000,8.8617,8.85641,1000000,1000000
2020-11-27 06:59:12.095000,8.86211,8.85654,1000000,1000000
2020-11-27 06:59:12.246000,8.86211,8.85641,1000000,1000000
2020-11-27 06:59:12.297000,8.86211,8.85635,1000000,1000000
2020-11-27 06:59:12.347000,8.86192,8.85635,1000000,1000000
2020-11-27 06:59:12.397000,8.86192,8.85625,1000000,1000000
2020-11-27 06:59:12.545000,8.86188,8.85626,1000000,1000000
2020-11-27 06:59:12.646000,8.86164,8.85603,1000000,1000000
2020-11-27 06:59:12.772000,8.86163,8.85604,1250000,1000000
2020-11-27 06:59:13.344000,8.86117,8.85585,1000000,1000000
2020-11-27 06:59:13.704000,8.86095,8.85578,1000000,1000000
2020-11-27 06:59:15.501000,8.86075,8.85578,1000000,1000000
2020-11-27 06:59:15.803000,8.86054,8.85578,1000000,1000000
2020-11-27 06:59:15.904000,8.86051,8.85578,1000000,1000000
2020-11-27 06:59:16.550000,8.86083,8.85578,1000000,1000000
2020-11-27 06:59:16.601000,8.86095,8.85578,1000000,1000000
2020-11-27 06:59:22.861000,8.86136,8.85605,1000000,1000000
2020-11-27 06:59:25.866000,8.86171,8.85617,1000000,1000000
2020-11-27 06:59:31.323000,8.8614,8.85606,1000000,1000000
2020-11-27 06:59:31.374000,8.86172,8.85613,1000000,1000000
2020-11-27 06:59:31.425000,8.86148,8.85606,1000000,1000000
2020-11-27 06:59:33.684000,8.86142,8.85606,1000000,1000000
2020-11-27 06:59:33.734000,8.86148,8.85606,1500000,1000000
2020-11-27 06:59:33.849000,8.86143,8.85606,1000000,1000000
2020-11-27 06:59:33.951000,8.86116,8.85597,1000000,1000000
2020-11-27 06:59:39.344000,8.86149,8.85608,1000000,1000000
2020-11-27 06:59:48.252000,8.86181,8.85615,1000000,1000000
2020-11-27 07:00:00.067000,8.86167,8.85616,1000000,1000000
2020-11-27 07:00:00.168000,8.86138,8.85615,1000000,1000000
2020-11-27 07:00:00.218000,8.8618,8.85616,1250000,1000000
2020-11-27 07:00:00.520000,8.86181,8.85615,1000000,1000000
2020-11-27 07:00:01.893000,8.86178,8.85615,1000000,1000000
2020-11-27 07:00:01.944000,8.86181,8.85615,1000000,1000000
2020-11-27 07:00:02.250000,8.86177,8.85616,1000000,1000000
2020-11-27 07:00:02.783000,8.8618,8.85616,1250000,1000000
2020-11-27 07:00:03.171000,8.86178,8.85615,1250000,1000000
2020-11-27 07:00:03.523000,8.86181,8.85615,1250000,1000000
2020-11-27 07:00:05.945000,8.86181,8.85615,1250000,1000000
2020-11-27 07:00:05.996000,8.86167,8.85649,1000000,1000000
2020-11-27 07:00:06.197000,8.86158,8.85649,1000000,1000000
2020-11-27 07:00:06.298000,8.86166,8.8565,1000000,1000000
2020-11-27 07:00:06.398000,8.86158,8.85649,1000000,1000000
2020-11-27 07:00:06.786000,8.86158,8.85649,1250000,1000000
2020-11-27 07:00:10.787000,8.86109,8.85649,1000000,1000000
2020-11-27 07:00:12.767000,8.86098,8.8563,1000000,1000000
2020-11-27 07:00:13.096000,8.86088,8.8563,1000000,1000000
2020-11-27 07:00:13.426000,8.86078,8.8563,1000000,1000000
2020-11-27 07:00:13.527000,8.86068,8.8563,1000000,1000000
2020-11-27 07:00:13.578000,8.86087,8.85631,1000000,1000000
2020-11-27 07:00:13.628000,8.86068,8.8563,1000000,1000000
2020-11-27 07:00:13.729000,8.86058,8.8563,1000000,1000000
2020-11-27 07:00:13.873000,8.86068,8.8563,1000000,1000000
2020-11-27 07:00:14.021000,8.86058,8.8563,1000000,1000000
2020-11-27 07:00:14.071000,8.86048,8.856,1000000,1000000
2020-11-27 07:00:14.570000,8.86058,8.856,1000000,1000000
2020-11-27 07:00:14.671000,8.86068,8.856,1000000,1000000
2020-11-27 07:00:14.771000,8.8605,8.85568,1000000,1000000
2020-11-27 07:00:20.122000,8.86048,8.85567,1000000,1000000
2020-11-27 07:00:20.626000,8.86051,8.85567,1000000,1000000
2020-11-27 07:00:25.142000,8.86047,8.85567,1000000,1000000
2020-11-27 07:00:25.343000,8.86051,8.85567,1000000,1000000
2020-11-27 07:00:27.136000,8.86029,8.85553,1000000,1000000
2020-11-27 07:00:30.092000,8.85964,8.85535,1000000,1000000
2020-11-27 07:00:30.841000,8.85927,8.85514,1000000,1000000
2020-11-27 07:00:31.298000,8.85973,8.85519,1000000,1000000
2020-11-27 07:00:32.546000,8.85943,8.8549,1000000,1000000
2020-11-27 07:00:39.220000,8.85928,8.85489,1000000,1000000
2020-11-27 07:00:40.969000,8.85938,8.85489,1000000,1000000
2020-11-27 07:00:41.048000,8.85927,8.8549,1000000,1000000
2020-11-27 07:00:41.149000,8.85928,8.85472,1000000,1000000
2020-11-27 07:00:41.366000,8.85908,8.85472,1000000,1000000
2020-11-27 07:00:41.568000,8.85908,8.85458,1000000,1000000
2020-11-27 07:00:41.618000,8.85898,8.85458,1000000,1000000
2020-11-27 07:00:41.669000,8.85908,8.85458,1000000,1000000
2020-11-27 07:00:41.770000,8.85913,8.85458,1000000,1000000
2020-11-27 07:00:45.601000,8.85888,8.85458,1000000,1000000
2020-11-27 07:00:46.299000,8.85878,8.85458,1000000,1000000
2020-11-27 07:00:46.576000,8.85888,8.85458,1000000,1000000
2020-11-27 07:00:47.074000,8.85878,8.85458,1000000,1000000
2020-11-27 07:00:47.175000,8.85848,8.85458,1000000,1000000
2020-11-27 07:00:47.415000,8.85838,8.85429,1000000,1000000
2020-11-27 07:00:47.624000,8.85858,8.85429,1000000,1000000
2020-11-27 07:00:48.110000,8.85847,8.8543,1000000,1000000
2020-11-27 07:00:48.436000,8.85858,8.85429,1000000,1000000
2020-11-27 07:00:48.926000,8.85868,8.85429,1000000,1000000
2020-11-27 07:00:48.976000,8.85858,8.85429,1000000,1000000
2020-11-27 07:00:49.733000,8.85868,8.85429,1000000,1000000
2020-11-27 07:00:49.930000,8.85878,8.85451,1000000,1000000
2020-11-27 07:00:50.031000,8.85868,8.85451,1000000,1000000
2020-11-27 07:00:50.989000,8.85878,8.85451,1000000,1000000
2020-11-27 07:00:51.040000,8.85888,8.85451,1000000,1000000
2020-11-27 07:00:51.516000,8.85868,8.85451,1000000,1000000
2020-11-27 07:00:51.976000,8.85878,8.85451,1000000,1000000
2020-11-27 07:00:52.753000,8.85907,8.85452,1000000,1000000
2020-11-27 07:00:53,8.85898,8.85451,1000000,1000000
2020-11-27 07:00:53.150000,8.85888,8.85451,1000000,1000000
2020-11-27 07:00:53.692000,8.85898,8.85451,1000000,1000000
2020-11-27 07:00:54.241000,8.85908,8.85451,1000000,1000000
2020-11-27 07:00:54.341000,8.8589,8.85456,1000000,1000000
2020-11-27 07:00:54.392000,8.85894,8.85454,1000000,1000000
2020-11-27 07:00:58.898000,8.85861,8.85449,1000000,1000000
2020-11-27 07:01:01.008000,8.85836,8.85433,1000000,1000000
2020-11-27 07:01:01.338000,8.85823,8.85421,1000000,1000000
2020-11-27 07:01:03.268000,8.85802,8.85394,1000000,1000000
2020-11-27 07:01:04.343000,8.85818,8.85415,1000000,1000000
2020-11-27 07:01:09.297000,8.85745,8.8536,1000000,1000000
2020-11-27 07:01:10.441000,8.85745,8.85362,1000000,1000000
2020-11-27 07:01:10.542000,8.85713,8.85372,1000000,1000000
2020-11-27 07:01:11.362000,8.85713,8.85362,1000000,1000000
2020-11-27 07:01:12.072000,8.8571,8.85381,1000000,1000000
2020-11-27 07:01:28.670000,8.85697,8.85367,1000000,1000000
2020-11-27 07:01:28.771000,8.85674,8.85344,1000000,1000000
2020-11-27 07:01:40.302000,8.85659,8.85329,1000000,1000000
2020-11-27 07:01:40.403000,8.85644,8.85314,1000000,1000000
2020-11-27 07:01:40.453000,8.85641,8.85293,1000000,1000000
2020-11-27 07:01:42.679000,8.85655,8.85309,1000000,1000000
2020-11-27 07:01:45.053000,8.85655,8.85313,1000000,1000000
2020-11-27 07:01:45.154000,8.85656,8.85332,1000000,1000000
2020-11-27 07:01:45.242000,8.85656,8.85308,1000000,1000000
2020-11-27 07:01:45.293000,8.85656,8.85312,1000000,1000000
2020-11-27 07:01:45.573000,8.85655,8.85333,1000000,1000000
2020-11-27 07:01:45.623000,8.85655,8.85323,1000000,1000000
2020-11-27 07:01:46.509000,8.85648,8.85312,1000000,1000000
2020-11-27 07:01:48.106000,8.85656,8.85322,1000000,1000000
2020-11-27 07:01:48.496000,8.85647,8.85313,1000000,1000000
2020-11-27 07:01:48.566000,8.85655,8.85323,1000000,1000000
2020-11-27 07:01:48.688000,8.85638,8.85308,1000000,1000000
2020-11-27 07:01:48.791000,8.85656,8.85322,1000000,1000000
2020-11-27 07:01:49.380000,8.85647,8.85313,1000000,1000000
2020-11-27 07:01:49.481000,8.85656,8.85322,1000000,1000000
2020-11-27 07:01:49.671000,8.85648,8.85312,1000000,1000000
2020-11-27 07:01:49.812000,8.85656,8.85322,1000000,1000000
2020-11-27 07:01:50.537000,8.85648,8.85312,1000000,1000000
2020-11-27 07:01:50.588000,8.85637,8.85309,1000000,1000000
2020-11-27 07:01:51.111000,8.85648,8.85312,1000000,1000000
2020-11-27 07:01:56.004000,8.85638,8.85308,1000000,1000000
2020-11-27 07:01:56.188000,8.85648,8.85312,1000000,1000000
2020-11-27 07:01:56.553000,8.85656,8.85322,1000000,1000000
2020-11-27 07:01:56.661000,8.85655,8.85333,1000000,1000000
2020-11-27 07:01:56.862000,8.85656,8.85342,1000000,1000000
2020-11-27 07:01:56.927000,8.85656,8.85322,1000000,1000000
2020-11-27 07:01:56.977000,8.85656,8.85332,1000000,1000000
2020-11-27 07:01:57.481000,8.85656,8.85322,1000000,1000000
2020-11-27 07:01:57.680000,8.85656,8.85332,1000000,1000000
2020-11-27 07:01:57.730000,8.85656,8.85322,1000000,1000000
2020-11-27 07:02:00.602000,8.85656,8.85332,1000000,1000000
2020-11-27 07:02:01.277000,8.85656,8.85342,1000000,1000000
2020-11-27 07:02:01.794000,8.85655,8.85353,1000000,1000000
2020-11-27 07:02:01.904000,8.85648,8.85372,1000000,1000000
2020-11-27 07:02:02.739000,8.85714,8.85387,1000000,1000000
2020-11-27 07:02:02.990000,8.85728,8.8541,1000000,1000000
2020-11-27 07:02:03.091000,8.85749,8.85416,1000000,1000000
2020-11-27 07:02:03.142000,8.85772,8.85434,1000000,1000000
2020-11-27 07:02:03.242000,8.85805,8.85412,1000000,1000000
2020-11-27 07:02:03.293000,8.85805,8.85402,1000000,1000000
2020-11-27 07:02:03.393000,8.85773,8.85413,1000000,1000000
2020-11-27 07:02:03.444000,8.85776,8.85392,1000000,1000000
2020-11-27 07:02:03.494000,8.85776,8.85402,1000000,1000000
2020-11-27 07:02:03.545000,8.85762,8.85372,1000000,1000000
2020-11-27 07:02:03.646000,8.85746,8.85373,1000000,1000000
2020-11-27 07:02:03.797000,8.85713,8.85352,1000000,1000000
2020-11-27 07:02:03.847000,8.85713,8.85342,1000000,1000000
2020-11-27 07:02:04.157000,8.85713,8.85352,1000000,1000000
2020-11-27 07:02:04.258000,8.85713,8.85342,1000000,1000000
2020-11-27 07:02:04.308000,8.85719,8.85352,1000000,1000000
2020-11-27 07:02:04.416000,8.85719,8.85342,1000000,1000000
2020-11-27 07:02:04.518000,8.85719,8.85352,1000000,1000000
2020-11-27 07:02:05.566000,8.85719,8.85362,1000000,1000000
2020-11-27 07:02:05.743000,8.85732,8.85367,1000000,1000000
2020-11-27 07:02:05.844000,8.85732,8.85372,1000000,1000000
2020-11-27 07:02:06.146000,8.85732,8.85367,1000000,1000000
2020-11-27 07:02:06.556000,8.85731,8.85373,1000000,1000000
2020-11-27 07:02:06.762000,8.85732,8.85367,1000000,1000000
2020-11-27 07:02:06.909000,8.85732,8.85372,1000000,1000000
2020-11-27 07:02:06.959000,8.85731,8.85368,1000000,1000000
2020-11-27 07:02:07.155000,8.85732,8.85372,1000000,1000000
2020-11-27 07:02:07.205000,8.85732,8.85367,1000000,1000000
2020-11-27 07:02:07.256000,8.85732,8.85372,1000000,1000000
2020-11-27 07:02:07.307000,8.85732,8.85367,1000000,1000000
2020-11-27 07:02:07.409000,8.85732,8.85382,1000000,1000000
2020-11-27 07:02:07.873000,8.85732,8.85372,1000000,1000000
2020-11-27 07:02:07.973000,8.85732,8.85382,1000000,1000000
2020-11-27 07:02:09.728000,8.85732,8.85367,1000000,1000000
2020-11-27 07:02:09.828000,8.85729,8.85362,1000000,1000000
2020-11-27 07:02:09.879000,8.85729,8.85352,1000000,1000000
2020-11-27 07:02:09.980000,8.85724,8.85353,1000000,1000000
2020-11-27 07:02:10.466000,8.85725,8.85362,1000000,1000000
2020-11-27 07:02:12.628000,8.85725,8.85372,1000000,1000000
2020-11-27 07:02:12.729000,8.85716,8.85372,1000000,1000000
2020-11-27 07:02:13.167000,8.85715,8.85383,1000000,1000000
2020-11-27 07:02:13.218000,8.85742,8.85386,1000000,1000000
2020-11-27 07:02:13.319000,8.85741,8.85382,1000000,1000000
2020-11-27 07:02:13.419000,8.85712,8.85383,1000000,1500000
2020-11-27 07:02:18.713000,8.85713,8.85402,1000000,1000000
2020-11-27 07:02:18.874000,8.85712,8.85413,1000000,1000000
2020-11-27 07:02:19.252000,8.85713,8.85422,1000000,1000000
2020-11-27 07:02:19.353000,8.85713,8.85402,1000000,1000000
2020-11-27 07:02:20.175000,8.85713,8.85412,1000000,1000000
2020-11-27 07:02:21.171000,8.85713,8.85402,1000000,1000000
2020-11-27 07:02:21.221000,8.85713,8.85412,1000000,1000000
2020-11-27 07:02:22.263000,8.85713,8.85422,1000000,1000000
2020-11-27 07:02:22.314000,8.85751,8.85432,1000000,1000000
2020-11-27 07:02:22.465000,8.8575,8.85423,1000000,1000000
2020-11-27 07:02:22.720000,8.85751,8.85419,1000000,1000000
2020-11-27 07:02:23.021000,8.85751,8.85422,1000000,1000000
2020-11-27 07:02:23.122000,8.8575,8.8542,1000000,1000000
2020-11-27 07:02:23.469000,8.85751,8.85422,1000000,1000000
2020-11-27 07:02:23.519000,8.85751,8.85419,1000000,1000000
2020-11-27 07:02:23.569000,8.85751,8.85422,1000000,1000000
2020-11-27 07:02:23.949000,8.85751,8.85432,1000000,1000000
2020-11-27 07:02:24.135000,8.8575,8.85423,1000000,1000000
2020-11-27 07:02:24.186000,8.85751,8.85419,1000000,1000000
2020-11-27 07:02:25.041000,8.8575,8.85423,1000000,1000000
2020-11-27 07:02:25.221000,8.85751,8.85442,1000000,1000000
2020-11-27 07:02:25.322000,8.8582,8.85493,1000000,1000000
2020-11-27 07:02:25.523000,8.85859,8.85502,1000000,1000000
2020-11-27 07:02:25.574000,8.85876,8.85502,1000000,1000000
2020-11-27 07:02:25.625000,8.85881,8.85512,1000000,1000000
2020-11-27 07:02:25.675000,8.85881,8.85502,1000000,1000000
2020-11-27 07:02:25.726000,8.85862,8.85513,1000000,1000000
2020-11-27 07:02:25.890000,8.8588,8.85532,1000000,1000000
2020-11-27 07:02:25.991000,8.85857,8.85513,1000000,1000000
2020-11-27 07:02:26.092000,8.85857,8.85522,1000000,1000000
2020-11-27 07:02:26.142000,8.85882,8.85522,1000000,1000000
2020-11-27 07:02:26.193000,8.85897,8.85522,1000000,1000000
2020-11-27 07:02:26.243000,8.859,8.85525,1000000,1000000
2020-11-27 07:02:26.344000,8.85885,8.85522,1000000,1000000
2020-11-27 07:02:26.486000,8.85884,8.85533,1000000,1000000
2020-11-27 07:02:27.017000,8.85894,8.85532,1000000,1000000
2020-11-27 07:02:27.311000,8.85894,8.85522,1000000,1000000
2020-11-27 07:02:28.127000,8.85893,8.85543,1000000,1000000
2020-11-27 07:02:29.216000,8.85894,8.85552,1000000,1000000
2020-11-27 07:02:29.317000,8.85894,8.85562,1000000,1000000
2020-11-27 07:02:29.423000,8.85894,8.85572,1000000,1000000
2020-11-27 07:02:29.581000,8.85894,8.85562,1000000,1000000
2020-11-27 07:02:29.931000,8.85894,8.85552,1000000,1000000
2020-11-27 07:02:30.407000,8.85894,8.85542,1000000,1000000
2020-11-27 07:02:30.559000,8.85906,8.8555,1000000,1000000
2020-11-27 07:02:31.267000,8.85906,8.85552,1000000,1000000
2020-11-27 07:02:31.368000,8.85906,8.85562,1000000,1000000
2020-11-27 07:02:31.811000,8.85906,8.85582,1000000,1000000
2020-11-27 07:02:32.783000,8.85905,8.85573,1000000,1000000
2020-11-27 07:02:34.718000,8.85906,8.85582,1000000,1000000
2020-11-27 07:02:34.819000,8.85922,8.85583,1000000,1000000
2020-11-27 07:02:34.920000,8.85922,8.85573,1000000,1000000
2020-11-27 07:02:35.233000,8.85923,8.85592,1000000,1000000
2020-11-27 07:02:35.284000,8.8593,8.85595,1000000,1000000
2020-11-27 07:02:35.978000,8.8593,8.85602,1000000,1000000
2020-11-27 07:02:36.240000,8.85929,8.85596,1000000,1000000
2020-11-27 07:02:45.398000,8.8593,8.85612,1000000,1000000
2020-11-27 07:02:45.449000,8.85951,8.85622,1000000,1000000
2020-11-27 07:02:45.550000,8.85972,8.85614,1000000,1000000
2020-11-27 07:02:45.650000,8.8604,8.85619,1000000,1000000
2020-11-27 07:02:45.701000,8.86068,8.85647,1000000,1000000
2020-11-27 07:02:45.801000,8.86085,8.85629,1000000,1000000
2020-11-27 07:02:45.852000,8.861,8.85639,1000000,1000000
2020-11-27 07:02:45.902000,8.86118,8.85667,1000000,1000000
2020-11-27 07:02:46.003000,8.86092,8.85656,1000000,1000000
2020-11-27 07:02:46.104000,8.86094,8.85629,1000000,1000000
2020-11-27 07:02:46.204000,8.86106,8.85641,1000000,1000000
2020-11-27 07:02:46.305000,8.86083,8.85636,1000000,1000000
2020-11-27 07:02:46.406000,8.86051,8.85626,1000000,1000000
2020-11-27 07:02:46.557000,8.86024,8.85606,1000000,1000000
2020-11-27 07:02:46.607000,8.86048,8.85612,1000000,1000000
2020-11-27 07:02:47.289000,8.86105,8.85669,1000000,1000000
2020-11-27 07:02:48.166000,8.86137,8.85683,1000000,1000000
2020-11-27 07:02:49.931000,8.86098,8.85683,1000000,1000000
2020-11-27 07:02:50.211000,8.86108,8.85683,1000000,1000000
2020-11-27 07:02:50.957000,8.86118,8.85683,1000000,1000000
2020-11-27 07:02:51.530000,8.86108,8.85683,1000000,1000000
2020-11-27 07:02:51.630000,8.86118,8.85683,1000000,1000000
2020-11-27 07:02:52.001000,8.86108,8.85683,1000000,1000000
2020-11-27 07:02:52.240000,8.86108,8.85708,1000000,1000000
2020-11-27 07:02:52.634000,8.86098,8.85708,1000000,1000000
2020-11-27 07:02:52.742000,8.86088,8.85708,1000000,1000000
2020-11-27 07:02:53.240000,8.86088,8.85723,1000000,1000000
2020-11-27 07:02:53.783000,8.86098,8.85723,1000000,1000000
2020-11-27 07:02:53.911000,8.86108,8.85723,1000000,1000000
2020-11-27 07:02:53.968000,8.86098,8.85723,1000000,1000000
2020-11-27 07:02:55.160000,8.86107,8.85724,1000000,1000000
2020-11-27 07:02:55.311000,8.86097,8.85724,1000000,1000000
2020-11-27 07:02:55.656000,8.86107,8.85724,1000000,1000000
2020-11-27 07:02:56.287000,8.86097,8.85748,1000000,1000000
2020-11-27 07:02:56.391000,8.86087,8.85748,1000000,1000000
2020-11-27 07:02:56.916000,8.86097,8.85748,1000000,1000000
2020-11-27 07:02:57.206000,8.86107,8.85748,1000000,1000000
2020-11-27 07:02:57.256000,8.86098,8.85747,1000000,1000000
2020-11-27 07:02:57.677000,8.86088,8.85747,1000000,1000000
2020-11-27 07:02:58.140000,8.86138,8.85747,1000000,1000000
2020-11-27 07:02:58.191000,8.86143,8.85747,1000000,1000000
2020-11-27 07:02:58.241000,8.86158,8.85927,1000000,1000000
2020-11-27 07:02:58.292000,8.86128,8.85831,1000000,1000000
2020-11-27 07:02:58.393000,8.86108,8.85722,1000000,1000000
2020-11-27 07:02:58.443000,8.86098,8.85716,1000000,1000000
2020-11-27 07:02:58.544000,8.86098,8.85751,1000000,1000000
2020-11-27 07:02:58.706000,8.86087,8.85752,1000000,1000000
2020-11-27 07:02:59.391000,8.86078,8.85751,1000000,1000000
2020-11-27 07:02:59.442000,8.86088,8.85751,1000000,1000000
2020-11-27 07:02:59.492000,8.86078,8.85751,1000000,1000000
2020-11-27 07:02:59.593000,8.86088,8.85772,1000000,1000000
2020-11-27 07:03:00.214000,8.86128,8.85772,1000000,1000000
2020-11-27 07:03:00.315000,8.86118,8.85747,1000000,1000000
2020-11-27 07:03:00.591000,8.86128,8.85747,1000000,1000000
2020-11-27 07:03:01.122000,8.86131,8.85748,1000000,1000000
2020-11-27 07:03:01.173000,8.86128,8.85747,1000000,1000000
2020-11-27 07:03:01.437000,8.86118,8.85747,1000000,1000000
2020-11-27 07:03:01.953000,8.86108,8.85747,1000000,1000000
2020-11-27 07:03:02.020000,8.86118,8.85747,1000000,1000000
2020-11-27 07:03:02.411000,8.86128,8.85747,1000000,1000000
2020-11-27 07:03:02.461000,8.86118,8.85747,1000000,1000000
2020-11-27 07:03:02.512000,8.86112,8.85723,1000000,1000000
2020-11-27 07:03:02.562000,8.86088,8.85705,1000000,1000000
2020-11-27 07:03:02.663000,8.86089,8.85705,1000000,1000000
2020-11-27 07:03:03.030000,8.86088,8.85705,1000000,1000000
2020-11-27 07:03:03.145000,8.86089,8.85705,1000000,1000000
2020-11-27 07:03:07.239000,8.86106,8.85731,1000000,1000000
2020-11-27 07:03:14.867000,8.86129,8.85753,1000000,1000000
2020-11-27 07:03:14.968000,8.86129,8.85772,1000000,1000000
2020-11-27 07:03:15.018000,8.86155,8.8577,1000000,1000000
2020-11-27 07:03:15.069000,8.86186,8.85752,1000000,1000000
2020-11-27 07:03:15.119000,8.86192,8.85793,1000000,1000000
2020-11-27 07:03:15.220000,8.86238,8.85843,1000000,1000000
2020-11-27 07:03:15.270000,8.86298,8.85839,1000000,1000000
2020-11-27 07:03:15.321000,8.86269,8.85842,1000000,1000000
2020-11-27 07:03:15.371000,8.8627,8.8582,1000000,1000000
2020-11-27 07:03:15.422000,8.86241,8.85733,1000000,1000000
2020-11-27 07:03:15.522000,8.86259,8.85739,1000000,1000000
2020-11-27 07:03:15.573000,8.86257,8.85761,1000000,1000000
2020-11-27 07:03:15.674000,8.86221,8.85745,1000000,1000000
2020-11-27 07:03:15.724000,8.86303,8.85757,1000000,1000000
2020-11-27 07:03:15.774000,8.86295,8.85768,1000000,1000000
2020-11-27 07:03:15.825000,8.86303,8.8574,1000000,1000000
2020-11-27 07:03:15.875000,8.86276,8.85762,1000000,1000000
2020-11-27 07:03:15.976000,8.8624,8.85755,1000000,1000000
2020-11-27 07:03:16.177000,8.86262,8.85743,1000000,1000000
2020-11-27 07:03:17.067000,8.86248,8.85743,1000000,1000000
2020-11-27 07:03:17.118000,8.86262,8.85743,1000000,1000000
2020-11-27 07:03:22.657000,8.86258,8.85743,1000000,1000000
2020-11-27 07:03:26.876000,8.86261,8.85744,1000000,1000000
2020-11-27 07:03:26.926000,8.86177,8.85704,1000000,1000000
2020-11-27 07:03:27.077000,8.8614,8.85704,1000000,1000000
2020-11-27 07:03:27.178000,8.8617,8.857,1000000,1000000
2020-11-27 07:03:28.684000,8.86118,8.85706,1000000,1000000
2020-11-27 07:03:31.186000,8.8611,8.85734,1000000,1000000
2020-11-27 07:03:31.237000,8.86139,8.85744,1000000,1000000
2020-11-27 07:03:31.287000,8.86103,8.85716,1000000,1000000
2020-11-27 07:03:31.416000,8.86079,8.85721,1000000,1000000
2020-11-27 07:03:31.589000,8.86035,8.85668,1000000,1000000
2020-11-27 07:03:31.689000,8.86118,8.85648,1000000,1000000
2020-11-27 07:03:31.740000,8.86092,8.85664,1000000,1000000
2020-11-27 07:03:31.842000,8.86058,8.85668,1000000,1000000
2020-11-27 07:03:31.892000,8.86065,8.85619,1000000,1000000
2020-11-27 07:03:31.943000,8.86101,8.8563,1000000,1000000
2020-11-27 07:03:31.993000,8.86051,8.85645,1000000,1000000
2020-11-27 07:03:37.003000,8.86031,8.8567,1000000,1000000
2020-11-27 07:03:37.104000,8.86035,8.85645,1000000,1000000
2020-11-27 07:03:38.974000,8.86011,8.85616,1000000,1000000
2020-11-27 07:03:56.885000,8.86008,8.85616,1000000,1000000
2020-11-27 07:03:58.673000,8.86011,8.85616,1000000,1000000
2020-11-27 07:04:00.620000,8.86008,8.85616,1000000,1000000
2020-11-27 07:04:00.670000,8.86011,8.85616,1000000,1000000
2020-11-27 07:04:01.031000,8.85988,8.85616,1000000,1000000
2020-11-27 07:04:01.132000,8.85976,8.85605,1000000,1000000
2020-11-27 07:04:01.559000,8.85907,8.85589,1000000,1000000
2020-11-27 07:04:01.660000,8.85897,8.85589,1000000,1000000
2020-11-27 07:04:01.711000,8.85887,8.85577,1000000,1000000
2020-11-27 07:04:02.498000,8.85878,8.85576,1000000,1000000
2020-11-27 07:04:02.657000,8.85888,8.85576,1000000,1000000
2020-11-27 07:04:03.312000,8.85908,8.85576,1000000,1000000
2020-11-27 07:04:07.457000,8.85918,8.85576,1000000,1000000
2020-11-27 07:04:10.761000,8.85928,8.85576,1000000,1000000
2020-11-27 07:04:11.130000,8.85918,8.85576,1000000,1000000
2020-11-27 07:04:14.574000,8.85907,8.85577,1000000,1000000
2020-11-27 07:04:14.625000,8.85906,8.85565,1000000,1000000
2020-11-27 07:04:14.725000,8.85898,8.85565,1000000,1000000
2020-11-27 07:04:14.776000,8.85906,8.85565,1000000,1000000
2020-11-27 07:04:14.826000,8.85897,8.85566,1000000,1000000
2020-11-27 07:04:14.877000,8.85906,8.85565,1000000,1000000
2020-11-27 07:04:15.581000,8.85898,8.85565,1000000,1000000
2020-11-27 07:04:15.817000,8.85878,8.85565,1000000,1000000
2020-11-27 07:04:15.880000,8.85888,8.85565,1000000,1000000
2020-11-27 07:04:15.931000,8.85878,8.85555,1000000,1000000
2020-11-27 07:04:16.881000,8.85868,8.85555,1000000,1000000
2020-11-27 07:04:16.982000,8.85888,8.85555,1000000,1000000
2020-11-27 07:04:17.033000,8.85869,8.85555,1000000,1000000
2020-11-27 07:04:17.679000,8.85868,8.85555,1000000,1000000
2020-11-27 07:04:20.724000,8.85869,8.85555,1000000,1000000
2020-11-27 07:04:28.639000,8.85846,8.85555,1000000,1000000
2020-11-27 07:04:32.460000,8.8587,8.85556,1000000,1000000
2020-11-27 07:04:34.049000,8.85892,8.8557,1000000,1000000
2020-11-27 07:04:34.150000,8.85887,8.85557,1000000,1000000
2020-11-27 07:04:34.200000,8.85883,8.85555,1000000,1000000
2020-11-27 07:04:34.250000,8.85885,8.85555,1000000,1000000
2020-11-27 07:04:34.301000,8.85907,8.85556,1000000,1000000
2020-11-27 07:04:34.351000,8.85886,8.85556,1000000,1500000
2020-11-27 07:04:34.910000,8.85883,8.85557,1000000,1000000
2020-11-27 07:04:44.948000,8.85864,8.85555,1000000,1000000
2020-11-27 07:04:49.314000,8.85864,8.85537,1000000,1000000
2020-11-27 07:04:51.477000,8.85878,8.85557,1000000,1000000
2020-11-27 07:04:55.679000,8.85946,8.8556,1000000,1000000
2020-11-27 07:04:55.730000,8.85947,8.85583,1000000,1000000
2020-11-27 07:04:55.881000,8.85977,8.85583,1000000,1000000
2020-11-27 07:04:56.082000,8.85947,8.85608,1000000,1000000
2020-11-27 07:04:56.183000,8.85962,8.85623,1000000,1000000
2020-11-27 07:04:56.756000,8.85947,8.85632,1000000,1000000
2020-11-27 07:04:56.906000,8.85914,8.85606,1000000,1000000
2020-11-27 07:04:57.405000,8.85914,8.85612,1000000,1000000
2020-11-27 07:04:58.855000,8.85913,8.85607,1000000,1000000
2020-11-27 07:05:03.997000,8.85914,8.85612,1000000,1000000
2020-11-27 07:05:04.050000,8.85914,8.85606,1000000,1000000
2020-11-27 07:05:09.551000,8.85951,8.85692,1000000,1000000
2020-11-27 07:05:09.652000,8.86011,8.8583,1000000,1000000
2020-11-27 07:05:09.753000,8.86035,8.85856,1250000,1000000
2020-11-27 07:05:09.803000,8.86077,8.85858,1000000,1000000
2020-11-27 07:05:09.854000,8.86074,8.85862,1000000,1000000
2020-11-27 07:05:09.904000,8.86095,8.85874,1250000,1000000
2020-11-27 07:05:10.005000,8.86057,8.85854,1000000,1000000
2020-11-27 07:05:10.055000,8.86084,8.85867,1000000,1000000
2020-11-27 07:05:10.106000,8.86095,8.85869,1250000,1000000
2020-11-27 07:05:10.156000,8.8607,8.8586,1000000,1000000
2020-11-27 07:05:10.207000,8.8609,8.85871,1000000,1000000
2020-11-27 07:05:10.356000,8.86108,8.85883,1000000,1000000
2020-11-27 07:05:10.407000,8.86108,8.85894,1000000,1000000
2020-11-27 07:05:10.457000,8.86137,8.85895,1000000,1000000
2020-11-27 07:05:10.672000,8.86138,8.85892,1000000,1000000
2020-11-27 07:05:10.825000,8.86125,8.8589,1000000,1000000
2020-11-27 07:05:11.615000,8.86108,8.85889,1000000,1000000
2020-11-27 07:05:21.826000,8.86078,8.85889,1000000,1000000
2020-11-27 07:05:21.877000,8.86098,8.85854,1000000,1000000
2020-11-27 07:05:21.928000,8.86068,8.85809,1000000,1000000
2020-11-27 07:05:22.545000,8.86058,8.85809,1000000,1000000
2020-11-27 07:05:23.443000,8.86068,8.85809,1000000,1000000
2020-11-27 07:05:23.494000,8.86078,8.85809,1000000,1000000
2020-11-27 07:05:23.576000,8.86074,8.85785,1000000,1000000
2020-11-27 07:05:23.626000,8.86068,8.85804,1000000,1000000
2020-11-27 07:05:27.804000,8.86068,8.85765,1000000,1000000
2020-11-27 07:05:31.546000,8.86058,8.85765,1000000,1000000
2020-11-27 07:05:31.646000,8.86051,8.85749,1000000,1000000
2020-11-27 07:05:31.762000,8.86047,8.85749,1000000,1000000
2020-11-27 07:05:32.056000,8.86052,8.85748,1000000,1000000
2020-11-27 07:05:32.489000,8.86047,8.85749,1000000,1000000
2020-11-27 07:05:34.100000,8.86051,8.85749,1000000,1000000
2020-11-27 07:05:34.151000,8.86048,8.85748,1000000,1000000
2020-11-27 07:05:34.617000,8.86038,8.85748,1000000,1000000
2020-11-27 07:05:34.787000,8.86048,8.85748,1000000,1000000
2020-11-27 07:05:34.917000,8.86052,8.85748,1000000,1000000
2020-11-27 07:05:36.570000,8.86057,8.85763,1000000,1000000
2020-11-27 07:05:37.935000,8.8605,8.85745,1000000,1000000
2020-11-27 07:05:38.930000,8.86049,8.8574,1000000,1000000
2020-11-27 07:05:42.001000,8.86034,8.85724,1000000,1000000
2020-11-27 07:05:42.354000,8.86013,8.85711,1000000,1000000
2020-11-27 07:05:42.505000,8.86004,8.85699,1000000,1000000
2020-11-27 07:05:43.425000,8.85973,8.85667,1000000,1000000
2020-11-27 07:06:03.986000,8.8596,8.85649,1000000,1000000
2020-11-27 07:06:04.546000,8.85957,8.8565,1000000,1000000
2020-11-27 07:06:04.993000,8.8596,8.85649,1000000,1000000
2020-11-27 07:06:08.478000,8.85958,8.85649,1000000,1000000
2020-11-27 07:06:09.434000,8.85959,8.8565,1000000,1000000
2020-11-27 07:06:09.535000,8.85938,8.85627,1000000,1000000
2020-11-27 07:06:09.586000,8.85941,8.85627,1000000,1000000
2020-11-27 07:06:10.569000,8.85907,8.85623,1000000,1000000
2020-11-27 07:06:11.323000,8.85887,8.85623,1000000,1000000
2020-11-27 07:06:12.389000,8.85898,8.85622,1000000,1000000
2020-11-27 07:06:13.211000,8.85888,8.85622,1000000,1000000
2020-11-27 07:06:13.261000,8.85898,8.85622,1000000,1000000
2020-11-27 07:06:14.040000,8.85907,8.85623,1000000,1000000
2020-11-27 07:06:15.872000,8.85909,8.85623,1000000,1000000
2020-11-27 07:06:16.398000,8.85928,8.85632,1000000,1000000
2020-11-27 07:06:16.448000,8.85931,8.85642,1000000,1000000
2020-11-27 07:06:16.549000,8.85923,8.85649,1000000,1000000
2020-11-27 07:06:16.650000,8.85938,8.85666,1000000,1000000
2020-11-27 07:06:17.017000,8.85934,8.8565,1000000,1000000
2020-11-27 07:06:17.663000,8.85954,8.8566,1000000,1000000
2020-11-27 07:06:17.713000,8.85954,8.85662,1000000,1000000
2020-11-27 07:06:17.764000,8.85954,8.8566,1000000,1000000
2020-11-27 07:06:18.576000,8.85954,8.85662,1000000,1000000
2020-11-27 07:06:18.958000,8.85953,8.85661,1000000,1000000
2020-11-27 07:06:19.893000,8.85954,8.85662,1000000,1000000
2020-11-27 07:06:19.994000,8.85969,8.85702,1000000,1000000
2020-11-27 07:06:20.044000,8.85984,8.85702,1000000,1000000
2020-11-27 07:06:20.195000,8.85969,8.85703,1000000,1000000
2020-11-27 07:06:20.246000,8.8597,8.85692,1000000,1000000
2020-11-27 07:06:20.296000,8.85969,8.85703,1000000,1000000
2020-11-27 07:06:20.447000,8.85936,8.85673,1000000,1500000
2020-11-27 07:06:20.548000,8.85949,8.85682,1000000,1000000
2020-11-27 07:06:20.599000,8.85945,8.85693,1000000,1000000
2020-11-27 07:06:21.191000,8.85945,8.85673,1000000,1500000
2020-11-27 07:06:21.241000,8.8595,8.85676,1000000,1000000
2020-11-27 07:06:21.342000,8.85933,8.85666,1000000,1000000
2020-11-27 07:06:21.618000,8.8593,8.85659,1000000,1000000
2020-11-27 07:06:26.989000,8.85894,8.85622,1000000,1000000
2020-11-27 07:06:37.836000,8.85911,8.85653,1000000,1000000
2020-11-27 07:06:39.768000,8.85931,8.85673,1000000,1000000
2020-11-27 07:06:49.986000,8.8595,8.85688,1000000,1000000
2020-11-27 07:06:50.091000,8.85961,8.8569,1000000,1000000
2020-11-27 07:06:50.142000,8.85996,8.85723,1000000,1000000
2020-11-27 07:06:50.243000,8.86025,8.85753,1000000,1000000
2020-11-27 07:06:50.293000,8.86032,8.85762,1000000,1000000
2020-11-27 07:06:50.394000,8.86043,8.85752,1250000,1000000
2020-11-27 07:06:50.445000,8.86006,8.85741,1000000,1000000
2020-11-27 07:06:50.495000,8.86034,8.85763,1000000,1000000
2020-11-27 07:06:50.546000,8.86006,8.85763,1000000,1000000
2020-11-27 07:06:50.596000,8.8603,8.85763,1000000,1000000
2020-11-27 07:06:50.647000,8.86044,8.85757,1250000,1000000
2020-11-27 07:06:50.698000,8.86017,8.85761,1000000,1000000
2020-11-27 07:06:50.748000,8.86031,8.85765,1000000,1000000
2020-11-27 07:06:50.799000,8.86011,8.85758,1000000,1000000
2020-11-27 07:06:50.849000,8.86029,8.85765,1000000,1000000
2020-11-27 07:06:50.900000,8.86024,8.85776,1000000,1000000
2020-11-27 07:06:50.951000,8.86044,8.85773,1250000,1000000
2020-11-27 07:06:51.002000,8.86023,8.85775,1000000,1000000
2020-11-27 07:06:51.052000,8.86041,8.85783,1000000,1000000
2020-11-27 07:06:51.103000,8.86017,8.85778,1000000,1000000
2020-11-27 07:06:51.204000,8.86013,8.85772,1000000,1000000
2020-11-27 07:06:51.305000,8.85991,8.85762,1000000,1000000
2020-11-27 07:06:51.761000,8.85979,8.85759,1000000,1000000
2020-11-27 07:06:51.862000,8.85956,8.85742,1000000,1000000
2020-11-27 07:06:52.336000,8.85975,8.85743,1000000,1000000
2020-11-27 07:06:52.387000,8.8599,8.85753,1000000,1000000
2020-11-27 07:06:53.971000,8.8597,8.85742,1000000,1000000
2020-11-27 07:06:54.180000,8.85975,8.85755,1000000,1000000
2020-11-27 07:07:09.461000,8.85973,8.85755,1000000,1000000
2020-11-27 07:07:11.751000,8.85957,8.85755,1000000,1000000
2020-11-27 07:07:11.903000,8.85938,8.85741,1000000,1000000
2020-11-27 07:07:11.953000,8.8594,8.8574,1000000,1000000
2020-11-27 07:07:12.054000,8.85944,8.85741,1000000,1000000
2020-11-27 07:07:12.955000,8.85957,8.85754,1000000,1000000
2020-11-27 07:07:20.924000,8.85949,8.85753,1000000,1000000
2020-11-27 07:07:39.825000,8.85964,8.85768,1000000,1000000
2020-11-27 07:07:39.876000,8.85992,8.8579,1000000,1000000
2020-11-27 07:07:39.926000,8.86,8.85804,1000000,1000000
2020-11-27 07:07:40.077000,8.86009,8.85813,1000000,1000000
2020-11-27 07:07:42.020000,8.86002,8.85806,1000000,1000000
2020-11-27 07:07:48.837000,8.85996,8.858,1000000,1000000
2020-11-27 07:07:49.110000,8.85982,8.85793,1000000,1000000
2020-11-27 07:07:50.138000,8.85995,8.858,1000000,1000000
2020-11-27 07:07:54.545000,8.86007,8.85808,1000000,1000000
2020-11-27 07:08:00.841000,8.85989,8.85798,1000000,1000000
2020-11-27 07:08:00.942000,8.85983,8.85787,1000000,1000000
2020-11-27 07:08:12.040000,8.85985,8.85803,1000000,1000000
2020-11-27 07:08:12.091000,8.86002,8.85803,1000000,1000000
2020-11-27 07:08:12.192000,8.86069,8.85852,1000000,1000000
2020-11-27 07:08:12.293000,8.86099,8.85866,1000000,1000000
2020-11-27 07:08:12.393000,8.86185,8.85883,1000000,1000000
2020-11-27 07:08:12.494000,8.86162,8.85882,1000000,1000000
2020-11-27 07:08:12.544000,8.86212,8.85893,1000000,1000000
2020-11-27 07:08:12.595000,8.86198,8.85943,1000000,1000000
2020-11-27 07:08:12.645000,8.86174,8.85892,1000000,1000000
2020-11-27 07:08:12.696000,8.86148,8.85878,1000000,1000000
2020-11-27 07:08:12.746000,8.86228,8.85872,1000000,1000000
2020-11-27 07:08:12.797000,8.86183,8.85914,1000000,1000000
2020-11-27 07:08:12.847000,8.86179,8.85872,1000000,1000000
2020-11-27 07:08:12.897000,8.86151,8.85888,1000000,1000000
2020-11-27 07:08:13.002000,8.86165,8.85907,1000000,1000000
2020-11-27 07:08:13.103000,8.86188,8.85876,1000000,1000000
2020-11-27 07:08:13.154000,8.86178,8.85868,1000000,1000000
2020-11-27 07:08:13.305000,8.8617,8.85868,1000000,1000000
2020-11-27 07:08:13.520000,8.86137,8.85869,1000000,1000000
2020-11-27 07:08:13.621000,8.86108,8.85845,1000000,1000000
2020-11-27 07:08:14.440000,8.86098,8.85845,1000000,1000000
2020-11-27 07:08:14.591000,8.86087,8.85846,1000000,1000000
2020-11-27 07:08:14.697000,8.86097,8.85846,1000000,1000000
2020-11-27 07:08:15.365000,8.86108,8.85845,1000000,1000000
2020-11-27 07:08:18.159000,8.86108,8.85835,1000000,1000000
2020-11-27 07:08:18.657000,8.86116,8.85835,1000000,1000000
2020-11-27 07:08:23.715000,8.86107,8.85836,1000000,1000000
2020-11-27 07:08:23.888000,8.86098,8.85835,1000000,1000000
2020-11-27 07:08:25.025000,8.86107,8.85836,1000000,1000000
2020-11-27 07:08:27.897000,8.86116,8.85835,1000000,1000000
2020-11-27 07:08:31.959000,8.86118,8.85846,1000000,1000000
2020-11-27 07:08:32.110000,8.86108,8.85846,1000000,1000000
2020-11-27 07:08:36.149000,8.86118,8.85846,1000000,1000000
2020-11-27 07:08:36.200000,8.86108,8.85846,1000000,1000000
2020-11-27 07:08:36.299000,8.86117,8.85847,1000000,1000000
2020-11-27 07:08:38.716000,8.86118,8.85839,1000000,1000000
2020-11-27 07:08:40.119000,8.8612,8.85839,1000000,1000000
2020-11-27 07:08:44.468000,8.86118,8.85839,1000000,1000000
2020-11-27 07:08:44.518000,8.8612,8.85839,1000000,1000000
2020-11-27 07:08:44.568000,8.861,8.85824,1000000,1000000
2020-11-27 07:08:44.669000,8.8614,8.85864,1000000,1000000
2020-11-27 07:08:44.720000,8.86157,8.85875,1000000,1000000
2020-11-27 07:08:44.820000,8.86141,8.8585,1000000,1000000
2020-11-27 07:08:44.871000,8.86174,8.85856,1000000,1000000
2020-11-27 07:08:44.921000,8.86132,8.85851,1000000,1000000
2020-11-27 07:08:44.972000,8.86157,8.85838,1000000,1000000
2020-11-27 07:08:45.022000,8.86155,8.85837,1000000,1000000
2020-11-27 07:08:45.123000,8.86128,8.85837,1000000,1000000
2020-11-27 07:08:45.174000,8.86167,8.8584,1000000,1000000
2020-11-27 07:08:45.224000,8.86149,8.85847,1000000,1000000
2020-11-27 07:08:45.325000,8.86154,8.85865,1000000,1000000
2020-11-27 07:08:45.676000,8.8613,8.85852,1000000,1000000
2020-11-27 07:08:52.644000,8.86111,8.85836,1000000,1000000
2020-11-27 07:08:52.694000,8.86101,8.85823,1000000,1000000
2020-11-27 07:08:52.845000,8.86084,8.85794,1000000,1000000
2020-11-27 07:08:53.851000,8.861,8.8581,1000000,1000000
2020-11-27 07:08:55.873000,8.8611,8.85833,1000000,1000000
2020-11-27 07:08:55.974000,8.86143,8.85849,1000000,1000000
2020-11-27 07:08:56.074000,8.86159,8.85863,1000000,1000000
2020-11-27 07:08:56.125000,8.86182,8.85881,1000000,1000000
2020-11-27 07:08:56.175000,8.8618,8.85903,1000000,1000000
2020-11-27 07:08:57.066000,8.86148,8.85903,1000000,1000000
2020-11-27 07:08:57.117000,8.86142,8.85885,1000000,1000000
2020-11-27 07:08:59.913000,8.86155,8.85905,1000000,1000000
2020-11-27 07:09:00.014000,8.8615,8.8591,1000000,1000000
2020-11-27 07:09:01.413000,8.86176,8.85919,1000000,1000000
2020-11-27 07:09:01.464000,8.86204,8.85942,1000000,1000000
2020-11-27 07:09:03.126000,8.8618,8.85939,1000000,1000000
2020-11-27 07:09:03.295000,8.86178,8.85939,1000000,1000000
2020-11-27 07:09:03.346000,8.8618,8.85939,1000000,1000000
2020-11-27 07:09:03.450000,8.86177,8.85931,1000000,1000000
2020-11-27 07:09:06.247000,8.86148,8.85893,1000000,1000000
2020-11-27 07:09:06.646000,8.86137,8.85894,1000000,1000000
2020-11-27 07:09:08.277000,8.86148,8.85893,1000000,1000000
2020-11-27 07:09:08.377000,8.86165,8.85895,1000000,1000000
2020-11-27 07:09:08.428000,8.8615,8.85892,1000000,1000000
2020-11-27 07:09:08.478000,8.86212,8.85917,1000000,1000000
2020-11-27 07:09:08.529000,8.86191,8.85912,1000000,1000000
2020-11-27 07:09:08.579000,8.86227,8.85896,1250000,1000000
2020-11-27 07:09:08.630000,8.86226,8.85906,1250000,1000000
2020-11-27 07:09:08.680000,8.86226,8.85897,1250000,1000000
2020-11-27 07:09:08.730000,8.86198,8.85913,1000000,1000000
2020-11-27 07:09:08.781000,8.86208,8.85889,1000000,1000000
2020-11-27 07:09:08.831000,8.8619,8.85887,1000000,1000000
2020-11-27 07:09:08.932000,8.86148,8.85862,1000000,1000000
2020-11-27 07:09:09.133000,8.86147,8.85853,1000000,1000000
2020-11-27 07:09:09.386000,8.86148,8.85842,1000000,1000000
2020-11-27 07:09:09.437000,8.86148,8.85852,1500000,1000000
2020-11-27 07:09:10.115000,8.86138,8.85842,1000000,1000000
2020-11-27 07:09:10.239000,8.86121,8.85842,1000000,1000000
2020-11-27 07:09:10.339000,8.86121,8.8583,1000000,1000000
2020-11-27 07:09:10.490000,8.86121,8.85852,1000000,1000000
2020-11-27 07:09:10.906000,8.86121,8.85832,1000000,1000000
2020-11-27 07:09:11.794000,8.86121,8.85842,1000000,1000000
2020-11-27 07:09:12.064000,8.86121,8.85852,1000000,1000000
2020-11-27 07:09:12.509000,8.86128,8.85852,1000000,1000000
2020-11-27 07:09:12.755000,8.86128,8.85842,1000000,1000000
2020-11-27 07:09:12.866000,8.86128,8.85852,1000000,1000000
2020-11-27 07:09:12.966000,8.86146,8.85852,1000000,1000000
2020-11-27 07:09:13.168000,8.86137,8.85852,1000000,1000000
2020-11-27 07:09:14.153000,8.86146,8.85851,1000000,1000000
2020-11-27 07:09:15.128000,8.86152,8.85845,1000000,1000000
2020-11-27 07:09:15.179000,8.86148,8.85845,1000000,1000000
2020-11-27 07:09:19.055000,8.86138,8.85845,1000000,1000000
2020-11-27 07:09:19.715000,8.86148,8.85845,1000000,1000000
2020-11-27 07:09:20.212000,8.86152,8.85845,1000000,1000000
2020-11-27 07:09:20.716000,8.86148,8.85845,1000000,1000000
2020-11-27 07:09:20.817000,8.86152,8.85845,1000000,1000000
2020-11-27 07:09:20.872000,8.86138,8.85845,1000000,1000000
2020-11-27 07:09:21.305000,8.86127,8.85846,1000000,1000000
2020-11-27 07:09:21.542000,8.86118,8.85845,1000000,1000000
2020-11-27 07:09:21.592000,8.86118,8.8583,1000000,1000000
2020-11-27 07:09:22.553000,8.86128,8.8583,1000000,1000000
2020-11-27 07:09:22.604000,8.8613,8.85833,1000000,1000000
2020-11-27 07:09:22.654000,8.86151,8.85857,1000000,1000000
2020-11-27 07:09:22.906000,8.86153,8.8586,1000000,1000000
2020-11-27 07:09:23.377000,8.86138,8.8586,1000000,1000000
2020-11-27 07:09:23.477000,8.86168,8.85883,1000000,1000000
2020-11-27 07:09:23.528000,8.86175,8.85883,1000000,1000000
2020-11-27 07:09:23.578000,8.86168,8.85883,1000000,1000000
2020-11-27 07:09:23.629000,8.86175,8.85883,1000000,1000000
2020-11-27 07:09:24.056000,8.86157,8.85884,1000000,1000000
2020-11-27 07:09:25.720000,8.86168,8.85883,1000000,1000000
2020-11-27 07:09:25.944000,8.86143,8.85874,1000000,1000000
2020-11-27 07:09:26.045000,8.86181,8.85933,1000000,1000000
2020-11-27 07:09:26.095000,8.86223,8.8593,1000000,1000000
2020-11-27 07:09:26.146000,8.86183,8.85932,1000000,1000000
2020-11-27 07:09:26.246000,8.86202,8.85943,1000000,1000000
2020-11-27 07:09:26.297000,8.86213,8.85962,1000000,1000000
2020-11-27 07:09:26.348000,8.86213,8.85952,1000000,1000000
2020-11-27 07:09:26.398000,8.86233,8.85975,1000000,1000000
2020-11-27 07:09:26.449000,8.86277,8.85999,1250000,1000000
2020-11-27 07:09:26.499000,8.863,8.86037,1000000,1000000
2020-11-27 07:09:26.600000,8.863,8.8607,1250000,1000000
2020-11-27 07:09:26.701000,8.86317,8.86096,1000000,1000000
2020-11-27 07:09:26.751000,8.86347,8.86102,1000000,1000000
2020-11-27 07:09:26.802000,8.86363,8.86099,1000000,1000000
2020-11-27 07:09:26.903000,8.86416,8.86115,1000000,1000000
2020-11-27 07:09:27.003000,8.86444,8.86115,1000000,1000000
2020-11-27 07:09:27.154000,8.86465,8.86104,1000000,1000000
2020-11-27 07:09:27.205000,8.86546,8.86143,1000000,1000000
2020-11-27 07:09:27.255000,8.86546,8.86152,1000000,1000000
2020-11-27 07:09:27.356000,8.86534,8.86182,1000000,1000000
2020-11-27 07:09:27.406000,8.86534,8.86172,1000000,1000000
2020-11-27 07:09:28.101000,8.86534,8.86182,1000000,1000000
2020-11-27 07:09:28.152000,8.86533,8.86173,1000000,1000000
2020-11-27 07:09:28.253000,8.86519,8.86146,1000000,1000000
2020-11-27 07:09:28.768000,8.86519,8.86152,1000000,1000000
2020-11-27 07:09:28.869000,8.86518,8.86183,1000000,1000000
2020-11-27 07:09:29.020000,8.86534,8.86193,1000000,1000000
2020-11-27 07:09:29.172000,8.86535,8.86202,1000000,1000000
2020-11-27 07:09:29.273000,8.86555,8.86212,1000000,1000000
2020-11-27 07:09:29.606000,8.86555,8.86202,1000000,1000000
2020-11-27 07:09:30.027000,8.86555,8.862,1000000,1000000
2020-11-27 07:09:30.078000,8.86538,8.86136,1000000,1500000
2020-11-27 07:09:30.129000,8.86599,8.86144,1000000,1000000
2020-11-27 07:09:30.179000,8.86536,8.86145,1000000,1000000
2020-11-27 07:09:32.635000,8.8654,8.8614,1000000,1000000
2020-11-27 07:09:32.736000,8.86517,8.86125,1000000,1000000
2020-11-27 07:09:32.786000,8.86504,8.86102,1000000,1000000
2020-11-27 07:09:32.887000,8.86485,8.86088,1000000,1000000
2020-11-27 07:09:34.023000,8.86472,8.8608,1000000,1000000
2020-11-27 07:09:34.275000,8.86486,8.86101,1000000,1000000
2020-11-27 07:09:35.389000,8.86508,8.86123,1000000,1000000
2020-11-27 07:09:36.327000,8.86479,8.86098,1000000,1000000
2020-11-27 07:09:38.170000,8.86462,8.86075,1000000,1000000
2020-11-27 07:09:40.578000,8.86467,8.86105,1000000,1000000
2020-11-27 07:09:41.031000,8.86481,8.86086,1000000,1000000
2020-11-27 07:09:41.132000,8.86485,8.8613,1000000,1000000
2020-11-27 07:09:41.233000,8.86508,8.86152,1000000,1000000
2020-11-27 07:09:41.938000,8.86485,8.86137,1000000,1000000
2020-11-27 07:09:42.916000,8.86466,8.86123,1000000,1000000
2020-11-27 07:09:43.017000,8.86453,8.86068,1000000,1000000
2020-11-27 07:09:43.341000,8.86416,8.86031,1000000,1000000
2020-11-27 07:09:43.492000,8.86398,8.86007,1000000,1000000
2020-11-27 07:09:44.302000,8.86369,8.86011,1000000,1000000
2020-11-27 07:09:44.983000,8.86347,8.85994,1000000,1000000
