time,ask,bid,ask_volume,bid_volume
2017-02-22 06:55:10.164000,8.36517,8.36413,1000000,1000000
2017-02-22 06:55:10.470000,8.365,8.36398,1000000,1000000
2017-02-22 06:55:10.591000,8.36479,8.36375,1000000,1000000
2017-02-22 06:55:14.080000,8.36495,8.36391,1000000,1000000
2017-02-22 06:55:17.015000,8.36509,8.36405,1000000,1000000
2017-02-22 06:55:18.516000,8.36527,8.36425,1000000,1000000
2017-02-22 06:55:23.306000,8.36504,8.364,1000000,1000000
2017-02-22 06:55:23.509000,8.36487,8.36385,1000000,1000000
2017-02-22 06:55:27.202000,8.365,8.36398,1000000,1000000
2017-02-22 06:55:27.303000,8.36517,8.36413,1000000,1000000
2017-02-22 06:55:27.506000,8.36541,8.36437,1000000,1000000
2017-02-22 06:55:33.605000,8.36557,8.36453,1000000,1000000
2017-02-22 06:55:41.839000,8.36541,8.36437,1000000,1000000
2017-02-22 06:55:42.698000,8.36525,8.36421,1000000,1000000
2017-02-22 06:55:44.327000,8.36509,8.36405,1000000,1000000
2017-02-22 06:56:04.245000,8.36501,8.36397,1000000,1000000
2017-02-22 06:56:07.787000,8.36501,8.36397,1190000,1000000
2017-02-22 06:56:07.888000,8.36501,8.36397,1150000,1000000
2017-02-22 06:56:07.989000,8.36501,8.36397,1000000,1000000
2017-02-22 06:56:15.958000,8.36489,8.36385,1000000,1000000
2017-02-22 06:56:16.282000,8.36473,8.36369,1000000,1000000
2017-02-22 06:56:25.284000,8.36458,8.36354,1000000,1000000
2017-02-22 06:56:25.607000,8.36441,8.36339,1000000,1000000
2017-02-22 06:56:25.960000,8.36441,8.36341,1000000,1000000
2017-02-22 06:56:26.011000,8.36465,8.36361,1000000,1000000
2017-02-22 06:56:27.019000,8.36451,8.36347,1000000,1000000
2017-02-22 06:56:27.338000,8.36436,8.36332,1000000,1000000
2017-02-22 06:56:31.449000,8.36436,8.36334,1000000,1000000
2017-02-22 06:56:31.500000,8.36467,8.36363,1000000,1000000
2017-02-22 06:56:40.624000,8.36482,8.3638,1000000,1000000
2017-02-22 06:56:43.435000,8.36499,8.36395,1000000,1000000
2017-02-22 06:56:43.537000,8.36515,8.36411,1500000,1000000
2017-02-22 06:56:43.840000,8.36475,8.36371,1000000,1000000
2017-02-22 06:56:44.297000,8.36444,8.3634,1000000,1000000
2017-02-22 06:56:44.631000,8.36459,8.36355,1000000,1000000
2017-02-22 06:56:44.972000,8.36436,8.36332,1000000,1000000
2017-02-22 06:56:45.344000,8.3642,8.36316,1000000,1000000
2017-02-22 06:56:46.205000,8.36435,8.36331,1000000,1000000
2017-02-22 06:56:53.028000,8.36453,8.36349,1000000,1000000
2017-02-22 06:56:53.333000,8.36469,8.36365,1000000,1000000
2017-02-22 06:56:57.522000,8.36485,8.36381,1000000,1000000
2017-02-22 06:57:04.847000,8.36501,8.36397,1000000,1000000
2017-02-22 06:57:05.174000,8.36517,8.36413,1000000,1000000
2017-02-22 06:57:12.181000,8.365,8.36396,1000000,1000000
2017-02-22 06:57:15.581000,8.36484,8.3638,1000000,1000000
2017-02-22 06:57:16.175000,8.365,8.36396,1000000,1000000
2017-02-22 06:57:21.206000,8.36516,8.36412,1000000,1000000
2017-02-22 06:57:24.348000,8.36504,8.36412,1000000,1000000
2017-02-22 06:57:24.400000,8.36484,8.3638,1000000,1000000
2017-02-22 06:57:24.502000,8.36471,8.36369,1000000,1000000
2017-02-22 06:57:24.963000,8.36483,8.36379,1000000,1000000
2017-02-22 06:57:27.194000,8.36499,8.36395,1000000,1000000
2017-02-22 06:57:28.015000,8.36512,8.36408,1000000,1000000
2017-02-22 06:57:28.515000,8.36523,8.36419,1000000,1000000
2017-02-22 06:57:41.191000,8.36519,8.36419,1000000,1000000
2017-02-22 06:57:41.241000,8.36499,8.36395,1000000,1000000
2017-02-22 06:57:55.642000,8.36517,8.36413,1000000,1000000
2017-02-22 06:58:05.287000,8.36499,8.36395,1000000,1000000
2017-02-22 06:58:05.591000,8.36487,8.36383,1000000,1000000
2017-02-22 06:58:05.917000,8.36503,8.36399,1000000,1000000
2017-02-22 06:58:06.259000,8.36484,8.36382,1000000,1000000
2017-02-22 06:58:07.273000,8.36472,8.36368,1000000,1000000
2017-02-22 06:58:07.814000,8.36473,8.36369,1000000,1000000
2017-02-22 06:58:15.824000,8.36489,8.36385,1000000,1000000
2017-02-22 06:58:16.128000,8.36513,8.36409,1000000,1000000
2017-02-22 06:58:16.866000,8.36509,8.36409,1000000,1000000
2017-02-22 06:58:16.917000,8.36489,8.36385,1000000,1000000
2017-02-22 06:58:18.527000,8.36474,8.3637,1000000,1000000
2017-02-22 06:58:19.146000,8.36463,8.36359,1000000,1000000
2017-02-22 06:58:20.073000,8.36463,8.36371,1000000,1000000
2017-02-22 06:58:20.124000,8.36495,8.36391,1000000,1000000
2017-02-22 06:58:20.323000,8.36479,8.36375,1000000,1000000
2017-02-22 06:58:20.626000,8.36455,8.36351,1000000,1000000
2017-02-22 06:58:21.733000,8.36438,8.36336,1000000,1000000
2017-02-22 06:58:23.040000,8.36423,8.36319,1000000,1000000
2017-02-22 06:58:23.141000,8.36407,8.36303,1000000,1000000
2017-02-22 06:58:23.460000,8.36423,8.36319,1000000,1000000
2017-02-22 06:58:23.765000,8.36438,8.36334,1000000,1000000
2017-02-22 06:58:25.579000,8.36433,8.36334,1000000,1000000
2017-02-22 06:58:25.630000,8.36414,8.3631,1000000,1000000
2017-02-22 06:58:31.914000,8.36425,8.36323,1000000,1000000
2017-02-22 06:58:32.015000,8.3644,8.36336,1000000,1000000
2017-02-22 06:58:34.550000,8.36437,8.36336,1000000,1000000
2017-02-22 06:58:34.943000,8.36421,8.36336,1000000,1000000
2017-02-22 06:58:34.994000,8.36398,8.36299,1000000,1000000
2017-02-22 06:58:38.252000,8.36402,8.36299,1000000,1000000
2017-02-22 06:58:42.998000,8.36398,8.36299,1000000,1000000
2017-02-22 06:58:43.368000,8.36402,8.36299,1000000,1000000
2017-02-22 06:58:43.571000,8.36418,8.36314,1000000,1000000
2017-02-22 06:58:43.737000,8.36407,8.36303,1000000,1000000
2017-02-22 06:58:44.131000,8.36419,8.36315,1000000,1000000
2017-02-22 06:58:44.448000,8.36408,8.36315,1000000,1000000
2017-02-22 06:58:44.998000,8.36397,8.36315,1000000,1000000
2017-02-22 06:58:45.049000,8.36408,8.36315,1000000,1000000
2017-02-22 06:58:45.234000,8.36403,8.36299,1000000,1000000
2017-02-22 06:58:45.958000,8.36398,8.36299,1000000,1000000
2017-02-22 06:58:46.289000,8.36388,8.36299,1000000,1000000
2017-02-22 06:58:46.339000,8.36381,8.36279,1000000,1000000
2017-02-22 06:58:46.441000,8.36366,8.36262,1000000,1000000
2017-02-22 06:58:46.542000,8.36355,8.36251,1000000,1000000
2017-02-22 06:58:46.846000,8.36371,8.36267,1000000,1000000
2017-02-22 06:58:49.390000,8.36371,8.36271,1000000,1000000
2017-02-22 06:58:49.441000,8.36395,8.36291,1000000,1000000
2017-02-22 06:58:53.957000,8.36382,8.36278,1000000,1000000
2017-02-22 06:58:54.260000,8.36366,8.36262,1000000,1000000
2017-02-22 06:58:56.920000,8.36366,8.36264,1000000,1000000
2017-02-22 06:58:56.971000,8.36388,8.36284,1000000,1000000
2017-02-22 06:58:58.756000,8.36373,8.36269,1000000,1000000
2017-02-22 06:59:00.710000,8.36373,8.36273,1000000,1000000
2017-02-22 06:59:00.761000,8.36373,8.36269,1000000,1000000
2017-02-22 06:59:00.941000,8.36388,8.36309,1000000,1000000
2017-02-22 06:59:00.991000,8.36398,8.36309,1000000,1000000
2017-02-22 06:59:01.042000,8.36395,8.36309,1000000,1000000
2017-02-22 06:59:01.093000,8.36375,8.36271,1000000,1000000
2017-02-22 06:59:01.195000,8.36388,8.36284,1000000,1000000
2017-02-22 06:59:02.528000,8.36348,8.36284,1000000,1000000
2017-02-22 06:59:02.578000,8.36348,8.36268,1000000,1000000
2017-02-22 06:59:02.680000,8.36328,8.36224,1500000,1000000
2017-02-22 06:59:02.882000,8.36314,8.36211,1000000,1000000
2017-02-22 06:59:03.183000,8.36325,8.36221,1000000,1000000
2017-02-22 06:59:04.478000,8.36314,8.3621,1000000,1000000
2017-02-22 06:59:05.284000,8.36299,8.36197,1000000,1000000
2017-02-22 06:59:05.994000,8.3628,8.36176,1000000,1000000
2017-02-22 06:59:06.671000,8.36265,8.36163,1000000,1000000
2017-02-22 06:59:06.772000,8.36277,8.36173,1000000,1000000
2017-02-22 06:59:07.115000,8.36265,8.36163,1000000,1000000
2017-02-22 06:59:07.447000,8.36277,8.36175,1000000,1000000
2017-02-22 06:59:08.398000,8.36265,8.36161,1000000,1000000
2017-02-22 06:59:08.681000,8.36244,8.3614,1000000,1000000
2017-02-22 06:59:09.016000,8.36259,8.36156,1000000,1000000
2017-02-22 06:59:12.317000,8.36245,8.36142,1000000,1000000
2017-02-22 06:59:12.623000,8.36277,8.36173,1000000,1000000
2017-02-22 06:59:13.693000,8.36268,8.36173,1000000,1000000
2017-02-22 06:59:14.613000,8.36261,8.36157,1000000,1000000
2017-02-22 06:59:15.585000,8.36258,8.36157,1000000,1000000
2017-02-22 06:59:16.234000,8.36261,8.36157,1000000,1000000
2017-02-22 06:59:23.329000,8.36285,8.36181,1000000,1000000
2017-02-22 06:59:23.813000,8.36278,8.36181,1000000,1000000
2017-02-22 06:59:24.183000,8.36267,8.36181,1000000,1000000
2017-02-22 06:59:24.234000,8.36267,8.36165,1000000,1000000
2017-02-22 06:59:24.478000,8.36258,8.36165,1000000,1000000
2017-02-22 06:59:24.529000,8.36268,8.36165,1000000,1000000
2017-02-22 06:59:24.732000,8.36244,8.36143,1000000,1000000
2017-02-22 06:59:25.337000,8.36238,8.36153,1000000,1000000
2017-02-22 06:59:25.438000,8.36232,8.36128,1000000,1000000
2017-02-22 06:59:26.302000,8.36216,8.36128,1000000,1000000
2017-02-22 06:59:26.353000,8.36196,8.36092,1000000,1000000
2017-02-22 06:59:26.757000,8.36187,8.36092,1000000,1000000
2017-02-22 06:59:26.885000,8.36196,8.36092,1000000,1000000
2017-02-22 06:59:30.095000,8.36179,8.36092,1000000,1000000
2017-02-22 06:59:30.146000,8.36159,8.36055,1000000,1000000
2017-02-22 06:59:32.025000,8.36175,8.36071,1000000,1000000
2017-02-22 06:59:37.257000,8.36156,8.36052,1000000,1000000
2017-02-22 06:59:37.946000,8.36156,8.36053,1000000,1000000
2017-02-22 06:59:38.554000,8.36156,8.36052,1000000,1000000
2017-02-22 06:59:39.261000,8.3617,8.36066,1000000,1000000
2017-02-22 06:59:45.841000,8.36166,8.36066,1000000,1000000
2017-02-22 06:59:45.892000,8.36146,8.36042,1000000,1000000
2017-02-22 06:59:49.972000,8.36123,8.36028,1000000,1000000
2017-02-22 06:59:50.023000,8.36123,8.36019,1000000,1000000
2017-02-22 06:59:50.073000,8.36144,8.3604,1000000,1000000
2017-02-22 06:59:51.188000,8.3616,8.36056,1000000,1000000
2017-02-22 06:59:53.008000,8.36149,8.36045,1000000,1000000
2017-02-22 06:59:53.322000,8.36157,8.36056,1000000,1000000
2017-02-22 06:59:53.524000,8.3616,8.36056,1000000,1000000
2017-02-22 06:59:55.664000,8.36135,8.36056,1000000,1000000
2017-02-22 06:59:55.714000,8.36116,8.36012,1000000,1000000
2017-02-22 06:59:59.415000,8.36116,8.36093,1000000,1000000
2017-02-22 06:59:59.516000,8.36127,8.36078,1000000,1000000
2017-02-22 06:59:59.567000,8.36139,8.3609,1000000,1000000
2017-02-22 06:59:59.618000,8.36202,8.36098,1000000,1000000
2017-02-22 06:59:59.719000,8.36218,8.36114,1000000,1000000
2017-02-22 07:00:00.022000,8.36218,8.36124,1120000,1000000
2017-02-22 07:00:00.072000,8.36218,8.36118,1120000,1000000
2017-02-22 07:00:00.123000,8.36234,8.3613,1370000,1000000
2017-02-22 07:00:00.353000,8.36254,8.36108,1370000,1000000
2017-02-22 07:00:00.404000,8.36254,8.36108,1000000,1000000
2017-02-22 07:00:00.455000,8.36254,8.36126,1000000,1000000
2017-02-22 07:00:00.758000,8.36254,8.36122,1000000,1000000
2017-02-22 07:00:01.011000,8.36254,8.36124,1000000,1000000
2017-02-22 07:00:01.232000,8.36254,8.36122,1000000,1000000
2017-02-22 07:00:01.283000,8.36254,8.36131,1000000,1000000
2017-02-22 07:00:01.435000,8.36277,8.36131,1000000,1000000
2017-02-22 07:00:01.699000,8.36277,8.36135,1000000,1000000
2017-02-22 07:00:02.032000,8.36277,8.36162,1000000,1000000
2017-02-22 07:00:02.134000,8.36278,8.36139,1000000,1000000
2017-02-22 07:00:02.236000,8.36278,8.36161,1000000,1000000
2017-02-22 07:00:02.438000,8.36278,8.36139,1000000,1000000
2017-02-22 07:00:03.042000,8.36243,8.36139,1000000,1000000
2017-02-22 07:00:03.501000,8.36046,8.35993,1000000,1370000
2017-02-22 07:00:03.813000,8.3589,8.35851,1000000,1000000
2017-02-22 07:00:03.892000,8.3589,8.35819,1000000,1000000
2017-02-22 07:00:04.194000,8.35886,8.35864,1000000,1000000
2017-02-22 07:00:04.245000,8.35867,8.35707,1000000,1000000
2017-02-22 07:00:04.299000,8.35867,8.35843,1000000,1000000
2017-02-22 07:00:04.400000,8.35898,8.35843,1000000,1000000
2017-02-22 07:00:04.501000,8.35927,8.35843,1000000,1000000
2017-02-22 07:00:04.602000,8.35963,8.35843,1000000,1000000
2017-02-22 07:00:05.218000,8.35979,8.35834,1000000,1000000
2017-02-22 07:00:05.269000,8.35989,8.35845,1000000,1000000
2017-02-22 07:00:05.522000,8.35987,8.35842,1000000,1000000
2017-02-22 07:00:05.572000,8.35951,8.35836,1000000,1000000
2017-02-22 07:00:06.118000,8.3595,8.35836,1000000,1000000
2017-02-22 07:00:06.432000,8.3595,8.35844,1000000,1370000
2017-02-22 07:00:06.534000,8.36009,8.35895,1000000,1000000
2017-02-22 07:00:06.689000,8.36009,8.35879,1000000,1000000
2017-02-22 07:00:06.740000,8.36009,8.35853,1000000,1000000
2017-02-22 07:00:06.841000,8.35998,8.35853,1000000,1000000
2017-02-22 07:00:07.195000,8.36009,8.35882,1000000,1000000
2017-02-22 07:00:07.508000,8.36009,8.35885,1000000,1000000
2017-02-22 07:00:07.812000,8.36009,8.35891,1000000,1000000
2017-02-22 07:00:08.311000,8.36009,8.35873,1000000,1000000
2017-02-22 07:00:08.413000,8.36009,8.3588,1000000,1000000
2017-02-22 07:00:08.716000,8.36028,8.35904,1000000,1000000
2017-02-22 07:00:09.246000,8.36076,8.35917,1000000,1000000
2017-02-22 07:00:09.398000,8.36076,8.35923,1000000,1000000
2017-02-22 07:00:09.740000,8.36168,8.36026,1000000,1000000
2017-02-22 07:00:09.893000,8.36168,8.36007,1000000,1000000
2017-02-22 07:00:09.944000,8.36168,8.36072,1000000,1000000
2017-02-22 07:00:10.145000,8.36203,8.36042,1000000,1000000
2017-02-22 07:00:10.246000,8.36203,8.36077,1000000,1000000
2017-02-22 07:00:10.557000,8.36203,8.36083,1000000,1000000
2017-02-22 07:00:11.287000,8.36203,8.36085,1000000,1000000
2017-02-22 07:00:11.357000,8.36203,8.36072,1000000,1000000
2017-02-22 07:00:11.408000,8.36203,8.36042,1000000,1000000
2017-02-22 07:00:11.509000,8.36203,8.36052,1000000,1000000
2017-02-22 07:00:11.813000,8.36021,8.35888,1000000,1000000
2017-02-22 07:00:11.915000,8.36068,8.35921,1000000,1000000
2017-02-22 07:00:11.966000,8.36068,8.35908,1000000,1000000
2017-02-22 07:00:12.017000,8.36119,8.35962,1750000,1000000
2017-02-22 07:00:12.119000,8.36165,8.36021,1000000,1000000
2017-02-22 07:00:12.170000,8.36165,8.36013,1000000,1000000
2017-02-22 07:00:12.271000,8.36165,8.36046,1000000,1000000
2017-02-22 07:00:12.322000,8.36165,8.36004,1000000,1000000
2017-02-22 07:00:12.373000,8.36148,8.36004,1000000,1000000
2017-02-22 07:00:12.424000,8.36159,8.36004,1000000,1000000
2017-02-22 07:00:12.525000,8.36124,8.35983,1000000,1000000
2017-02-22 07:00:12.905000,8.36014,8.35892,1000000,1000000
2017-02-22 07:00:12.956000,8.36014,8.3587,1000000,1000000
2017-02-22 07:00:13.521000,8.36011,8.35866,1000000,1000000
2017-02-22 07:00:13.572000,8.36026,8.35962,1000000,1000000
2017-02-22 07:00:13.623000,8.36026,8.35913,1000000,1000000
2017-02-22 07:00:13.676000,8.36026,8.35962,1000000,1000000
2017-02-22 07:00:13.945000,8.36055,8.35932,1000000,1000000
2017-02-22 07:00:14.048000,8.36069,8.35947,1000000,1000000
2017-02-22 07:00:14.352000,8.36174,8.36088,1000000,1000000
2017-02-22 07:00:14.453000,8.36194,8.36088,1000000,1000000
2017-02-22 07:00:14.689000,8.36252,8.36196,1000000,1000000
2017-02-22 07:00:14.740000,8.36334,8.36196,1000000,1000000
2017-02-22 07:00:14.791000,8.36334,8.36202,1000000,1000000
2017-02-22 07:00:15.094000,8.36415,8.36309,1000000,1000000
2017-02-22 07:00:15.347000,8.36462,8.36334,1000000,1000000
2017-02-22 07:00:15.397000,8.36462,8.36339,1000000,1000000
2017-02-22 07:00:15.700000,8.36482,8.36374,1000000,1500000
2017-02-22 07:00:15.802000,8.36501,8.36374,1000000,1000000
2017-02-22 07:00:15.903000,8.36493,8.3634,1000000,1000000
2017-02-22 07:00:15.954000,8.36448,8.3634,1000000,1000000
2017-02-22 07:00:16.056000,8.36441,8.36288,1000000,1000000
2017-02-22 07:00:16.209000,8.36433,8.36288,1000000,1000000
2017-02-22 07:00:16.508000,8.36434,8.36273,1000000,1000000
2017-02-22 07:00:16.918000,8.36434,8.36279,1000000,1000000
2017-02-22 07:00:17.121000,8.36434,8.36273,1000000,1000000
2017-02-22 07:00:17.172000,8.36434,8.36276,1000000,1000000
2017-02-22 07:00:17.475000,8.36417,8.36273,1000000,1000000
2017-02-22 07:00:17.678000,8.36434,8.36276,1000000,1000000
2017-02-22 07:00:18.238000,8.36419,8.36273,1000000,1000000
2017-02-22 07:00:18.610000,8.36423,8.36279,1000000,1000000
2017-02-22 07:00:18.972000,8.36406,8.36279,1000000,1000000
2017-02-22 07:00:20.153000,8.36406,8.36289,1000000,1000000
2017-02-22 07:00:20.254000,8.36406,8.36283,1000000,1000000
2017-02-22 07:00:20.355000,8.36406,8.36276,1000000,1000000
2017-02-22 07:00:20.681000,8.36406,8.36279,1000000,1000000
2017-02-22 07:00:21.048000,8.36406,8.36297,1000000,1000000
2017-02-22 07:00:21.366000,8.36406,8.36288,1000000,1000000
2017-02-22 07:00:22.037000,8.36406,8.36284,1000000,1000000
2017-02-22 07:00:22.729000,8.36406,8.36279,1000000,1000000
2017-02-22 07:00:24.958000,8.36406,8.36287,1000000,1000000
2017-02-22 07:00:25.323000,8.36406,8.36292,1000000,1000000
2017-02-22 07:00:25.374000,8.36406,8.36283,1000000,1000000
2017-02-22 07:00:25.751000,8.36427,8.36325,1000000,1000000
2017-02-22 07:00:25.853000,8.36463,8.36346,1000000,1000000
2017-02-22 07:00:25.954000,8.36476,8.36346,1000000,1000000
2017-02-22 07:00:26.164000,8.36476,8.36368,1000000,1000000
2017-02-22 07:00:26.265000,8.36495,8.36368,1000000,1000000
2017-02-22 07:00:26.355000,8.36504,8.36368,1000000,1000000
2017-02-22 07:00:27.722000,8.36423,8.36343,1000000,1000000
2017-02-22 07:00:27.925000,8.36382,8.36248,1000000,1000000
2017-02-22 07:00:27.975000,8.3635,8.36227,1000000,1000000
2017-02-22 07:00:28.026000,8.3635,8.36208,1000000,1000000
2017-02-22 07:00:28.077000,8.3637,8.36216,1000000,1000000
2017-02-22 07:00:28.128000,8.36377,8.36216,1000000,1000000
2017-02-22 07:00:28.481000,8.36339,8.36196,1000000,1000000
2017-02-22 07:00:28.609000,8.36339,8.36188,1000000,1000000
2017-02-22 07:00:28.676000,8.36339,8.36184,1000000,1000000
2017-02-22 07:00:28.878000,8.36339,8.36181,1000000,1000000
2017-02-22 07:00:29.053000,8.36339,8.36178,1000000,1000000
2017-02-22 07:00:29.608000,8.36339,8.36191,1000000,1000000
2017-02-22 07:00:30.014000,8.36339,8.36178,1000000,1000000
2017-02-22 07:00:30.065000,8.36311,8.36178,1000000,1000000
2017-02-22 07:00:30.383000,8.36218,8.36115,1000000,1000000
2017-02-22 07:00:30.434000,8.36218,8.36074,1000000,1000000
2017-02-22 07:00:30.636000,8.36204,8.36073,1000000,1000000
2017-02-22 07:00:30.687000,8.36204,8.36054,1000000,1500000
2017-02-22 07:00:31.095000,8.36194,8.36049,1000000,1000000
2017-02-22 07:00:31.406000,8.36175,8.36049,1000000,1000000
2017-02-22 07:00:31.457000,8.36175,8.36026,1000000,1000000
2017-02-22 07:00:31.597000,8.36184,8.36039,1000000,1000000
2017-02-22 07:00:31.911000,8.36168,8.36026,1000000,1000000
2017-02-22 07:00:32.214000,8.36044,8.35969,1000000,1000000
2017-02-22 07:00:32.265000,8.36044,8.35949,1000000,1000000
2017-02-22 07:00:32.316000,8.36029,8.35888,1000000,1500000
2017-02-22 07:00:32.467000,8.36026,8.35884,1000000,1000000
2017-02-22 07:00:32.518000,8.36026,8.35903,1000000,1000000
2017-02-22 07:00:32.821000,8.36075,8.35944,1000000,1000000
2017-02-22 07:00:33.064000,8.36047,8.35944,1000000,1000000
2017-02-22 07:00:33.115000,8.36043,8.35899,1000000,1000000
2017-02-22 07:00:33.267000,8.36014,8.35872,1000000,1000000
2017-02-22 07:00:33.880000,8.36014,8.35888,1000000,1000000
2017-02-22 07:00:33.954000,8.36013,8.35869,1000000,1000000
2017-02-22 07:00:34.886000,8.36014,8.35874,1000000,1000000
2017-02-22 07:00:35.236000,8.36014,8.3589,1000000,1000000
2017-02-22 07:00:35.539000,8.36096,8.36014,1000000,1000000
2017-02-22 07:00:35.590000,8.36116,8.36029,1000000,1000000
2017-02-22 07:00:35.691000,8.36158,8.36029,1000000,1000000
2017-02-22 07:00:35.792000,8.36153,8.36012,1000000,1000000
2017-02-22 07:00:36.266000,8.36153,8.36017,1000000,1000000
2017-02-22 07:00:36.367000,8.36168,8.36031,1000000,1000000
2017-02-22 07:00:36.418000,8.36173,8.36031,1000000,1000000
2017-02-22 07:00:36.787000,8.36168,8.36026,1000000,1000000
2017-02-22 07:00:37.015000,8.36171,8.36026,1000000,1000000
2017-02-22 07:00:37.265000,8.36168,8.36026,1000000,1000000
2017-02-22 07:00:37.768000,8.36168,8.36023,1500000,1000000
2017-02-22 07:00:37.910000,8.36168,8.36025,1000000,1000000
2017-02-22 07:00:38.214000,8.36173,8.36039,1000000,1000000
2017-02-22 07:00:38.759000,8.36173,8.36028,1500000,1000000
2017-02-22 07:00:39.020000,8.36167,8.36028,1000000,1000000
2017-02-22 07:00:39.762000,8.36167,8.36024,1000000,1000000
2017-02-22 07:00:41.360000,8.36167,8.36026,1000000,1000000
2017-02-22 07:00:41.792000,8.36128,8.36026,1000000,1000000
2017-02-22 07:00:43.594000,8.36128,8.36032,1000000,1000000
2017-02-22 07:00:43.796000,8.36128,8.36026,1000000,1000000
2017-02-22 07:00:44.683000,8.36128,8.36021,1000000,1000000
2017-02-22 07:00:44.835000,8.36173,8.36035,1000000,1000000
2017-02-22 07:00:44.986000,8.36178,8.36035,1500000,1000000
2017-02-22 07:00:45.037000,8.36168,8.36039,1000000,1000000
2017-02-22 07:00:45.879000,8.36168,8.36059,1000000,1000000
2017-02-22 07:00:46.031000,8.36197,8.36059,1500000,1000000
2017-02-22 07:00:46.283000,8.36197,8.36063,1000000,1000000
2017-02-22 07:00:46.616000,8.36197,8.36071,1000000,1000000
2017-02-22 07:00:46.852000,8.36218,8.36077,1000000,1000000
2017-02-22 07:00:47.023000,8.36224,8.36077,1000000,1000000
2017-02-22 07:00:47.124000,8.36224,8.36063,1000000,1000000
2017-02-22 07:00:47.602000,8.36224,8.36066,1000000,1000000
2017-02-22 07:00:52.528000,8.36224,8.36065,1000000,1000000
2017-02-22 07:00:53.349000,8.36224,8.36116,1000000,1000000
2017-02-22 07:00:53.503000,8.36244,8.36116,1000000,1000000
2017-02-22 07:00:53.604000,8.36274,8.36116,1000000,1000000
2017-02-22 07:00:53.806000,8.36268,8.36116,1000000,1000000
2017-02-22 07:00:54.048000,8.36274,8.36116,1000000,1000000
2017-02-22 07:00:54.151000,8.36268,8.36116,1000000,1000000
2017-02-22 07:00:54.507000,8.36268,8.36123,1000000,1000000
2017-02-22 07:00:54.842000,8.36258,8.36123,1000000,1000000
2017-02-22 07:00:55.060000,8.36258,8.3612,1000000,1000000
2017-02-22 07:00:55.520000,8.36268,8.3612,1000000,1000000
2017-02-22 07:00:55.819000,8.36268,8.36122,1000000,1000000
2017-02-22 07:00:56.123000,8.36268,8.36136,1000000,1000000
2017-02-22 07:00:56.651000,8.36267,8.36136,1000000,1000000
2017-02-22 07:00:57.321000,8.36265,8.36117,1000000,1000000
2017-02-22 07:00:57.523000,8.36265,8.36111,1000000,1000000
2017-02-22 07:01:00.435000,8.36265,8.36117,1000000,1000000
2017-02-22 07:01:00.738000,8.36268,8.36129,1000000,1000000
2017-02-22 07:01:01.082000,8.36268,8.36141,1000000,1000000
2017-02-22 07:01:01.467000,8.36268,8.36143,1000000,1000000
2017-02-22 07:01:01.725000,8.36278,8.36137,1000000,1000000
2017-02-22 07:01:02.668000,8.36278,8.36139,1000000,1000000
2017-02-22 07:01:02.719000,8.36278,8.36128,1000000,1000000
2017-02-22 07:01:02.971000,8.36278,8.36136,1000000,1000000
2017-02-22 07:01:03.196000,8.36278,8.36128,1000000,1000000
2017-02-22 07:01:03.819000,8.36277,8.36128,1000000,1000000
2017-02-22 07:01:04.027000,8.36277,8.36132,1000000,1000000
2017-02-22 07:01:04.229000,8.36277,8.36129,1000000,1000000
2017-02-22 07:01:04.330000,8.36288,8.36129,1000000,1000000
2017-02-22 07:01:04.569000,8.36278,8.36129,1000000,1000000
2017-02-22 07:01:05.096000,8.36278,8.36128,1000000,1000000
2017-02-22 07:01:07.031000,8.36268,8.36128,1000000,1000000
2017-02-22 07:01:07.782000,8.36278,8.3614,1000000,1000000
2017-02-22 07:01:07.833000,8.36308,8.36153,1000000,1000000
2017-02-22 07:01:08.136000,8.36302,8.36153,1000000,1000000
2017-02-22 07:01:08.438000,8.36298,8.36172,1000000,1000000
2017-02-22 07:01:08.740000,8.36288,8.36174,1000000,1000000
2017-02-22 07:01:08.791000,8.36297,8.36174,1000000,1000000
2017-02-22 07:01:09.767000,8.36278,8.36174,1000000,1000000
2017-02-22 07:01:10.308000,8.36288,8.36174,1000000,1000000
2017-02-22 07:01:10.716000,8.36298,8.36174,1000000,1000000
2017-02-22 07:01:11.478000,8.36288,8.36174,1000000,1000000
2017-02-22 07:01:13.417000,8.36278,8.36174,1000000,1000000
2017-02-22 07:01:13.814000,8.36287,8.36174,1000000,1000000
2017-02-22 07:01:13.905000,8.36298,8.36174,1000000,1000000
2017-02-22 07:01:13.956000,8.36307,8.36175,1000000,1000000
2017-02-22 07:01:14.006000,8.36307,8.36196,1000000,1000000
2017-02-22 07:01:14.057000,8.36307,8.36187,1000000,1000000
2017-02-22 07:01:14.701000,8.36298,8.36187,1000000,1000000
2017-02-22 07:01:15.005000,8.36298,8.36183,1000000,1000000
2017-02-22 07:01:15.958000,8.36308,8.36183,1000000,1000000
2017-02-22 07:01:16.279000,8.36288,8.36183,1000000,1000000
2017-02-22 07:01:16.576000,8.36288,8.36179,1000000,1000000
2017-02-22 07:01:17.387000,8.36298,8.36179,1000000,1000000
2017-02-22 07:01:17.648000,8.36298,8.36177,1000000,1000000
2017-02-22 07:01:18.770000,8.36288,8.36177,1000000,1000000
2017-02-22 07:01:21.175000,8.36288,8.36178,1000000,1000000
2017-02-22 07:01:21.837000,8.36288,8.36177,1000000,1500000
2017-02-22 07:01:22.656000,8.36288,8.36178,1000000,1000000
2017-02-22 07:01:23.085000,8.36298,8.36177,1000000,1000000
2017-02-22 07:01:23.612000,8.36298,8.36176,1000000,1000000
2017-02-22 07:01:24.795000,8.36298,8.36177,1000000,1000000
2017-02-22 07:01:25.395000,8.36298,8.36178,1000000,1000000
2017-02-22 07:01:26.537000,8.36298,8.36181,1000000,1000000
2017-02-22 07:01:27.536000,8.36297,8.36181,1000000,1000000
2017-02-22 07:01:28.144000,8.36298,8.36181,1000000,1000000
2017-02-22 07:01:28.766000,8.36297,8.36181,1000000,1000000
2017-02-22 07:01:30.199000,8.36298,8.36181,1000000,1000000
2017-02-22 07:01:30.770000,8.36298,8.36186,1000000,1000000
2017-02-22 07:01:31.288000,8.36298,8.36187,1000000,1000000
2017-02-22 07:01:31.809000,8.36298,8.36186,1000000,1000000
2017-02-22 07:01:32.267000,8.36298,8.36188,1000000,1000000
2017-02-22 07:01:32.812000,8.36297,8.36188,1000000,1000000
2017-02-22 07:01:33.366000,8.36288,8.36188,1000000,1000000
2017-02-22 07:01:33.515000,8.36297,8.36188,1000000,1000000
2017-02-22 07:01:33.964000,8.36298,8.36209,1000000,1000000
2017-02-22 07:01:34.098000,8.36317,8.36222,1000000,1000000
2017-02-22 07:01:34.538000,8.36328,8.36222,1000000,1000000
2017-02-22 07:01:34.589000,8.36328,8.36194,1000000,1500000
2017-02-22 07:01:34.690000,8.36328,8.36192,1000000,1000000
2017-02-22 07:01:34.755000,8.36315,8.36188,1000000,1000000
2017-02-22 07:01:35.068000,8.36318,8.36195,1000000,1000000
2017-02-22 07:01:35.119000,8.36318,8.36191,1000000,1000000
2017-02-22 07:01:35.270000,8.36318,8.36182,1000000,1000000
2017-02-22 07:01:37.015000,8.36327,8.36182,1000000,1000000
2017-02-22 07:01:37.640000,8.36327,8.3618,1000000,1000000
2017-02-22 07:01:38.305000,8.36328,8.36189,1000000,1000000
2017-02-22 07:01:38.646000,8.36328,8.36195,1000000,1000000
2017-02-22 07:01:38.949000,8.36328,8.36199,1000000,1000000
2017-02-22 07:01:39.101000,8.36328,8.36193,1500000,1000000
2017-02-22 07:01:39.152000,8.36328,8.36204,1500000,1000000
2017-02-22 07:01:39.653000,8.36328,8.36192,1500000,1000000
2017-02-22 07:01:40.107000,8.36308,8.36192,1000000,1000000
2017-02-22 07:01:40.619000,8.36308,8.36193,1000000,1000000
2017-02-22 07:01:40.771000,8.36308,8.36187,1000000,1000000
2017-02-22 07:01:41.515000,8.36318,8.36187,1000000,1000000
2017-02-22 07:01:41.639000,8.36318,8.36182,1000000,1000000
2017-02-22 07:01:42.254000,8.36298,8.36176,1000000,1000000
2017-02-22 07:01:42.555000,8.36298,8.36184,1000000,1000000
2017-02-22 07:01:42.687000,8.36298,8.36178,1000000,1000000
2017-02-22 07:01:43.508000,8.36287,8.36178,1000000,1000000
2017-02-22 07:01:45.226000,8.36288,8.36178,1000000,1000000
2017-02-22 07:01:45.397000,8.36288,8.36172,1000000,1000000
2017-02-22 07:01:45.515000,8.36278,8.36172,1000000,1000000
2017-02-22 07:01:46.046000,8.36277,8.36172,1000000,1000000
2017-02-22 07:01:46.559000,8.36278,8.36172,1000000,1000000
2017-02-22 07:01:47.279000,8.36278,8.36173,1000000,1000000
2017-02-22 07:01:48.030000,8.36278,8.36169,1000000,1000000
2017-02-22 07:01:48.233000,8.36278,8.36162,1000000,1000000
2017-02-22 07:01:48.283000,8.36257,8.36147,1000000,1000000
2017-02-22 07:01:49.125000,8.36257,8.3614,1000000,1000000
2017-02-22 07:01:49.181000,8.36248,8.36127,1000000,1000000
2017-02-22 07:01:49.283000,8.36218,8.36124,1000000,1000000
2017-02-22 07:01:49.333000,8.36218,8.36108,1000000,1000000
2017-02-22 07:01:50.221000,8.36228,8.36108,1000000,1000000
2017-02-22 07:01:50.272000,8.36228,8.36092,1000000,1000000
2017-02-22 07:01:50.424000,8.36209,8.3609,1000000,1000000
2017-02-22 07:01:50.937000,8.36208,8.3609,1000000,1000000
2017-02-22 07:01:51.471000,8.36209,8.3609,1000000,1000000
2017-02-22 07:01:52.033000,8.36208,8.3609,1000000,1000000
2017-02-22 07:01:52.814000,8.36208,8.36089,1000000,1000000
2017-02-22 07:01:53.364000,8.36209,8.36078,1000000,1000000
2017-02-22 07:01:53.415000,8.36191,8.36076,1000000,1000000
2017-02-22 07:01:54.384000,8.36191,8.36079,1000000,1000000
2017-02-22 07:01:55.344000,8.36191,8.36058,1000000,1000000
2017-02-22 07:01:58.216000,8.36191,8.36064,1000000,1000000
2017-02-22 07:01:58.391000,8.36191,8.36058,1000000,1000000
2017-02-22 07:02:00.045000,8.36191,8.36054,1000000,1000000
2017-02-22 07:02:00.096000,8.36191,8.36057,1000000,1000000
2017-02-22 07:02:00.147000,8.36191,8.36054,1000000,1000000
2017-02-22 07:02:01.255000,8.36191,8.3606,1000000,1000000
2017-02-22 07:02:02.012000,8.36191,8.36075,1000000,1000000
2017-02-22 07:02:02.113000,8.36191,8.3607,1000000,1000000
2017-02-22 07:02:02.164000,8.36211,8.3607,1000000,1000000
2017-02-22 07:02:02.265000,8.36214,8.36074,1000000,1000000
2017-02-22 07:02:03.013000,8.36214,8.36067,1000000,1000000
2017-02-22 07:02:04.034000,8.36214,8.3607,1000000,1000000
2017-02-22 07:02:05.365000,8.36214,8.36081,1000000,1000000
2017-02-22 07:02:05.790000,8.36214,8.36122,1000000,1000000
2017-02-22 07:02:05.841000,8.36235,8.36123,1000000,1000000
2017-02-22 07:02:05.892000,8.36248,8.36122,1000000,1000000
2017-02-22 07:02:06.045000,8.36258,8.36126,1000000,1000000
2017-02-22 07:02:06.312000,8.36255,8.36114,1000000,1000000
2017-02-22 07:02:06.563000,8.36264,8.36118,1000000,1500000
2017-02-22 07:02:06.614000,8.36264,8.36123,1000000,1000000
2017-02-22 07:02:07.015000,8.36264,8.36129,1000000,1000000
2017-02-22 07:02:08.530000,8.36264,8.36127,1000000,1000000
2017-02-22 07:02:08.891000,8.36264,8.36124,1000000,1000000
2017-02-22 07:02:09.143000,8.36261,8.36113,1000000,1000000
2017-02-22 07:02:09.412000,8.3626,8.36106,1000000,1000000
2017-02-22 07:02:09.532000,8.36249,8.36105,1000000,1000000
2017-02-22 07:02:10.415000,8.36244,8.36103,1000000,1000000
2017-02-22 07:02:10.632000,8.3623,8.36086,1000000,1000000
2017-02-22 07:02:11.338000,8.36223,8.36086,1000000,1000000
2017-02-22 07:02:11.490000,8.36215,8.36072,1000000,1000000
2017-02-22 07:02:11.889000,8.36212,8.36072,1000000,1000000
2017-02-22 07:02:11.939000,8.36209,8.36066,1000000,1000000
2017-02-22 07:02:11.990000,8.36193,8.36061,1000000,1000000
2017-02-22 07:02:12.091000,8.36188,8.36043,1000000,1000000
2017-02-22 07:02:12.427000,8.36173,8.36037,1000000,1000000
2017-02-22 07:02:12.578000,8.3616,8.36017,1000000,1000000
2017-02-22 07:02:12.629000,8.3616,8.36015,1000000,1000000
2017-02-22 07:02:12.730000,8.36152,8.36015,1000000,1000000
2017-02-22 07:02:13.033000,8.36144,8.36008,1000000,1000000
2017-02-22 07:02:13.355000,8.36133,8.35999,1000000,1000000
2017-02-22 07:02:13.405000,8.36123,8.35976,1500000,1000000
2017-02-22 07:02:13.456000,8.36086,8.35956,1000000,1000000
2017-02-22 07:02:13.507000,8.36086,8.35936,1000000,1000000
2017-02-22 07:02:13.608000,8.36086,8.35958,1000000,1000000
2017-02-22 07:02:13.760000,8.36103,8.35958,1000000,1000000
2017-02-22 07:02:14.900000,8.36102,8.35958,1000000,1000000
2017-02-22 07:02:15.307000,8.36102,8.35947,1000000,1000000
2017-02-22 07:02:15.358000,8.36093,8.35947,1000000,1000000
2017-02-22 07:02:15.661000,8.36092,8.35951,1000000,1000000
2017-02-22 07:02:16.035000,8.36092,8.35947,1000000,1500000
2017-02-22 07:02:16.251000,8.36102,8.35948,2250000,1000000
2017-02-22 07:02:16.301000,8.36083,8.35947,1000000,1500000
2017-02-22 07:02:16.921000,8.36083,8.35948,1000000,1000000
2017-02-22 07:02:17.141000,8.36083,8.35928,1000000,1000000
2017-02-22 07:02:18.145000,8.36089,8.35942,1000000,1000000
2017-02-22 07:02:19.122000,8.36089,8.35943,1000000,1000000
2017-02-22 07:02:22.543000,8.36089,8.35947,1000000,1000000
2017-02-22 07:02:23.708000,8.36089,8.35948,1000000,1000000
2017-02-22 07:02:24.065000,8.36093,8.35948,1000000,1000000
2017-02-22 07:02:24.187000,8.36103,8.35948,1000000,1000000
2017-02-22 07:02:24.712000,8.36113,8.35948,1500000,1000000
2017-02-22 07:02:29.626000,8.36113,8.35952,1500000,1000000
2017-02-22 07:02:29.996000,8.36062,8.35923,1000000,1000000
2017-02-22 07:02:30.614000,8.36063,8.35922,1000000,1000000
2017-02-22 07:02:30.889000,8.36062,8.3591,1000000,1000000
2017-02-22 07:02:31.375000,8.36063,8.35922,1000000,1000000
2017-02-22 07:02:32.099000,8.36063,8.3591,1000000,1000000
2017-02-22 07:02:32.495000,8.36071,8.3591,1000000,1000000
2017-02-22 07:02:32.545000,8.36063,8.35922,1000000,1000000
2017-02-22 07:02:33.630000,8.36063,8.3591,1000000,1500000
2017-02-22 07:02:33.731000,8.36063,8.35917,1000000,1000000
2017-02-22 07:02:34.765000,8.36062,8.35923,1000000,1000000
2017-02-22 07:02:36.698000,8.36063,8.35917,1000000,1000000
2017-02-22 07:02:37.598000,8.36063,8.35922,1000000,1000000
2017-02-22 07:02:38.415000,8.36057,8.35923,1000000,1000000
2017-02-22 07:02:38.774000,8.36047,8.35917,1000000,1000000
2017-02-22 07:02:39.679000,8.36047,8.35922,1000000,1000000
2017-02-22 07:02:40.194000,8.36047,8.35917,1000000,1000000
2017-02-22 07:02:40.630000,8.36047,8.35922,1000000,1000000
2017-02-22 07:02:41.185000,8.36047,8.35927,1000000,1000000
2017-02-22 07:02:41.570000,8.36047,8.35922,1000000,1000000
2017-02-22 07:02:41.802000,8.36047,8.35917,1000000,1500000
2017-02-22 07:02:41.853000,8.36047,8.35922,1000000,1000000
2017-02-22 07:02:42.387000,8.36047,8.35923,1000000,1000000
2017-02-22 07:02:42.692000,8.36047,8.35928,1000000,1000000
2017-02-22 07:02:44.230000,8.36047,8.35927,1000000,1000000
2017-02-22 07:02:45.843000,8.36047,8.35928,1000000,1000000
2017-02-22 07:02:47.754000,8.36047,8.35927,1000000,1000000
2017-02-22 07:02:48.626000,8.36047,8.3594,1000000,1000000
2017-02-22 07:02:48.830000,8.36086,8.3594,1000000,1000000
2017-02-22 07:02:48.905000,8.36083,8.3594,1000000,1000000
2017-02-22 07:02:49.583000,8.36082,8.3594,1500000,1000000
2017-02-22 07:02:49.685000,8.36077,8.35931,1000000,1000000
2017-02-22 07:02:49.937000,8.36072,8.35931,1000000,1000000
2017-02-22 07:02:50.256000,8.36066,8.35931,1000000,1000000
2017-02-22 07:02:51.043000,8.36073,8.35931,1500000,1000000
2017-02-22 07:02:51.436000,8.36061,8.35915,1000000,1000000
2017-02-22 07:02:52.127000,8.36063,8.35925,1000000,1000000
2017-02-22 07:02:52.328000,8.36061,8.35915,1000000,1000000
2017-02-22 07:02:52.452000,8.36061,8.35917,1000000,1000000
2017-02-22 07:02:52.762000,8.36063,8.35933,1000000,1000000
2017-02-22 07:02:53.469000,8.36063,8.35937,1000000,1000000
2017-02-22 07:02:54.385000,8.36063,8.35927,1000000,1000000
2017-02-22 07:02:54.474000,8.36071,8.35928,1000000,1000000
2017-02-22 07:02:54.526000,8.36052,8.35918,1000000,1000000
2017-02-22 07:02:54.576000,8.36053,8.35913,1000000,1000000
2017-02-22 07:02:54.728000,8.36059,8.35913,1000000,1000000
2017-02-22 07:02:55.050000,8.36043,8.35913,1000000,1000000
2017-02-22 07:02:55.101000,8.36043,8.35903,1000000,1000000
2017-02-22 07:02:55.366000,8.36049,8.35903,1000000,1000000
2017-02-22 07:02:55.867000,8.36042,8.35903,1000000,1000000
2017-02-22 07:02:56.248000,8.36042,8.35905,1000000,1000000
2017-02-22 07:02:56.806000,8.36042,8.35908,1000000,1000000
2017-02-22 07:02:56.907000,8.36054,8.3591,1000000,1000000
2017-02-22 07:02:57.090000,8.36058,8.35915,1000000,1000000
2017-02-22 07:02:57.800000,8.36053,8.35915,1500000,1000000
2017-02-22 07:02:58.650000,8.36053,8.35908,1500000,1000000
2017-02-22 07:02:59.650000,8.36053,8.35912,1500000,1000000
2017-02-22 07:03:00.523000,8.36052,8.35912,1000000,1000000
2017-02-22 07:03:00.826000,8.36053,8.35919,1500000,1000000
2017-02-22 07:03:01.035000,8.36053,8.35917,1000000,1000000
2017-02-22 07:03:01.136000,8.36078,8.35935,1000000,1000000
2017-02-22 07:03:01.288000,8.36073,8.35935,1000000,1000000
2017-02-22 07:03:01.607000,8.36052,8.35924,1000000,1000000
2017-02-22 07:03:01.817000,8.36051,8.35908,1000000,1000000
2017-02-22 07:03:02.608000,8.36059,8.35915,1000000,1000000
2017-02-22 07:03:02.658000,8.36069,8.35925,1000000,1000000
2017-02-22 07:03:03.092000,8.36067,8.35927,1000000,1500000
2017-02-22 07:03:03.406000,8.36067,8.35937,1000000,1000000
2017-02-22 07:03:03.558000,8.36069,8.35937,1000000,1000000
2017-02-22 07:03:03.660000,8.36081,8.35937,1000000,1000000
2017-02-22 07:03:04.579000,8.36069,8.35937,1000000,1500000
2017-02-22 07:03:05.551000,8.36072,8.35937,1000000,1000000
2017-02-22 07:03:05.779000,8.36063,8.35937,1000000,1000000
2017-02-22 07:03:05.981000,8.36044,8.35908,1000000,1000000
2017-02-22 07:03:06.527000,8.36044,8.35907,1000000,1500000
2017-02-22 07:03:07.050000,8.36043,8.35907,1000000,1000000
2017-02-22 07:03:08.007000,8.3604,8.35907,1000000,1000000
2017-02-22 07:03:08.375000,8.36036,8.35899,1000000,1000000
2017-02-22 07:03:08.426000,8.36026,8.35899,1000000,1000000
2017-02-22 07:03:08.477000,8.36026,8.35887,1000000,1000000
2017-02-22 07:03:08.729000,8.36026,8.35897,1000000,1000000
2017-02-22 07:03:08.947000,8.36026,8.35887,1000000,1000000
2017-02-22 07:03:09.134000,8.36017,8.35887,1000000,1500000
2017-02-22 07:03:09.671000,8.36017,8.35888,1000000,1500000
2017-02-22 07:03:09.841000,8.36013,8.35877,1000000,1000000
2017-02-22 07:03:09.942000,8.36012,8.35873,1500000,1000000
2017-02-22 07:03:09.993000,8.36013,8.35868,1500000,1000000
2017-02-22 07:03:10.044000,8.36013,8.35877,1500000,1000000
2017-02-22 07:03:10.095000,8.36012,8.35868,1500000,1500000
2017-02-22 07:03:10.251000,8.36013,8.35877,1000000,1000000
2017-02-22 07:03:10.561000,8.36007,8.35877,1000000,1000000
2017-02-22 07:03:10.662000,8.36007,8.35867,1000000,1000000
2017-02-22 07:03:10.891000,8.36007,8.35873,1000000,1000000
2017-02-22 07:03:10.952000,8.36011,8.35873,1000000,1000000
2017-02-22 07:03:11.021000,8.36011,8.35868,1000000,1000000
2017-02-22 07:03:11.071000,8.36006,8.35877,1000000,1000000
2017-02-22 07:03:11.407000,8.36004,8.35877,1000000,1000000
2017-02-22 07:03:12.305000,8.36014,8.35878,1000000,1000000
2017-02-22 07:03:12.356000,8.36017,8.35887,1000000,1000000
2017-02-22 07:03:12.710000,8.36017,8.35878,1000000,1500000
2017-02-22 07:03:12.864000,8.36017,8.35887,1000000,2250000
2017-02-22 07:03:16.511000,8.36017,8.35888,1000000,1000000
2017-02-22 07:03:16.815000,8.36047,8.35917,1000000,1500000
2017-02-22 07:03:16.892000,8.36067,8.35924,1000000,1000000
2017-02-22 07:03:16.943000,8.36083,8.35924,1000000,1000000
2017-02-22 07:03:17.921000,8.36081,8.35924,1000000,1000000
2017-02-22 07:03:18.302000,8.36076,8.35927,1000000,1000000
2017-02-22 07:03:21.963000,8.3608,8.35927,1000000,1000000
2017-02-22 07:03:22.965000,8.36082,8.35927,1000000,1000000
2017-02-22 07:03:25.450000,8.36083,8.35927,1000000,1000000
2017-02-22 07:03:25.501000,8.36085,8.35937,1000000,1000000
2017-02-22 07:03:25.804000,8.36109,8.35978,1000000,1750000
2017-02-22 07:03:25.854000,8.36127,8.35995,1000000,1750000
2017-02-22 07:03:25.906000,8.36127,8.35995,1000000,1000000
2017-02-22 07:03:26.479000,8.36141,8.35995,1000000,1000000
2017-02-22 07:03:27.991000,8.36132,8.35995,1000000,1000000
2017-02-22 07:03:28.688000,8.36154,8.35995,1000000,1370000
2017-02-22 07:03:28.840000,8.36154,8.36007,1000000,1120000
2017-02-22 07:03:29.145000,8.36141,8.35995,1000000,1000000
2017-02-22 07:03:29.420000,8.3615,8.35995,1000000,1000000
2017-02-22 07:03:29.521000,8.3615,8.35995,1000000,1370000
2017-02-22 07:03:30.159000,8.36153,8.36007,1000000,1000000
2017-02-22 07:03:30.318000,8.36156,8.36007,1500000,1000000
2017-02-22 07:03:30.578000,8.36156,8.35998,1000000,1120000
2017-02-22 07:03:30.730000,8.36156,8.36007,1000000,1000000
2017-02-22 07:03:33.924000,8.36154,8.36007,1000000,1000000
2017-02-22 07:03:35.236000,8.36154,8.36008,1000000,1000000
2017-02-22 07:03:35.795000,8.36153,8.36008,1000000,1000000
2017-02-22 07:03:35.846000,8.36156,8.36007,1000000,1000000
2017-02-22 07:03:35.947000,8.36156,8.36013,1500000,1500000
2017-02-22 07:03:36.370000,8.3617,8.36025,1000000,1000000
2017-02-22 07:03:36.927000,8.36161,8.36025,1000000,1000000
2017-02-22 07:03:37.265000,8.36154,8.36025,1000000,1000000
2017-02-22 07:03:38.549000,8.36136,8.36025,1000000,1000000
2017-02-22 07:03:38.650000,8.36136,8.35999,1000000,1000000
2017-02-22 07:03:38.853000,8.36136,8.36007,1000000,1000000
2017-02-22 07:03:38.904000,8.36136,8.35999,1000000,1000000
2017-02-22 07:03:39.134000,8.36153,8.35999,1500000,1000000
2017-02-22 07:03:39.218000,8.36159,8.35999,1000000,1370000
2017-02-22 07:03:39.471000,8.36159,8.36018,1000000,1000000
2017-02-22 07:03:40.433000,8.36158,8.36018,1000000,1000000
2017-02-22 07:03:41.568000,8.36158,8.36007,1000000,1000000
2017-02-22 07:03:41.619000,8.36145,8.36008,1000000,1000000
2017-02-22 07:03:41.934000,8.36136,8.36007,1000000,1000000
2017-02-22 07:03:42.861000,8.36149,8.36008,1000000,1000000
2017-02-22 07:03:43.440000,8.36149,8.36007,1000000,1000000
2017-02-22 07:03:43.628000,8.36153,8.36007,1000000,1000000
2017-02-22 07:03:44.848000,8.36145,8.36007,1000000,1000000
2017-02-22 07:03:45.640000,8.36145,8.36008,1000000,1000000
2017-02-22 07:03:45.884000,8.36149,8.36008,1000000,1000000
2017-02-22 07:03:45.986000,8.36155,8.36007,1000000,1000000
2017-02-22 07:03:46.747000,8.36155,8.36007,1000000,1370000
2017-02-22 07:03:47.360000,8.3616,8.36017,1000000,1000000
2017-02-22 07:03:48.579000,8.36155,8.36017,1000000,1000000
2017-02-22 07:03:48.630000,8.36155,8.36007,1000000,1000000
2017-02-22 07:03:48.681000,8.36142,8.36018,1000000,1000000
2017-02-22 07:03:48.782000,8.36143,8.36007,1000000,1000000
2017-02-22 07:03:49.041000,8.36155,8.36007,1000000,1000000
2017-02-22 07:03:49.236000,8.36153,8.36017,1000000,1000000
2017-02-22 07:03:50.659000,8.3616,8.36017,1000000,1000000
2017-02-22 07:03:53.737000,8.3616,8.36027,1000000,1000000
2017-02-22 07:03:54.040000,8.3616,8.36018,1000000,1000000
2017-02-22 07:03:54.091000,8.36182,8.36021,1000000,1000000
2017-02-22 07:03:54.192000,8.36182,8.36037,1000000,1000000
2017-02-22 07:03:54.524000,8.36182,8.36047,1000000,1000000
2017-02-22 07:03:58.402000,8.36182,8.36048,1000000,1000000
2017-02-22 07:03:58.936000,8.36182,8.36047,1000000,1000000
2017-02-22 07:04:01.002000,8.36182,8.36037,1500000,1000000
2017-02-22 07:04:01.478000,8.36182,8.36047,1000000,1000000
2017-02-22 07:04:03.577000,8.36182,8.36048,1000000,1000000
2017-02-22 07:04:03.678000,8.36203,8.36048,1000000,1000000
2017-02-22 07:04:03.926000,8.36204,8.36057,1000000,1000000
2017-02-22 07:04:04.196000,8.36209,8.36058,1000000,1000000
2017-02-22 07:04:04.481000,8.36225,8.36071,1000000,1000000
2017-02-22 07:04:04.532000,8.36231,8.36077,1000000,1000000
2017-02-22 07:04:04.583000,8.36231,8.36071,1000000,1000000
2017-02-22 07:04:04.785000,8.36231,8.36078,1000000,1000000
2017-02-22 07:04:05.560000,8.36222,8.36071,1000000,1000000
2017-02-22 07:04:06.478000,8.36217,8.36071,1000000,1000000
2017-02-22 07:04:06.781000,8.36191,8.36045,1000000,1000000
2017-02-22 07:04:07.553000,8.36192,8.36045,1500000,1000000
2017-02-22 07:04:09.081000,8.36188,8.36045,1000000,1000000
2017-02-22 07:04:10.259000,8.36184,8.36045,1000000,1000000
2017-02-22 07:04:10.411000,8.36166,8.36021,1000000,1000000
2017-02-22 07:04:10.461000,8.36162,8.36021,1000000,1000000
2017-02-22 07:04:10.725000,8.36166,8.36021,1000000,1000000
2017-02-22 07:04:10.776000,8.36163,8.36021,1000000,1000000
2017-02-22 07:04:11.887000,8.36182,8.36039,1000000,1000000
2017-02-22 07:04:11.938000,8.36182,8.36027,1000000,1500000
2017-02-22 07:04:11.989000,8.36173,8.36033,1000000,1000000
2017-02-22 07:04:12.152000,8.36182,8.36033,1000000,1000000
2017-02-22 07:04:12.303000,8.36182,8.36037,1000000,1000000
2017-02-22 07:04:12.631000,8.36182,8.3606,1000000,1000000
2017-02-22 07:04:12.885000,8.36222,8.36091,1000000,1000000
2017-02-22 07:04:13.658000,8.36222,8.36085,1000000,1000000
2017-02-22 07:04:15.071000,8.36205,8.36062,1000000,1000000
2017-02-22 07:04:15.122000,8.36198,8.36071,1000000,1000000
2017-02-22 07:04:15.842000,8.36198,8.36059,1000000,1000000
2017-02-22 07:04:15.993000,8.36193,8.36049,2250000,1000000
2017-02-22 07:04:16.195000,8.36193,8.36058,1000000,1000000
2017-02-22 07:04:16.970000,8.36193,8.36054,1000000,1000000
2017-02-22 07:04:17.072000,8.36183,8.36054,1000000,1000000
2017-02-22 07:04:17.234000,8.36192,8.36049,1000000,1000000
2017-02-22 07:04:18.523000,8.36193,8.36053,1000000,1000000
2017-02-22 07:04:18.834000,8.36198,8.36059,1000000,1000000
2017-02-22 07:04:19.176000,8.36196,8.36051,1000000,1000000
2017-02-22 07:04:19.637000,8.36191,8.36047,1000000,1000000
2017-02-22 07:04:20.019000,8.36193,8.36054,1000000,1000000
2017-02-22 07:04:20.688000,8.36192,8.36047,1000000,1000000
2017-02-22 07:04:21.159000,8.36193,8.36053,1500000,1000000
2017-02-22 07:04:21.647000,8.36189,8.36045,1000000,1000000
2017-02-22 07:04:21.761000,8.36192,8.36051,1500000,1000000
2017-02-22 07:04:22.474000,8.36193,8.36051,1000000,1000000
2017-02-22 07:04:22.727000,8.36192,8.36047,1000000,1500000
2017-02-22 07:04:23.129000,8.36198,8.36053,1500000,1000000
2017-02-22 07:04:23.638000,8.36193,8.36053,1000000,1000000
2017-02-22 07:04:23.985000,8.36193,8.36049,1000000,1000000
2017-02-22 07:04:25.106000,8.36189,8.36045,1000000,1000000
2017-02-22 07:04:27.294000,8.36159,8.36037,1000000,1000000
2017-02-22 07:04:27.547000,8.36139,8.35996,1000000,1000000
2017-02-22 07:04:27.648000,8.36125,8.35996,1000000,1000000
2017-02-22 07:04:28.511000,8.36133,8.36022,1000000,1000000
2017-02-22 07:04:28.562000,8.36155,8.36017,1000000,1000000
2017-02-22 07:04:28.613000,8.36146,8.36014,1000000,1000000
2017-02-22 07:04:28.865000,8.36145,8.36002,1000000,1000000
2017-02-22 07:04:29.570000,8.36134,8.35997,1000000,1000000
2017-02-22 07:04:30.330000,8.36134,8.35998,1000000,1000000
2017-02-22 07:04:31.070000,8.36134,8.35997,1000000,1500000
2017-02-22 07:04:31.964000,8.36136,8.35998,1000000,1500000
2017-02-22 07:04:32.490000,8.36136,8.35997,1000000,1000000
2017-02-22 07:04:32.682000,8.36134,8.35997,1000000,1000000
2017-02-22 07:04:33.825000,8.36145,8.36,1000000,1000000
2017-02-22 07:04:33.910000,8.36147,8.36009,1000000,1000000
2017-02-22 07:04:34.928000,8.36147,8.3601,1000000,1000000
2017-02-22 07:04:36.007000,8.36147,8.36017,1000000,1000000
2017-02-22 07:04:36.961000,8.36145,8.36008,1000000,1000000
2017-02-22 07:04:37.062000,8.3614,8.35998,1000000,1370000
2017-02-22 07:04:37.113000,8.3614,8.35995,1000000,1000000
2017-02-22 07:04:37.715000,8.3614,8.35997,1000000,1000000
2017-02-22 07:04:37.766000,8.3614,8.35995,1000000,1000000
2017-02-22 07:04:37.816000,8.36147,8.36007,1000000,1000000
2017-02-22 07:04:37.969000,8.36159,8.36014,1000000,1000000
2017-02-22 07:04:38.299000,8.36159,8.36017,1000000,1000000
2017-02-22 07:04:39.058000,8.36163,8.36018,1000000,1000000
2017-02-22 07:04:40.552000,8.36161,8.36017,1000000,1000000
2017-02-22 07:04:41.808000,8.36164,8.3602,1000000,1000000
2017-02-22 07:04:44.468000,8.36162,8.3602,1000000,1000000
2017-02-22 07:04:46.994000,8.36162,8.36021,1000000,1000000
2017-02-22 07:04:47.823000,8.36163,8.36021,1000000,1000000
2017-02-22 07:04:47.874000,8.36159,8.36014,1000000,1000000
2017-02-22 07:04:51.209000,8.36141,8.36014,1000000,1000000
2017-02-22 07:04:51.261000,8.36127,8.35984,1000000,1000000
2017-02-22 07:04:52.190000,8.36132,8.3599,1000000,1000000
2017-02-22 07:04:53.192000,8.36135,8.3599,1000000,1000000
2017-02-22 07:04:55.600000,8.36136,8.35992,1000000,1000000
2017-02-22 07:05:00.168000,8.36141,8.36002,1000000,1000000
2017-02-22 07:05:00.484000,8.36141,8.36008,1000000,1000000
2017-02-22 07:05:01.150000,8.36141,8.36004,1000000,1000000
2017-02-22 07:05:01.499000,8.36141,8.36027,1000000,1000000
2017-02-22 07:05:01.601000,8.36181,8.36042,1000000,1000000
2017-02-22 07:05:02.301000,8.36177,8.36033,1000000,1000000
2017-02-22 07:05:02.352000,8.36167,8.36022,1000000,1000000
2017-02-22 07:05:02.403000,8.36157,8.36022,1000000,1000000
2017-02-22 07:05:02.505000,8.36157,8.36012,1500000,1000000
2017-02-22 07:05:03.467000,8.36157,8.36013,1000000,1000000
2017-02-22 07:05:06.220000,8.3615,8.36005,1000000,1000000
2017-02-22 07:05:06.271000,8.36145,8.36,1000000,1000000
2017-02-22 07:05:06.739000,8.36138,8.36,1000000,1000000
2017-02-22 07:05:07.453000,8.36138,8.36008,1000000,1000000
2017-02-22 07:05:08.039000,8.36138,8.36006,1000000,1000000
2017-02-22 07:05:09.807000,8.3612,8.35977,1000000,2620000
2017-02-22 07:05:09.858000,8.3612,8.35977,1000000,1000000
2017-02-22 07:05:09.909000,8.36118,8.35977,1000000,1000000
2017-02-22 07:05:10.212000,8.36098,8.35977,1000000,1000000
2017-02-22 07:05:10.822000,8.36098,8.35972,1000000,1000000
2017-02-22 07:05:18.167000,8.36098,8.35974,1000000,1000000
2017-02-22 07:05:18.563000,8.36098,8.35959,1000000,1000000
2017-02-22 07:05:18.664000,8.36085,8.35939,1000000,1000000
2017-02-22 07:05:18.866000,8.36072,8.3593,1000000,1000000
2017-02-22 07:05:19.845000,8.36072,8.35929,1000000,1000000
2017-02-22 07:05:23.030000,8.36059,8.35918,1000000,1000000
2017-02-22 07:05:23.181000,8.36045,8.359,1000000,1500000
2017-02-22 07:05:23.516000,8.36049,8.35911,1000000,1000000
2017-02-22 07:05:24.348000,8.36049,8.35912,1000000,1000000
2017-02-22 07:05:25.324000,8.36049,8.35913,1000000,1000000
2017-02-22 07:05:25.632000,8.36092,8.35975,1000000,1000000
2017-02-22 07:05:25.752000,8.36124,8.35968,1000000,1000000
2017-02-22 07:05:25.904000,8.36124,8.35972,1000000,1000000
2017-02-22 07:05:26.859000,8.36122,8.35978,1000000,1000000
2017-02-22 07:05:30.122000,8.36124,8.3598,1000000,1000000
2017-02-22 07:05:30.861000,8.36124,8.35987,1000000,1000000
2017-02-22 07:05:31.013000,8.36124,8.35984,1000000,1000000
2017-02-22 07:05:31.175000,8.36115,8.35975,1000000,1000000
2017-02-22 07:05:31.228000,8.36108,8.35963,1000000,1500000
2017-02-22 07:05:32.176000,8.36116,8.35971,1000000,1000000
2017-02-22 07:05:32.692000,8.36117,8.35972,1000000,1000000
2017-02-22 07:05:33.297000,8.36116,8.35972,1000000,1000000
2017-02-22 07:05:36.930000,8.36122,8.35978,1000000,1000000
2017-02-22 07:05:38.098000,8.36119,8.35974,1000000,1000000
2017-02-22 07:05:40.388000,8.36104,8.35974,1000000,1000000
2017-02-22 07:05:40.738000,8.36104,8.35978,1000000,1000000
2017-02-22 07:05:41.100000,8.36104,8.35972,1000000,1000000
2017-02-22 07:05:47.116000,8.36104,8.35969,1000000,1000000
2017-02-22 07:05:48.007000,8.36104,8.35977,1000000,1000000
2017-02-22 07:05:48.108000,8.36122,8.35977,1000000,1000000
2017-02-22 07:05:48.760000,8.36114,8.3597,1000000,1000000
2017-02-22 07:05:49.344000,8.36109,8.35966,1000000,1000000
2017-02-22 07:05:50.948000,8.36096,8.35964,1000000,1000000
2017-02-22 07:05:51.141000,8.36082,8.3594,1000000,1000000
2017-02-22 07:05:51.444000,8.36071,8.3594,1000000,1000000
2017-02-22 07:05:51.647000,8.36068,8.35928,1000000,1000000
2017-02-22 07:05:52.004000,8.36068,8.35932,1000000,1000000
2017-02-22 07:05:52.673000,8.36068,8.35973,1000000,1000000
2017-02-22 07:05:52.725000,8.36093,8.35986,1000000,1000000
2017-02-22 07:05:52.826000,8.36131,8.35986,1000000,1000000
2017-02-22 07:05:52.998000,8.3612,8.3598,1000000,1000000
2017-02-22 07:05:53.930000,8.36112,8.3598,1000000,1000000
2017-02-22 07:05:54.032000,8.3612,8.3598,1000000,1000000
2017-02-22 07:05:54.924000,8.36114,8.3598,1000000,1000000
2017-02-22 07:05:55.132000,8.36122,8.3598,1000000,1000000
2017-02-22 07:06:01.450000,8.36115,8.3598,1000000,1000000
2017-02-22 07:06:01.552000,8.36107,8.35963,1000000,1000000
2017-02-22 07:06:02.479000,8.36104,8.35959,1000000,1000000
2017-02-22 07:06:03.868000,8.36109,8.35965,1000000,1000000
2017-02-22 07:06:04.243000,8.36104,8.3596,1000000,1000000
2017-02-22 07:06:06.780000,8.36109,8.35973,1000000,1000000
2017-02-22 07:06:07.679000,8.36109,8.35978,1000000,1000000
2017-02-22 07:06:07.899000,8.36123,8.3598,1000000,1000000
2017-02-22 07:06:08.680000,8.36124,8.3598,1000000,1500000
2017-02-22 07:06:09.167000,8.36141,8.36,1000000,1000000
2017-02-22 07:06:09.369000,8.36153,8.36011,1000000,1000000
2017-02-22 07:06:09.483000,8.36155,8.36011,1000000,1000000
2017-02-22 07:06:10.734000,8.36151,8.36008,1000000,1000000
2017-02-22 07:06:11.735000,8.3615,8.36005,1000000,1000000
2017-02-22 07:06:12.601000,8.36132,8.36004,1000000,1000000
2017-02-22 07:06:12.753000,8.36143,8.36004,1500000,1000000
2017-02-22 07:06:12.804000,8.36132,8.3601,1000000,1000000
2017-02-22 07:06:12.905000,8.36153,8.3601,1000000,1000000
2017-02-22 07:06:14.568000,8.36157,8.36013,1000000,1000000
2017-02-22 07:06:17.175000,8.36157,8.36014,1000000,1000000
2017-02-22 07:06:18.751000,8.36153,8.36008,1000000,1000000
2017-02-22 07:06:18.853000,8.36148,8.36003,1000000,1000000
2017-02-22 07:06:19.367000,8.36141,8.35996,1000000,1500000
2017-02-22 07:06:19.714000,8.36133,8.35996,1000000,1000000
2017-02-22 07:06:20.009000,8.36145,8.36001,1000000,1000000
2017-02-22 07:06:20.350000,8.36153,8.36009,1000000,1000000
2017-02-22 07:06:22.893000,8.36146,8.36003,1000000,1000000
2017-02-22 07:06:23.319000,8.36153,8.36011,1000000,1000000
2017-02-22 07:06:23.880000,8.36157,8.36014,1000000,1000000
2017-02-22 07:06:25.764000,8.36157,8.36018,1000000,1000000
2017-02-22 07:06:32.197000,8.36151,8.36006,1000000,1000000
2017-02-22 07:06:32.248000,8.36157,8.36022,1000000,1000000
2017-02-22 07:06:33.261000,8.36157,8.36017,1000000,1000000
2017-02-22 07:06:33.358000,8.36155,8.3601,1000000,1000000
2017-02-22 07:06:33.410000,8.3613,8.35996,1000000,1000000
2017-02-22 07:06:33.461000,8.3613,8.35986,1000000,1000000
2017-02-22 07:06:33.562000,8.36128,8.35986,1000000,1000000
2017-02-22 07:06:33.613000,8.3613,8.35986,1000000,1000000
2017-02-22 07:06:34.385000,8.36124,8.35985,1000000,1000000
2017-02-22 07:06:35.630000,8.36121,8.35979,1000000,1000000
2017-02-22 07:06:36.167000,8.36121,8.35978,1500000,1000000
2017-02-22 07:06:36.989000,8.36121,8.35984,1000000,1000000
2017-02-22 07:06:38.217000,8.36121,8.35988,1000000,1000000
2017-02-22 07:06:38.557000,8.36121,8.35983,1000000,1000000
2017-02-22 07:06:38.759000,8.36121,8.35976,1500000,1000000
2017-02-22 07:06:42.808000,8.36121,8.35982,1000000,1000000
2017-02-22 07:06:43.112000,8.36144,8.36014,1000000,1000000
2017-02-22 07:06:43.848000,8.36165,8.36022,1000000,1000000
2017-02-22 07:06:43.915000,8.36167,8.36022,1000000,1000000
2017-02-22 07:06:43.966000,8.36169,8.36027,1000000,1000000
2017-02-22 07:06:45.374000,8.36166,8.36021,1000000,1000000
2017-02-22 07:06:48.318000,8.36141,8.36008,1000000,1000000
2017-02-22 07:06:48.369000,8.36139,8.35997,1000000,1000000
2017-02-22 07:06:48.882000,8.36127,8.35985,1000000,1000000
2017-02-22 07:06:49.277000,8.36115,8.35985,1000000,1000000
2017-02-22 07:06:49.739000,8.36139,8.36007,1000000,1000000
2017-02-22 07:06:49.891000,8.36139,8.35997,1000000,1000000
2017-02-22 07:06:50.109000,8.36125,8.3598,1000000,1000000
2017-02-22 07:06:50.600000,8.36139,8.36006,1000000,1000000
2017-02-22 07:06:50.904000,8.3617,8.36059,1000000,1000000
2017-02-22 07:06:51.005000,8.36194,8.36059,1000000,1000000
2017-02-22 07:06:51.214000,8.3617,8.36033,1500000,1000000
2017-02-22 07:06:51.436000,8.36163,8.36033,1000000,1000000
2017-02-22 07:06:51.487000,8.36163,8.36026,1000000,1000000
2017-02-22 07:06:51.759000,8.36159,8.36015,1000000,1000000
2017-02-22 07:06:52.122000,8.36153,8.3601,1000000,1000000
2017-02-22 07:06:52.426000,8.36147,8.36009,1000000,1000000
2017-02-22 07:06:53.349000,8.36144,8.36009,1000000,1000000
2017-02-22 07:06:54.085000,8.36149,8.36009,1000000,1000000
2017-02-22 07:06:54.193000,8.36156,8.36011,1000000,1000000
2017-02-22 07:06:54.389000,8.36168,8.36023,1000000,1000000
2017-02-22 07:06:55.823000,8.36166,8.36021,1000000,1000000
2017-02-22 07:06:56.176000,8.36161,8.36016,1000000,1000000
2017-02-22 07:06:57.129000,8.36158,8.36013,1000000,1000000
2017-02-22 07:06:59.286000,8.3615,8.36009,1000000,1000000
2017-02-22 07:06:59.438000,8.36139,8.35994,1000000,1000000
2017-02-22 07:06:59.690000,8.36142,8.36002,1000000,1000000
2017-02-22 07:06:59.993000,8.36147,8.36013,1000000,1000000
2017-02-22 07:07:00.125000,8.36146,8.36004,1000000,1000000
2017-02-22 07:07:00.176000,8.36135,8.3599,1000000,1000000
2017-02-22 07:07:00.706000,8.36127,8.35986,1000000,1000000
2017-02-22 07:07:01.289000,8.36134,8.35991,1000000,1000000
2017-02-22 07:07:02.303000,8.36139,8.35994,1000000,1000000
2017-02-22 07:07:05.772000,8.36133,8.35988,1000000,1000000
2017-02-22 07:07:06.730000,8.36128,8.35986,1000000,1000000
2017-02-22 07:07:08.446000,8.36127,8.35986,1000000,1000000
2017-02-22 07:07:10.115000,8.36124,8.35986,1000000,1000000
2017-02-22 07:07:11.008000,8.36101,8.35956,1000000,1500000
2017-02-22 07:07:11.059000,8.36093,8.35956,1000000,1000000
2017-02-22 07:07:11.440000,8.36101,8.35964,1000000,1000000
2017-02-22 07:07:11.972000,8.36096,8.35964,1000000,1000000
2017-02-22 07:07:12.975000,8.36093,8.35964,1000000,1000000
2017-02-22 07:07:16.847000,8.36093,8.35948,1000000,1000000
2017-02-22 07:07:17.212000,8.36097,8.35953,1000000,1000000
2017-02-22 07:07:18.214000,8.36098,8.35953,1000000,1000000
2017-02-22 07:07:23.036000,8.36104,8.35959,1000000,1000000
2017-02-22 07:07:23.988000,8.36105,8.3596,1000000,1000000
2017-02-22 07:07:25.883000,8.36106,8.35961,1500000,1000000
2017-02-22 07:07:27.027000,8.36106,8.35969,1000000,1000000
2017-02-22 07:07:28.500000,8.36106,8.35974,1000000,1000000
2017-02-22 07:07:28.602000,8.3613,8.35985,1000000,1000000
2017-02-22 07:07:28.765000,8.3615,8.36005,1000000,1000000
2017-02-22 07:07:29.079000,8.36158,8.36018,1000000,1000000
2017-02-22 07:07:30.271000,8.36158,8.36016,1000000,1000000
2017-02-22 07:07:30.322000,8.36158,8.36041,1000000,1000000
2017-02-22 07:07:30.530000,8.36185,8.36041,1000000,1000000
2017-02-22 07:07:30.631000,8.36195,8.3605,1000000,1000000
2017-02-22 07:07:31.455000,8.36194,8.36049,1000000,1000000
2017-02-22 07:07:32.458000,8.36195,8.36051,1000000,1000000
2017-02-22 07:07:45.357000,8.36182,8.3604,1000000,1000000
2017-02-22 07:07:45.725000,8.36159,8.36037,1000000,1000000
2017-02-22 07:07:46.120000,8.36159,8.36022,1000000,1000000
2017-02-22 07:07:48.357000,8.36163,8.36022,1000000,1000000
2017-02-22 07:07:49.953000,8.36175,8.36043,1000000,1000000
2017-02-22 07:07:50.004000,8.36174,8.36031,1000000,1000000
2017-02-22 07:07:51.269000,8.36163,8.36022,1000000,1000000
2017-02-22 07:07:52.132000,8.36153,8.36022,1000000,1000000
2017-02-22 07:07:54.960000,8.36183,8.36044,1000000,1000000
2017-02-22 07:07:55.011000,8.36183,8.36053,1000000,1000000
2017-02-22 07:07:55.447000,8.36214,8.36082,1000000,1000000
2017-02-22 07:07:55.498000,8.36214,8.3613,1000000,1000000
2017-02-22 07:07:55.549000,8.36233,8.3613,1000000,1000000
2017-02-22 07:07:55.600000,8.36238,8.3613,1000000,1000000
2017-02-22 07:07:55.701000,8.3627,8.3613,1000000,1000000
2017-02-22 07:07:55.853000,8.36268,8.3613,1000000,1000000
2017-02-22 07:07:55.904000,8.3627,8.3613,1000000,1000000
2017-02-22 07:07:56.057000,8.36262,8.36117,1000000,1000000
2017-02-22 07:07:56.411000,8.3627,8.36132,1000000,1000000
2017-02-22 07:07:56.781000,8.3627,8.36141,1000000,1000000
2017-02-22 07:07:57.411000,8.3627,8.36142,1000000,1000000
2017-02-22 07:07:57.512000,8.3627,8.36139,1000000,1000000
2017-02-22 07:07:57.563000,8.36254,8.36111,1000000,1500000
2017-02-22 07:07:57.614000,8.36267,8.36122,1000000,1000000
2017-02-22 07:07:57.710000,8.36269,8.36132,1000000,1000000
2017-02-22 07:07:58.299000,8.3627,8.36132,1000000,1000000
2017-02-22 07:08:02.384000,8.3627,8.36133,1000000,1000000
2017-02-22 07:08:04.561000,8.36267,8.36121,1000000,1000000
2017-02-22 07:08:04.612000,8.36254,8.36109,1000000,1000000
2017-02-22 07:08:05.004000,8.36243,8.36098,1000000,1000000
2017-02-22 07:08:05.619000,8.36242,8.36097,1000000,1000000
2017-02-22 07:08:06.678000,8.36246,8.36101,2250000,1000000
2017-02-22 07:08:07.553000,8.3624,8.36097,1000000,1000000
2017-02-22 07:08:07.877000,8.36243,8.361,1000000,1000000
2017-02-22 07:08:08.877000,8.36243,8.36101,1000000,1000000
2017-02-22 07:08:09.307000,8.36206,8.36085,1000000,1000000
2017-02-22 07:08:09.388000,8.36206,8.36065,1000000,1000000
2017-02-22 07:08:09.440000,8.36206,8.36061,1000000,1000000
2017-02-22 07:08:10.163000,8.3621,8.36067,1000000,1000000
2017-02-22 07:08:10.869000,8.36185,8.36052,1000000,1000000
2017-02-22 07:08:10.941000,8.36182,8.36044,1000000,1000000
2017-02-22 07:08:11.098000,8.36172,8.36029,1500000,1000000
2017-02-22 07:08:11.151000,8.36158,8.36013,1500000,1000000
2017-02-22 07:08:11.943000,8.36158,8.36014,1000000,1000000
2017-02-22 07:08:12.350000,8.36148,8.36005,1000000,1000000
2017-02-22 07:08:12.793000,8.36118,8.36004,1000000,1000000
2017-02-22 07:08:12.845000,8.36132,8.35997,1000000,1000000
2017-02-22 07:08:12.948000,8.3612,8.35997,1000000,1000000
2017-02-22 07:08:13.050000,8.36105,8.35977,1000000,1000000
2017-02-22 07:08:13.152000,8.3611,8.35963,1000000,1000000
2017-02-22 07:08:13.376000,8.3613,8.35994,1000000,1000000
2017-02-22 07:08:13.427000,8.3615,8.35994,1000000,1000000
2017-02-22 07:08:13.601000,8.3615,8.36007,1000000,1000000
2017-02-22 07:08:15.192000,8.3615,8.36019,1000000,1000000
2017-02-22 07:08:15.519000,8.3615,8.3601,1000000,1000000
2017-02-22 07:08:15.678000,8.3615,8.36021,1000000,1000000
2017-02-22 07:08:17.057000,8.3615,8.36016,1000000,1000000
2017-02-22 07:08:17.642000,8.3615,8.3601,1000000,1000000
2017-02-22 07:08:18.600000,8.3615,8.36008,1000000,1000000
2017-02-22 07:08:18.836000,8.3615,8.36015,1000000,1000000
2017-02-22 07:08:19.169000,8.3615,8.36022,1000000,1000000
2017-02-22 07:08:19.298000,8.36167,8.36022,1000000,1000000
2017-02-22 07:08:19.449000,8.36174,8.36038,1000000,1000000
2017-02-22 07:08:19.651000,8.36193,8.3605,1000000,1000000
2017-02-22 07:08:20.647000,8.36198,8.36057,1000000,1000000
2017-02-22 07:08:21.530000,8.36197,8.36054,1000000,1000000
2017-02-22 07:08:22.475000,8.36193,8.36048,1000000,1000000
2017-02-22 07:08:25.230000,8.36179,8.36036,1000000,1000000
2017-02-22 07:08:26.111000,8.36176,8.36036,1000000,1000000
2017-02-22 07:08:28.638000,8.36191,8.36048,1000000,1000000
2017-02-22 07:08:29.602000,8.36194,8.36049,1000000,1000000
2017-02-22 07:08:30.817000,8.36195,8.36052,1000000,1000000
2017-02-22 07:08:32.444000,8.36198,8.36055,1000000,1000000
2017-02-22 07:08:35.687000,8.36199,8.36055,1000000,1000000
2017-02-22 07:08:36.194000,8.36199,8.36081,1000000,1000000
2017-02-22 07:08:36.442000,8.36219,8.3609,1000000,1000000
2017-02-22 07:08:36.493000,8.36231,8.3609,1000000,1000000
2017-02-22 07:08:36.647000,8.36219,8.36074,1000000,1000000
2017-02-22 07:08:36.799000,8.36207,8.36074,1000000,1000000
2017-02-22 07:08:37.102000,8.36231,8.36089,1000000,1000000
2017-02-22 07:08:37.957000,8.36231,8.3609,1000000,1000000
2017-02-22 07:08:38.494000,8.36231,8.36086,1500000,1000000
2017-02-22 07:08:38.545000,8.3621,8.3607,1000000,1000000
2017-02-22 07:08:38.798000,8.36199,8.36056,1000000,1000000
2017-02-22 07:08:39.807000,8.36207,8.36069,1000000,1000000
2017-02-22 07:08:40.116000,8.36234,8.36089,1000000,1000000
2017-02-22 07:08:40.859000,8.36238,8.36093,1500000,1000000
2017-02-22 07:08:41.860000,8.36236,8.3609,1000000,1000000
2017-02-22 07:08:43.012000,8.36238,8.36111,1000000,1000000
2017-02-22 07:08:43.306000,8.36262,8.36123,1000000,1000000
2017-02-22 07:08:43.811000,8.36262,8.36124,1000000,1000000
2017-02-22 07:08:44.027000,8.36243,8.36101,1000000,1000000
2017-02-22 07:08:44.078000,8.36238,8.36101,1000000,1000000
2017-02-22 07:08:44.708000,8.3623,8.36098,1000000,1000000
2017-02-22 07:08:44.922000,8.3623,8.3609,1000000,1000000
2017-02-22 07:08:44.973000,8.3623,8.36132,1000000,1000000
2017-02-22 07:08:45.125000,8.36262,8.36156,1000000,1000000
2017-02-22 07:08:45.522000,8.36299,8.36156,1000000,1000000
2017-02-22 07:08:45.832000,8.36302,8.36167,1000000,1000000
2017-02-22 07:08:46.147000,8.36302,8.36169,1000000,1000000
2017-02-22 07:08:46.991000,8.36326,8.36187,1000000,1000000
2017-02-22 07:08:47.042000,8.36326,8.36204,1000000,1000000
2017-02-22 07:08:47.093000,8.3635,8.36212,1000000,1000000
2017-02-22 07:08:47.446000,8.3633,8.36189,1000000,1000000
2017-02-22 07:08:47.497000,8.3633,8.36187,1000000,1500000
2017-02-22 07:08:47.598000,8.36317,8.36187,1000000,1000000
2017-02-22 07:08:47.649000,8.36301,8.3617,1000000,1000000
2017-02-22 07:08:47.750000,8.36309,8.36183,1000000,1000000
2017-02-22 07:08:47.923000,8.36309,8.36163,1500000,1000000
2017-02-22 07:08:48.464000,8.36307,8.36163,1000000,1000000
2017-02-22 07:08:48.845000,8.36297,8.36154,1000000,1000000
2017-02-22 07:08:49.224000,8.36297,8.36161,1000000,1000000
2017-02-22 07:08:49.685000,8.36287,8.3615,1000000,1000000
2017-02-22 07:08:49.868000,8.36274,8.3615,1000000,1000000
2017-02-22 07:08:49.980000,8.36254,8.36122,1000000,1000000
2017-02-22 07:08:50.132000,8.36238,8.36122,1000000,1000000
2017-02-22 07:08:50.335000,8.36262,8.36137,1000000,1000000
2017-02-22 07:08:50.897000,8.36262,8.36145,1000000,1000000
2017-02-22 07:08:51.229000,8.36262,8.36152,1000000,1000000
2017-02-22 07:08:51.731000,8.36262,8.36157,1000000,1000000
2017-02-22 07:08:52.719000,8.36262,8.36161,1000000,1000000
2017-02-22 07:08:53.428000,8.36262,8.36149,1000000,1000000
2017-02-22 07:08:53.529000,8.36262,8.36138,1000000,1000000
2017-02-22 07:08:53.778000,8.36262,8.36127,1000000,1000000
2017-02-22 07:08:53.829000,8.36258,8.36127,1000000,1000000
2017-02-22 07:08:54.293000,8.36255,8.36117,1000000,1000000
2017-02-22 07:08:54.343000,8.36253,8.36117,1000000,1000000
2017-02-22 07:08:54.845000,8.36252,8.36117,1000000,1000000
2017-02-22 07:08:55.384000,8.36252,8.36116,1000000,1000000
2017-02-22 07:08:55.739000,8.3625,8.36116,1000000,1000000
2017-02-22 07:08:55.930000,8.36262,8.36124,1000000,1000000
2017-02-22 07:08:55.981000,8.36262,8.3614,1000000,1000000
2017-02-22 07:08:56.296000,8.36262,8.36134,1000000,1000000
2017-02-22 07:08:58.615000,8.36262,8.36128,1000000,1000000
2017-02-22 07:09:02.057000,8.36242,8.36101,1000000,1000000
2017-02-22 07:09:02.694000,8.36248,8.36103,1000000,1000000
2017-02-22 07:09:03.577000,8.36254,8.36109,1000000,1000000
2017-02-22 07:09:05.552000,8.36248,8.36103,1000000,1000000
2017-02-22 07:09:06.020000,8.36248,8.36111,1000000,1000000
2017-02-22 07:09:06.802000,8.36252,8.36111,1000000,1000000
2017-02-22 07:09:08.147000,8.36248,8.36111,1000000,1000000
2017-02-22 07:09:11.092000,8.36249,8.36111,1000000,1000000
2017-02-22 07:09:16.571000,8.36272,8.36127,1500000,1000000
2017-02-22 07:09:16.623000,8.36272,8.36137,1000000,1000000
2017-02-22 07:09:16.876000,8.36292,8.36152,1000000,1000000
2017-02-22 07:09:17.073000,8.36285,8.36151,1000000,1000000
2017-02-22 07:09:17.174000,8.36285,8.3614,1000000,1000000
2017-02-22 07:09:17.923000,8.36286,8.36143,1000000,1000000
2017-02-22 07:09:18.738000,8.36256,8.36127,1000000,1000000
2017-02-22 07:09:18.789000,8.36268,8.36131,1000000,1000000
2017-02-22 07:09:18.840000,8.36276,8.36131,1000000,1000000
2017-02-22 07:09:18.995000,8.36288,8.36143,1500000,1000000
2017-02-22 07:09:19.299000,8.36276,8.36133,1000000,1000000
2017-02-22 07:09:19.617000,8.36288,8.36147,1000000,1000000
2017-02-22 07:09:23.547000,8.36288,8.36146,1000000,1000000
2017-02-22 07:09:27.101000,8.3628,8.36138,1000000,1000000
2017-02-22 07:09:27.253000,8.36282,8.36139,1000000,1000000
2017-02-22 07:09:27.695000,8.36288,8.36147,1000000,1000000
2017-02-22 07:09:28.227000,8.36288,8.36151,1000000,1000000
2017-02-22 07:09:28.769000,8.36288,8.36146,1000000,1000000
2017-02-22 07:09:29.231000,8.36287,8.36142,1000000,1000000
2017-02-22 07:09:30.245000,8.36288,8.36146,1000000,1000000
2017-02-22 07:09:33.044000,8.36288,8.3615,1000000,1000000
2017-02-22 07:09:34.262000,8.36288,8.36163,1000000,1000000
2017-02-22 07:09:34.414000,8.36308,8.36174,1000000,1000000
2017-02-22 07:09:34.916000,8.36309,8.36174,1000000,1000000
2017-02-22 07:09:35.068000,8.36309,8.36165,1000000,1000000
2017-02-22 07:09:35.255000,8.36277,8.36148,1000000,1000000
2017-02-22 07:09:35.306000,8.36267,8.36129,1000000,1000000
2017-02-22 07:09:35.407000,8.36267,8.36124,1000000,1000000
2017-02-22 07:09:36.189000,8.36272,8.36124,1000000,1000000
2017-02-22 07:09:37.169000,8.36273,8.36124,1000000,1000000
2017-02-22 07:09:37.806000,8.36268,8.36124,1000000,1000000
2017-02-22 07:09:42.011000,8.36263,8.36124,1000000,1000000
2017-02-22 07:09:43.085000,8.36259,8.36124,1000000,1000000
2017-02-22 07:09:45.151000,8.36264,8.36124,1000000,1000000
2017-02-22 07:09:45.203000,8.36282,8.36137,1000000,1000000
2017-02-22 07:09:45.445000,8.36273,8.36129,1000000,1000000
2017-02-22 07:09:45.866000,8.36263,8.36124,1000000,1000000
2017-02-22 07:09:46.438000,8.36248,8.36124,1000000,1000000
2017-02-22 07:09:46.539000,8.36231,8.36104,1000000,1000000
2017-02-22 07:09:46.590000,8.36242,8.36104,1000000,1000000
2017-02-22 07:09:46.640000,8.36232,8.36098,1000000,1000000
2017-02-22 07:09:46.691000,8.36227,8.36082,1000000,1000000
2017-02-22 07:09:47.466000,8.36232,8.36094,1000000,1000000
2017-02-22 07:09:47.618000,8.36251,8.36108,1000000,1000000
2017-02-22 07:09:48.584000,8.36257,8.36112,1500000,1000000
2017-02-22 07:09:48.635000,8.36257,8.36118,1000000,1000000
2017-02-22 07:09:51.218000,8.36248,8.36103,1000000,1000000
2017-02-22 07:09:51.269000,8.36237,8.36096,1000000,1000000
2017-02-22 07:09:51.812000,8.36252,8.36107,1000000,1000000
2017-02-22 07:09:51.913000,8.36254,8.36101,1000000,1000000
2017-02-22 07:09:52.160000,8.36257,8.36101,1000000,1000000
2017-02-22 07:09:52.848000,8.36257,8.36106,1000000,1000000
2017-02-22 07:09:54.830000,8.36257,8.36109,1000000,1000000
2017-02-22 07:09:55.638000,8.36273,8.36122,1000000,1000000
2017-02-22 07:09:56.246000,8.36236,8.36122,1000000,1000000
2017-02-22 07:09:56.347000,8.36251,8.36122,1000000,1000000
2017-02-22 07:09:56.448000,8.36268,8.36123,1000000,1000000
2017-02-22 07:09:56.550000,8.36283,8.36143,1000000,1000000
2017-02-22 07:09:56.746000,8.36288,8.36146,1000000,1000000
2017-02-22 07:09:57.409000,8.36283,8.36146,1000000,1000000
2017-02-22 07:09:58.307000,8.36291,8.36146,1000000,1500000
2017-02-22 07:09:58.358000,8.36306,8.36161,1000000,1000000
2017-02-22 07:09:58.661000,8.36345,8.36202,1000000,1000000
2017-02-22 07:09:59.370000,8.36357,8.36212,1000000,1000000
2017-02-22 07:09:59.421000,8.36363,8.36229,1000000,1000000
2017-02-22 07:09:59.588000,8.36372,8.36229,1000000,1000000
2017-02-22 07:09:59.689000,8.36366,8.36226,1000000,1000000
2017-02-22 07:10:00.336000,8.3636,8.36226,1000000,1000000
2017-02-22 07:10:00.666000,8.36368,8.36226,1000000,1000000
2017-02-22 07:10:00.767000,8.36387,8.36249,1000000,1000000
2017-02-22 07:10:00.992000,8.36422,8.36277,1000000,1000000
2017-02-22 07:10:01.145000,8.36422,8.36289,1000000,1000000
2017-02-22 07:10:01.766000,8.36428,8.36289,1000000,1000000
2017-02-22 07:10:01.990000,8.3641,8.36289,1000000,1000000
2017-02-22 07:10:02.243000,8.36395,8.36257,1000000,1000000
2017-02-22 07:10:02.953000,8.36389,8.36257,1000000,1000000
2017-02-22 07:10:03.326000,8.36384,8.36257,1000000,1000000
2017-02-22 07:10:03.431000,8.36384,8.36239,1000000,1000000
2017-02-22 07:10:03.533000,8.36394,8.36258,1000000,1000000
2017-02-22 07:10:04.137000,8.36404,8.36258,1000000,1000000
2017-02-22 07:10:04.279000,8.36417,8.36281,1000000,1000000
2017-02-22 07:10:04.380000,8.36426,8.36281,1000000,1000000
2017-02-22 07:10:04.633000,8.36439,8.36294,1000000,1000000
2017-02-22 07:10:05.222000,8.3644,8.363,1000000,1000000
2017-02-22 07:10:05.592000,8.3644,8.3631,1000000,1000000
2017-02-22 07:10:05.643000,8.36473,8.36331,1000000,1000000
2017-02-22 07:10:05.694000,8.36473,8.36341,1000000,1000000
2017-02-22 07:10:05.745000,8.36485,8.36337,1000000,1000000
2017-02-22 07:10:06.648000,8.36476,8.36337,1000000,1000000
2017-02-22 07:10:07.972000,8.36468,8.36337,1000000,1000000
2017-02-22 07:10:08.073000,8.36445,8.36306,1000000,1000000
2017-02-22 07:10:08.174000,8.36443,8.363,1000000,1000000
2017-02-22 07:10:08.400000,8.36435,8.3629,1000000,1000000
2017-02-22 07:10:08.938000,8.36441,8.36297,1000000,1000000
2017-02-22 07:10:09.258000,8.36443,8.36289,1000000,1000000
2017-02-22 07:10:09.308000,8.36443,8.36301,1000000,1000000
2017-02-22 07:10:09.460000,8.36443,8.36289,1000000,1000000
2017-02-22 07:10:09.712000,8.36443,8.36292,1000000,1000000
2017-02-22 07:10:10.336000,8.36443,8.36302,1000000,1000000
2017-02-22 07:10:10.871000,8.36443,8.36315,1000000,1000000
2017-02-22 07:10:11.395000,8.36443,8.36318,1000000,1000000
2017-02-22 07:10:11.777000,8.36463,8.36318,1000000,1000000
2017-02-22 07:10:12.126000,8.36464,8.3632,1000000,1000000
2017-02-22 07:10:13.353000,8.36455,8.36314,1000000,1000000
2017-02-22 07:10:13.600000,8.36438,8.36295,1000000,1000000
2017-02-22 07:10:14.468000,8.36445,8.363,1000000,1000000
2017-02-22 07:10:14.836000,8.3645,8.3632,1000000,1000000
2017-02-22 07:10:14.938000,8.36447,8.36306,1000000,1000000
2017-02-22 07:10:15.062000,8.36433,8.3629,1000000,1000000
2017-02-22 07:10:15.905000,8.36439,8.36294,1000000,1000000
2017-02-22 07:10:16.824000,8.36445,8.363,1000000,1000000
2017-02-22 07:10:17.129000,8.36445,8.36306,1000000,1000000
2017-02-22 07:10:17.331000,8.36438,8.36293,1000000,1000000
2017-02-22 07:10:17.382000,8.36438,8.3629,1000000,1000000
2017-02-22 07:10:17.584000,8.3645,8.3629,1000000,1000000
2017-02-22 07:10:17.635000,8.3645,8.36296,1000000,1000000
2017-02-22 07:10:18.043000,8.36471,8.36338,1000000,1000000
2017-02-22 07:10:18.095000,8.36506,8.36346,1000000,1000000
2017-02-22 07:10:18.917000,8.36506,8.36355,1000000,1000000
2017-02-22 07:10:19.450000,8.36506,8.36365,1000000,1000000
2017-02-22 07:10:19.602000,8.3653,8.36377,1000000,1000000
2017-02-22 07:10:19.653000,8.3653,8.36389,1000000,1000000
2017-02-22 07:10:19.907000,8.36551,8.36393,1000000,1000000
2017-02-22 07:10:20.587000,8.36554,8.36393,1000000,1500000
2017-02-22 07:10:21.795000,8.36554,8.36419,1000000,1000000
2017-02-22 07:10:21.846000,8.36554,8.36407,1000000,1000000
2017-02-22 07:10:21.998000,8.36569,8.36418,1000000,1000000
2017-02-22 07:10:22.602000,8.36577,8.36425,1000000,1000000
2017-02-22 07:10:22.805000,8.36577,8.36432,1000000,1000000
2017-02-22 07:10:23.735000,8.36577,8.36418,1000000,1000000
2017-02-22 07:10:23.786000,8.3657,8.36418,1000000,1000000
2017-02-22 07:10:24.168000,8.36547,8.36418,1000000,1000000
2017-02-22 07:10:24.229000,8.36546,8.36385,1000000,1500000
2017-02-22 07:10:24.827000,8.36546,8.36389,1000000,1000000
2017-02-22 07:10:25.081000,8.36546,8.36385,1500000,1000000
2017-02-22 07:10:25.406000,8.36513,8.36385,1370000,1000000
2017-02-22 07:10:25.507000,8.36524,8.36385,1000000,1000000
2017-02-22 07:10:25.648000,8.36521,8.36365,1000000,1000000
2017-02-22 07:10:25.951000,8.36521,8.36381,1000000,1000000
2017-02-22 07:10:26.204000,8.36523,8.36381,1000000,1000000
2017-02-22 07:10:26.376000,8.36523,8.3639,1000000,1000000
2017-02-22 07:10:26.629000,8.36538,8.36391,1000000,1000000
2017-02-22 07:10:26.781000,8.3654,8.36397,1000000,1000000
2017-02-22 07:10:26.934000,8.36531,8.36386,1000000,1000000
2017-02-22 07:10:28.841000,8.3654,8.36403,1000000,1000000
2017-02-22 07:10:29.094000,8.36543,8.36403,1000000,1000000
2017-02-22 07:10:29.269000,8.36547,8.36403,1000000,1000000
2017-02-22 07:10:29.866000,8.36558,8.36403,1000000,1000000
2017-02-22 07:10:29.917000,8.36547,8.36403,1500000,1000000
2017-02-22 07:10:30.221000,8.36541,8.36403,1000000,1000000
2017-02-22 07:10:30.527000,8.36533,8.36403,1000000,1000000
2017-02-22 07:10:30.730000,8.36515,8.36372,1000000,1000000
2017-02-22 07:10:31.137000,8.36531,8.36389,1000000,1000000
2017-02-22 07:10:31.440000,8.36533,8.36404,1000000,1000000
2017-02-22 07:10:32.623000,8.36541,8.36404,1000000,1000000
2017-02-22 07:10:32.806000,8.36556,8.36411,1000000,1000000
2017-02-22 07:10:33.759000,8.36555,8.3641,1000000,1000000
2017-02-22 07:10:37.102000,8.36553,8.36424,1000000,1000000
2017-02-22 07:10:37.154000,8.36563,8.36424,1000000,1000000
2017-02-22 07:10:37.255000,8.36563,8.3643,1000000,1000000
2017-02-22 07:10:37.448000,8.36573,8.36438,1000000,1000000
2017-02-22 07:10:37.666000,8.36578,8.36438,1000000,1000000
2017-02-22 07:10:37.920000,8.36588,8.36449,1000000,1000000
2017-02-22 07:10:38.385000,8.36583,8.36443,1000000,1000000
2017-02-22 07:10:38.505000,8.36578,8.36443,1000000,1000000
2017-02-22 07:10:38.926000,8.36578,8.36449,1000000,1000000
2017-02-22 07:10:39.318000,8.36586,8.36442,1000000,1000000
2017-02-22 07:10:39.404000,8.36568,8.36426,1500000,1000000
2017-02-22 07:10:39.606000,8.36578,8.36434,1000000,1000000
2017-02-22 07:10:39.910000,8.36578,8.36443,1000000,1000000
2017-02-22 07:10:40.200000,8.36568,8.3643,1000000,1000000
2017-02-22 07:10:40.251000,8.36561,8.36426,1000000,1000000
2017-02-22 07:10:40.453000,8.36558,8.36416,1000000,1000000
2017-02-22 07:10:40.890000,8.36548,8.36416,1000000,1000000
2017-02-22 07:10:40.972000,8.36548,8.36408,1000000,1000000
2017-02-22 07:10:41.266000,8.36552,8.36408,1000000,1000000
2017-02-22 07:10:41.367000,8.36547,8.36403,1000000,1500000
2017-02-22 07:10:41.671000,8.36536,8.36403,1000000,1000000
2017-02-22 07:10:41.874000,8.36546,8.36403,1000000,1000000
2017-02-22 07:10:41.975000,8.36537,8.36403,1000000,1000000
2017-02-22 07:10:42.211000,8.36529,8.36384,1000000,1000000
2017-02-22 07:10:42.431000,8.36537,8.36397,1000000,1000000
2017-02-22 07:10:43.068000,8.36534,8.36389,1000000,1000000
2017-02-22 07:10:43.270000,8.36527,8.36389,1000000,1000000
2017-02-22 07:10:43.722000,8.36534,8.36389,1000000,1000000
2017-02-22 07:10:43.773000,8.36538,8.36396,1000000,1000000
2017-02-22 07:10:44.106000,8.36538,8.36414,1000000,1000000
2017-02-22 07:10:44.514000,8.36518,8.36396,1000000,1000000
2017-02-22 07:10:44.616000,8.36538,8.36396,1000000,1000000
2017-02-22 07:10:44.768000,8.36538,8.36408,1000000,1000000
2017-02-22 07:10:45.733000,8.36539,8.3641,1000000,1000000
2017-02-22 07:10:46.136000,8.36548,8.3641,1000000,1000000
2017-02-22 07:10:46.689000,8.36548,8.36409,1000000,1000000
2017-02-22 07:10:46.740000,8.36561,8.36409,1000000,1000000
2017-02-22 07:10:46.790000,8.36557,8.36412,1000000,1000000
2017-02-22 07:10:47.267000,8.36548,8.36412,1000000,1000000
2017-02-22 07:10:47.318000,8.36557,8.36412,1000000,1000000
2017-02-22 07:10:47.748000,8.36558,8.36416,1000000,1000000
2017-02-22 07:10:48.789000,8.36558,8.36414,1000000,1000000
2017-02-22 07:10:49.636000,8.36559,8.36414,1000000,1000000
2017-02-22 07:10:50.112000,8.36561,8.36418,1000000,1000000
2017-02-22 07:10:50.264000,8.36555,8.36411,1000000,1000000
2017-02-22 07:10:51.252000,8.36554,8.36409,1000000,1000000
2017-02-22 07:10:51.519000,8.36546,8.36401,1000000,1000000
2017-02-22 07:10:51.823000,8.36512,8.36401,2250000,1000000
2017-02-22 07:10:51.873000,8.36518,8.36401,1000000,1000000
2017-02-22 07:10:51.924000,8.36513,8.36401,3750000,1000000
2017-02-22 07:10:51.975000,8.36496,8.36378,1000000,1000000
2017-02-22 07:10:52.026000,8.36478,8.36373,1000000,1000000
2017-02-22 07:10:52.077000,8.36492,8.36353,1000000,1000000
2017-02-22 07:10:52.881000,8.36503,8.36361,1000000,1000000
2017-02-22 07:10:53.118000,8.36482,8.36353,1000000,1000000
2017-02-22 07:10:53.270000,8.36473,8.36337,1000000,1000000
2017-02-22 07:10:53.371000,8.36468,8.36328,1000000,1000000
2017-02-22 07:10:53.990000,8.36462,8.36328,1000000,1000000
2017-02-22 07:10:54.204000,8.36469,8.36328,1000000,1000000
2017-02-22 07:10:54.255000,8.36448,8.36328,1000000,1000000
2017-02-22 07:10:54.306000,8.3647,8.36328,1000000,1000000
2017-02-22 07:10:54.357000,8.36483,8.36348,1000000,1000000
2017-02-22 07:10:54.673000,8.36491,8.36363,1000000,1000000
2017-02-22 07:10:54.724000,8.36522,8.36379,1000000,1000000
2017-02-22 07:10:54.926000,8.36522,8.3639,1000000,1000000
2017-02-22 07:10:54.977000,8.36535,8.36391,1000000,1000000
2017-02-22 07:10:55.078000,8.36547,8.36403,1000000,1000000
2017-02-22 07:10:55.770000,8.36552,8.3641,1500000,1000000
2017-02-22 07:10:56.073000,8.36552,8.36412,1000000,1000000
2017-02-22 07:10:56.264000,8.36568,8.36423,1000000,1000000
2017-02-22 07:10:56.732000,8.36564,8.3642,1000000,1000000
2017-02-22 07:10:56.819000,8.36557,8.36412,1000000,1000000
2017-02-22 07:10:56.873000,8.36534,8.36412,1000000,1000000
2017-02-22 07:10:56.975000,8.36534,8.3639,1000000,1000000
2017-02-22 07:10:57.374000,8.36558,8.36421,1000000,1000000
2017-02-22 07:10:57.687000,8.36565,8.36439,1000000,1000000
2017-02-22 07:10:57.789000,8.36572,8.36439,1000000,1000000
2017-02-22 07:10:58.068000,8.36587,8.36443,1000000,1000000
2017-02-22 07:10:58.119000,8.36597,8.36455,1000000,1000000
2017-02-22 07:10:58.372000,8.36605,8.36454,1000000,1000000
2017-02-22 07:10:58.423000,8.36588,8.36454,1000000,1000000
2017-02-22 07:10:59.043000,8.36602,8.36457,1000000,1000000
2017-02-22 07:10:59.341000,8.366,8.36454,1000000,1000000
2017-02-22 07:10:59.443000,8.36595,8.36454,1000000,1000000
2017-02-22 07:10:59.958000,8.36587,8.36454,1000000,1000000
2017-02-22 07:11:00.338000,8.36594,8.36454,1000000,1000000
2017-02-22 07:11:00.697000,8.36581,8.36454,1000000,1000000
2017-02-22 07:11:01.052000,8.36589,8.36454,1000000,1000000
2017-02-22 07:11:01.211000,8.36595,8.36454,1000000,1000000
2017-02-22 07:11:01.312000,8.36582,8.36454,1000000,1000000
2017-02-22 07:11:01.616000,8.36604,8.3646,1000000,1000000
2017-02-22 07:11:01.804000,8.36604,8.36478,1000000,1000000
2017-02-22 07:11:02.213000,8.36583,8.36448,1000000,1000000
2017-02-22 07:11:02.473000,8.36569,8.36448,1000000,1000000
2017-02-22 07:11:02.574000,8.36548,8.36416,1000000,1000000
2017-02-22 07:11:02.675000,8.36566,8.36416,1000000,1000000
2017-02-22 07:11:03.766000,8.36558,8.36416,1000000,1000000
2017-02-22 07:11:04.847000,8.36558,8.36419,1000000,1000000
2017-02-22 07:11:05.149000,8.36575,8.36423,1000000,1000000
2017-02-22 07:11:05.495000,8.36578,8.3644,1000000,1000000
2017-02-22 07:11:06.084000,8.36575,8.3644,1000000,1000000
2017-02-22 07:11:06.185000,8.36565,8.36419,1000000,1000000
2017-02-22 07:11:06.236000,8.36548,8.36419,1000000,1000000
2017-02-22 07:11:06.287000,8.36548,8.36413,1000000,1000000
2017-02-22 07:11:07.212000,8.36558,8.36415,1000000,1000000
2017-02-22 07:11:07.314000,8.36554,8.36413,1000000,1000000
2017-02-22 07:11:07.826000,8.36558,8.3642,1000000,1000000
2017-02-22 07:11:10.264000,8.36563,8.3642,1000000,1000000
2017-02-22 07:11:10.438000,8.36568,8.36434,1000000,1000000
2017-02-22 07:11:10.548000,8.36574,8.36434,1000000,1000000
2017-02-22 07:11:11.436000,8.36574,8.3643,1000000,1000000
2017-02-22 07:11:12.443000,8.3656,8.36415,1000000,1000000
2017-02-22 07:11:12.494000,8.36555,8.36413,1000000,1000000
2017-02-22 07:11:12.833000,8.36568,8.36436,1000000,1000000
2017-02-22 07:11:12.884000,8.36581,8.36438,1000000,1000000
2017-02-22 07:11:13.168000,8.36578,8.36438,1000000,1000000
2017-02-22 07:11:13.491000,8.36581,8.36438,1000000,1000000
2017-02-22 07:11:13.593000,8.36575,8.36438,1000000,1000000
2017-02-22 07:11:13.643000,8.36587,8.36442,1000000,1000000
2017-02-22 07:11:13.695000,8.36588,8.36448,1000000,1000000
2017-02-22 07:11:14.049000,8.36577,8.36448,1000000,1000000
2017-02-22 07:11:14.180000,8.36577,8.3644,1000000,1000000
2017-02-22 07:11:14.537000,8.36568,8.3644,1000000,1000000
2017-02-22 07:11:14.690000,8.36568,8.36438,1000000,1000000
2017-02-22 07:11:15.035000,8.36568,8.36445,1000000,1000000
2017-02-22 07:11:15.561000,8.36568,8.36451,1000000,1000000
2017-02-22 07:11:15.613000,8.36578,8.36438,1500000,1000000
2017-02-22 07:11:15.664000,8.36578,8.3645,1000000,1000000
2017-02-22 07:11:15.766000,8.36587,8.36457,1000000,1000000
2017-02-22 07:11:15.986000,8.36582,8.36438,1000000,1000000
2017-02-22 07:11:16.037000,8.36568,8.36441,1000000,1000000
2017-02-22 07:11:16.425000,8.36568,8.36452,1000000,1000000
2017-02-22 07:11:16.954000,8.36568,8.36456,1000000,1000000
2017-02-22 07:11:17.481000,8.36548,8.36435,1000000,1000000
2017-02-22 07:11:17.683000,8.36568,8.3644,1000000,1000000
2017-02-22 07:11:17.787000,8.36568,8.36457,1000000,1000000
2017-02-22 07:11:18.117000,8.36568,8.36461,1000000,1000000
2017-02-22 07:11:18.168000,8.36588,8.36461,1000000,1000000
2017-02-22 07:11:18.270000,8.36598,8.36461,1000000,1000000
2017-02-22 07:11:18.633000,8.36598,8.36467,1000000,1000000
2017-02-22 07:11:19.286000,8.36588,8.36467,1000000,1000000
2017-02-22 07:11:19.616000,8.36588,8.36463,1000000,1000000
2017-02-22 07:11:20.702000,8.36597,8.36463,1000000,1000000
2017-02-22 07:11:20.951000,8.36597,8.36461,1000000,1000000
2017-02-22 07:11:21.002000,8.36577,8.36461,1000000,1000000
2017-02-22 07:11:21.306000,8.36577,8.36463,1000000,1000000
2017-02-22 07:11:21.744000,8.36588,8.36463,1000000,1000000
2017-02-22 07:11:21.923000,8.36588,8.36469,1000000,1000000
2017-02-22 07:11:22.267000,8.36577,8.36461,1000000,1000000
2017-02-22 07:11:22.317000,8.36577,8.3643,1000000,1000000
2017-02-22 07:11:22.533000,8.3658,8.3643,1000000,1000000
2017-02-22 07:11:22.976000,8.36567,8.3643,1000000,1000000
2017-02-22 07:11:23.520000,8.36558,8.3643,1000000,1000000
2017-02-22 07:11:23.878000,8.36568,8.36456,1000000,1000000
2017-02-22 07:11:24.228000,8.36568,8.36461,1000000,1000000
2017-02-22 07:11:27.902000,8.36588,8.36461,1000000,1000000
2017-02-22 07:11:28.567000,8.36568,8.36461,1000000,1000000
2017-02-22 07:11:28.618000,8.36538,8.3643,1000000,1000000
2017-02-22 07:11:28.669000,8.36527,8.3643,1000000,1000000
2017-02-22 07:11:28.720000,8.36527,8.36399,1000000,1000000
2017-02-22 07:11:28.821000,8.36518,8.36399,1000000,1000000
2017-02-22 07:11:29.525000,8.36518,8.36404,1000000,1000000
2017-02-22 07:11:29.931000,8.36527,8.36399,1000000,1000000
2017-02-22 07:11:30.032000,8.36538,8.36399,1000000,1000000
2017-02-22 07:11:30.116000,8.36557,8.36409,1000000,1000000
2017-02-22 07:11:30.167000,8.36558,8.36429,1000000,1000000
2017-02-22 07:11:30.470000,8.36528,8.36405,1000000,1000000
2017-02-22 07:11:30.773000,8.36518,8.36405,1000000,1000000
2017-02-22 07:11:31.241000,8.36518,8.36403,1000000,1500000
2017-02-22 07:11:31.732000,8.36528,8.36403,1000000,1500000
2017-02-22 07:11:32.249000,8.36528,8.36405,1000000,1000000
2017-02-22 07:11:32.486000,8.36538,8.36405,1000000,1000000
2017-02-22 07:11:32.806000,8.36538,8.36403,1000000,1000000
2017-02-22 07:11:34.815000,8.36557,8.36403,1000000,1000000
2017-02-22 07:11:34.866000,8.36526,8.36403,1000000,1000000
2017-02-22 07:11:34.967000,8.36516,8.3638,1000000,1000000
2017-02-22 07:11:35.930000,8.36514,8.3638,1000000,1000000
2017-02-22 07:11:36.543000,8.3652,8.3638,1000000,1000000
2017-02-22 07:11:37.786000,8.36524,8.3638,1000000,1000000
2017-02-22 07:11:38.400000,8.36528,8.36385,1000000,1000000
2017-02-22 07:11:39.369000,8.3653,8.36385,1000000,1000000
2017-02-22 07:11:41.394000,8.36529,8.36384,1000000,1000000
2017-02-22 07:11:41.877000,8.36541,8.36383,1000000,1000000
2017-02-22 07:11:45.859000,8.36541,8.36389,1000000,1000000
2017-02-22 07:11:46.162000,8.36558,8.36406,1000000,1000000
2017-02-22 07:11:46.314000,8.3656,8.36406,1000000,1000000
2017-02-22 07:11:46.465000,8.36544,8.36398,1000000,1000000
2017-02-22 07:11:47.052000,8.36544,8.36396,1000000,1000000
2017-02-22 07:11:49.101000,8.36544,8.36399,1000000,1000000
2017-02-22 07:11:53.461000,8.36544,8.36395,1000000,1000000
2017-02-22 07:11:53.512000,8.36544,8.36403,1000000,1000000
2017-02-22 07:11:53.818000,8.36575,8.36437,1000000,1000000
2017-02-22 07:11:53.970000,8.36575,8.36423,1000000,1000000
2017-02-22 07:11:54.175000,8.36575,8.36431,1000000,1000000
2017-02-22 07:11:54.263000,8.36575,8.36416,1000000,1000000
2017-02-22 07:11:54.364000,8.36568,8.36416,1000000,1000000
2017-02-22 07:11:54.625000,8.36575,8.36416,1000000,1000000
2017-02-22 07:11:58.211000,8.36562,8.36416,1000000,1000000
2017-02-22 07:11:58.313000,8.36551,8.36392,1000000,1000000
2017-02-22 07:12:01.475000,8.36556,8.3646,1000000,1000000
2017-02-22 07:12:01.526000,8.36575,8.3646,1000000,1000000
2017-02-22 07:12:01.627000,8.36588,8.3646,1000000,1000000
2017-02-22 07:12:02.016000,8.36597,8.3646,1000000,1000000
2017-02-22 07:12:02.532000,8.36608,8.3646,1000000,1000000
2017-02-22 07:12:04.179000,8.36621,8.3646,1000000,1000000
2017-02-22 07:12:04.331000,8.36611,8.3646,1000000,1000000
2017-02-22 07:12:04.382000,8.36621,8.3646,1000000,1000000
2017-02-22 07:12:05.436000,8.36621,8.36462,1000000,1000000
2017-02-22 07:12:06.414000,8.36621,8.3646,1000000,1000000
2017-02-22 07:12:08.418000,8.36609,8.36464,1000000,1000000
2017-02-22 07:12:09.317000,8.36621,8.36484,1000000,1000000
2017-02-22 07:12:09.459000,8.36615,8.36472,1000000,1000000
2017-02-22 07:12:10.308000,8.36619,8.36474,1000000,1000000
2017-02-22 07:12:13.212000,8.36621,8.36477,1000000,1000000
2017-02-22 07:12:13.685000,8.36615,8.3647,1000000,1000000
2017-02-22 07:12:13.956000,8.36615,8.36472,1000000,1000000
2017-02-22 07:12:14.627000,8.36619,8.36474,1000000,1000000
2017-02-22 07:12:15.628000,8.36621,8.36477,1000000,1000000
2017-02-22 07:12:17.403000,8.36621,8.36478,1000000,1000000
2017-02-22 07:12:18.433000,8.36627,8.36492,1000000,1000000
2017-02-22 07:12:18.484000,8.3664,8.36495,1000000,1000000
2017-02-22 07:12:18.534000,8.36646,8.36516,1000000,1000000
2017-02-22 07:12:18.736000,8.3663,8.36493,1000000,1000000
2017-02-22 07:12:18.837000,8.36648,8.36508,1000000,1000000
2017-02-22 07:12:19.025000,8.36651,8.36508,1000000,1000000
2017-02-22 07:12:19.076000,8.36648,8.36508,1000000,1000000
2017-02-22 07:12:19.584000,8.36647,8.36508,1000000,1500000
2017-02-22 07:12:19.804000,8.36651,8.36508,1000000,1500000
2017-02-22 07:12:20.126000,8.36651,8.36517,1000000,1000000
2017-02-22 07:12:20.227000,8.36656,8.36517,1000000,1000000
2017-02-22 07:12:20.776000,8.3663,8.36517,1000000,1000000
2017-02-22 07:12:21.024000,8.36647,8.36517,1000000,1000000
2017-02-22 07:12:21.125000,8.36665,8.3652,1000000,1000000
2017-02-22 07:12:21.720000,8.36656,8.36517,1000000,1000000
2017-02-22 07:12:22.068000,8.36623,8.36517,1000000,1000000
2017-02-22 07:12:22.286000,8.36623,8.3649,1000000,1000000
2017-02-22 07:12:22.913000,8.36618,8.3649,1000000,1000000
2017-02-22 07:12:23.921000,8.3662,8.3649,1000000,1000000
2017-02-22 07:12:26.744000,8.36644,8.36499,1000000,1000000
2017-02-22 07:12:26.795000,8.36651,8.36507,1000000,1000000
2017-02-22 07:12:27.165000,8.36652,8.36521,1000000,1000000
2017-02-22 07:12:27.267000,8.36625,8.36481,1000000,1000000
2017-02-22 07:12:27.728000,8.36616,8.36481,1000000,1000000
2017-02-22 07:12:28.127000,8.36642,8.36505,1000000,1000000
2017-02-22 07:12:28.228000,8.36642,8.36511,1000000,1000000
2017-02-22 07:12:28.279000,8.36642,8.36505,1000000,1000000
2017-02-22 07:12:28.330000,8.3665,8.3652,1000000,1000000
2017-02-22 07:12:28.636000,8.36625,8.3652,1000000,1000000
2017-02-22 07:12:28.761000,8.36625,8.3649,1000000,1000000
2017-02-22 07:12:29.116000,8.36616,8.3649,1000000,1000000
2017-02-22 07:12:29.913000,8.36589,8.3649,1000000,1000000
2017-02-22 07:12:30.056000,8.36558,8.36457,1000000,1000000
2017-02-22 07:12:30.107000,8.36562,8.36457,1000000,1000000
2017-02-22 07:12:30.159000,8.36562,8.36418,1000000,1000000
2017-02-22 07:12:30.412000,8.36545,8.3641,1000000,1000000
2017-02-22 07:12:30.653000,8.36542,8.36382,1000000,1000000
2017-02-22 07:12:30.705000,8.36523,8.36382,1000000,1000000
2017-02-22 07:12:30.806000,8.36543,8.36383,1000000,1000000
2017-02-22 07:12:31.407000,8.36535,8.36393,1000000,1000000
2017-02-22 07:12:33.810000,8.36539,8.36397,1000000,1000000
2017-02-22 07:12:36.111000,8.36538,8.36397,1000000,1000000
2017-02-22 07:12:37.296000,8.36538,8.36402,1070000,1000000
2017-02-22 07:12:37.624000,8.36538,8.36407,1000000,1000000
2017-02-22 07:12:38.286000,8.36508,8.36407,1000000,1000000
2017-02-22 07:12:38.528000,8.36538,8.36411,1000000,1000000
2017-02-22 07:12:38.583000,8.36538,8.36416,1000000,1000000
2017-02-22 07:12:38.892000,8.36508,8.36423,1000000,1000000
2017-02-22 07:12:38.993000,8.36508,8.36406,1000000,1000000
2017-02-22 07:12:39.044000,8.36518,8.36406,1000000,1000000
2017-02-22 07:12:39.107000,8.36508,8.36406,1000000,1000000
2017-02-22 07:12:39.158000,8.36517,8.36406,1000000,1000000
2017-02-22 07:12:39.313000,8.36508,8.36406,1000000,1000000
2017-02-22 07:12:39.508000,8.36508,8.36397,1000000,1000000
2017-02-22 07:12:40.487000,8.36518,8.36403,1000000,1000000
2017-02-22 07:12:40.654000,8.36528,8.36403,1000000,1000000
2017-02-22 07:12:41.447000,8.36528,8.36404,1000000,1000000
2017-02-22 07:12:42.207000,8.36517,8.36404,1000000,1000000
2017-02-22 07:12:42.258000,8.36517,8.36399,1000000,1000000
2017-02-22 07:12:42.359000,8.36517,8.3639,1000000,1000000
2017-02-22 07:12:42.511000,8.36528,8.364,1000000,1000000
2017-02-22 07:12:42.562000,8.36518,8.364,1000000,1000000
2017-02-22 07:12:44.198000,8.36518,8.36398,1000000,1000000
2017-02-22 07:12:46.247000,8.36528,8.36398,1000000,1000000
2017-02-22 07:12:47.955000,8.36528,8.36396,1000000,1000000
2017-02-22 07:12:49.064000,8.36518,8.36396,1000000,1000000
2017-02-22 07:12:51.013000,8.36518,8.36419,1000000,1000000
2017-02-22 07:12:51.064000,8.36528,8.36419,1000000,1000000
2017-02-22 07:12:51.114000,8.36538,8.3643,1000000,1000000
2017-02-22 07:12:51.316000,8.36558,8.36445,1000000,1000000
2017-02-22 07:12:51.524000,8.36568,8.36445,1000000,1000000
2017-02-22 07:12:51.928000,8.36578,8.36445,1000000,1000000
2017-02-22 07:12:52.014000,8.36567,8.36445,1000000,1000000
2017-02-22 07:12:52.275000,8.36578,8.36445,1000000,1000000
2017-02-22 07:12:52.517000,8.36588,8.36445,1000000,1000000
2017-02-22 07:12:52.886000,8.36595,8.3646,1000000,1000000
2017-02-22 07:12:53.189000,8.36608,8.36468,1000000,1000000
2017-02-22 07:12:53.240000,8.36611,8.36468,1000000,1000000
2017-02-22 07:12:53.291000,8.36607,8.36468,1000000,1000000
2017-02-22 07:12:53.555000,8.36611,8.36468,1000000,1000000
2017-02-22 07:12:53.858000,8.36622,8.3648,1000000,1000000
2017-02-22 07:12:54.527000,8.36613,8.36469,1000000,1000000
2017-02-22 07:12:54.578000,8.36613,8.36473,1000000,1000000
2017-02-22 07:12:55.228000,8.36613,8.36474,1000000,1000000
2017-02-22 07:12:55.541000,8.36622,8.36484,1000000,1000000
2017-02-22 07:12:57.034000,8.36622,8.36478,1000000,1500000
2017-02-22 07:12:58.447000,8.36598,8.36461,1000000,1000000
2017-02-22 07:12:58.598000,8.36595,8.3645,1000000,1000000
2017-02-22 07:12:58.699000,8.36602,8.36462,1000000,1000000
2017-02-22 07:12:58.901000,8.3662,8.36475,1000000,1000000
2017-02-22 07:12:59.745000,8.36616,8.36473,1000000,1000000
2017-02-22 07:13:00.335000,8.36615,8.36473,1000000,1500000
2017-02-22 07:13:00.720000,8.36602,8.36473,1000000,1000000
2017-02-22 07:13:00.822000,8.36611,8.36474,1000000,1000000
2017-02-22 07:13:00.873000,8.36611,8.3649,1000000,1000000
2017-02-22 07:13:01.062000,8.36641,8.36492,1000000,1000000
2017-02-22 07:13:01.784000,8.36643,8.36495,1000000,1000000
2017-02-22 07:13:02.216000,8.36638,8.36495,1000000,1000000
2017-02-22 07:13:02.921000,8.36643,8.36495,1000000,1000000
2017-02-22 07:13:04.130000,8.36642,8.36495,1000000,1000000
2017-02-22 07:13:05.382000,8.36638,8.36495,1000000,1000000
2017-02-22 07:13:07.013000,8.36642,8.36495,1000000,1000000
2017-02-22 07:13:08.965000,8.36646,8.365,1000000,1000000
2017-02-22 07:13:09.336000,8.36651,8.36512,1000000,1000000
2017-02-22 07:13:09.641000,8.36651,8.36523,1000000,1000000
2017-02-22 07:13:10.011000,8.36651,8.36534,1000000,1000000
2017-02-22 07:13:10.062000,8.36651,8.36516,1000000,1000000
2017-02-22 07:13:10.547000,8.36651,8.36531,1000000,1000000
2017-02-22 07:13:10.649000,8.36651,8.36518,1000000,1000000
2017-02-22 07:13:14.525000,8.36648,8.36518,1000000,1000000
2017-02-22 07:13:14.576000,8.36648,8.36512,1000000,1000000
2017-02-22 07:13:14.778000,8.36651,8.36512,1000000,1000000
2017-02-22 07:13:14.829000,8.36648,8.36512,1000000,1000000
2017-02-22 07:13:15.216000,8.36651,8.36515,1000000,1000000
2017-02-22 07:13:15.647000,8.36651,8.36521,1000000,1000000
2017-02-22 07:13:16.217000,8.36658,8.36521,1000000,1000000
2017-02-22 07:13:16.656000,8.36665,8.36522,1000000,1000000
2017-02-22 07:13:17.277000,8.36663,8.36518,1000000,1000000
2017-02-22 07:13:18.015000,8.36656,8.36511,1000000,1500000
2017-02-22 07:13:19.018000,8.36655,8.36511,1000000,1000000
2017-02-22 07:13:19.398000,8.36665,8.36524,1000000,1000000
2017-02-22 07:13:19.919000,8.36656,8.36513,1000000,1000000
2017-02-22 07:13:20.117000,8.36656,8.36516,1000000,1000000
2017-02-22 07:13:20.219000,8.36676,8.36533,1000000,1000000
2017-02-22 07:13:20.606000,8.36672,8.36528,1000000,1000000
2017-02-22 07:13:21.191000,8.36676,8.36533,1000000,1000000
2017-02-22 07:13:23.803000,8.36672,8.36527,1000000,2250000
2017-02-22 07:13:23.955000,8.36667,8.36527,1000000,1500000
2017-02-22 07:13:25.034000,8.36654,8.36527,1000000,1000000
2017-02-22 07:13:25.186000,8.36636,8.36507,1000000,1000000
2017-02-22 07:13:25.237000,8.36636,8.36499,1000000,1000000
2017-02-22 07:13:25.545000,8.36628,8.36499,1000000,1000000
2017-02-22 07:13:25.698000,8.36607,8.36467,1000000,1000000
2017-02-22 07:13:26.043000,8.36586,8.36467,1000000,1000000
2017-02-22 07:13:26.792000,8.36578,8.36467,1000000,1000000
2017-02-22 07:13:27.454000,8.36586,8.36467,1000000,1000000
2017-02-22 07:13:27.517000,8.36578,8.36467,1000000,1000000
2017-02-22 07:13:27.868000,8.36558,8.36467,1000000,1000000
2017-02-22 07:13:28.103000,8.36567,8.36467,1000000,1000000
2017-02-22 07:13:28.662000,8.36587,8.36467,1000000,1000000
2017-02-22 07:13:28.927000,8.36587,8.36449,1000000,1000000
2017-02-22 07:13:29.810000,8.36568,8.36449,1000000,1000000
2017-02-22 07:13:29.861000,8.36568,8.36447,1000000,1000000
2017-02-22 07:13:30.231000,8.36587,8.36448,1000000,1000000
2017-02-22 07:13:31.033000,8.36586,8.36448,1000000,1000000
2017-02-22 07:13:31.085000,8.36567,8.36447,1000000,1000000
2017-02-22 07:13:31.287000,8.36543,8.36416,1000000,1000000
2017-02-22 07:13:32.629000,8.36548,8.36416,1500000,1000000
2017-02-22 07:13:33.045000,8.3655,8.36416,1000000,1000000
2017-02-22 07:13:33.248000,8.36568,8.36425,1000000,1000000
2017-02-22 07:13:33.299000,8.36568,8.36439,1000000,1000000
2017-02-22 07:13:33.619000,8.36573,8.36434,1000000,1000000
2017-02-22 07:13:33.670000,8.36575,8.36437,1000000,1000000
2017-02-22 07:13:34.724000,8.36575,8.36444,1000000,1000000
2017-02-22 07:13:35.211000,8.36575,8.36438,1000000,1000000
2017-02-22 07:13:35.591000,8.36577,8.36439,1000000,1000000
2017-02-22 07:13:35.642000,8.36574,8.36439,1000000,1000000
2017-02-22 07:13:36.847000,8.36588,8.36468,1000000,1000000
2017-02-22 07:13:36.948000,8.36588,8.36457,1000000,1000000
2017-02-22 07:13:36.999000,8.36602,8.3647,1000000,1000000
2017-02-22 07:13:37.049000,8.36588,8.3647,1000000,1000000
2017-02-22 07:13:37.768000,8.36587,8.3647,1000000,1000000
2017-02-22 07:13:38.074000,8.36598,8.36481,1000000,1000000
2017-02-22 07:13:38.276000,8.36607,8.36481,1000000,1000000
2017-02-22 07:13:38.943000,8.36607,8.36476,1000000,1000000
2017-02-22 07:13:40,8.36607,8.36475,1000000,1000000
2017-02-22 07:13:40.051000,8.36614,8.36473,1000000,1000000
2017-02-22 07:13:40.102000,8.36614,8.36471,1000000,1000000
2017-02-22 07:13:40.445000,8.36603,8.3647,1000000,1000000
2017-02-22 07:13:40.828000,8.36592,8.3647,1000000,1000000
2017-02-22 07:13:41.135000,8.36555,8.3647,1000000,1000000
2017-02-22 07:13:41.186000,8.36567,8.3647,1000000,1000000
2017-02-22 07:13:41.287000,8.36584,8.36441,1000000,1000000
2017-02-22 07:13:42.202000,8.36581,8.36438,1000000,1000000
2017-02-22 07:13:42.697000,8.36587,8.36442,1000000,1000000
2017-02-22 07:13:42.978000,8.36578,8.36442,1000000,1000000
2017-02-22 07:13:43.211000,8.36577,8.36432,1000000,1500000
2017-02-22 07:13:45.164000,8.36572,8.36432,1000000,1000000
2017-02-22 07:13:45.481000,8.36557,8.36432,1000000,1000000
2017-02-22 07:13:45.741000,8.36556,8.3641,1000000,1000000
2017-02-22 07:13:46.399000,8.36548,8.36407,1000000,1000000
2017-02-22 07:13:47.762000,8.36537,8.36407,1000000,1000000
2017-02-22 07:13:48.166000,8.36523,8.36407,1000000,1000000
2017-02-22 07:13:48.267000,8.36537,8.36407,1000000,1000000
2017-02-22 07:13:48.368000,8.36556,8.36407,1000000,1000000
2017-02-22 07:13:48.712000,8.3654,8.36407,1000000,1000000
2017-02-22 07:13:49.672000,8.36539,8.36407,1000000,1000000
2017-02-22 07:13:54.142000,8.36541,8.36407,1000000,1000000
2017-02-22 07:14:01.967000,8.36527,8.36407,1000000,1000000
2017-02-22 07:14:02.069000,8.3652,8.36385,1000000,1000000
2017-02-22 07:14:02.938000,8.36529,8.36385,1000000,1000000
2017-02-22 07:14:04.181000,8.3653,8.36385,1000000,1000000
2017-02-22 07:14:05.198000,8.36526,8.36385,1000000,1000000
2017-02-22 07:14:05.802000,8.36534,8.36388,1000000,1000000
2017-02-22 07:14:07.215000,8.36534,8.3639,1000000,1000000
2017-02-22 07:14:07.518000,8.36546,8.36402,1500000,1000000
2017-02-22 07:14:07.822000,8.36537,8.36395,1000000,1000000
2017-02-22 07:14:08.062000,8.36546,8.36402,1500000,1000000
2017-02-22 07:14:08.163000,8.36546,8.3641,1000000,1000000
2017-02-22 07:14:08.578000,8.36542,8.3641,1000000,1000000
2017-02-22 07:14:09.015000,8.36538,8.3641,1000000,1000000
2017-02-22 07:14:09.253000,8.36519,8.3639,1000000,1000000
2017-02-22 07:14:09.344000,8.36512,8.3637,1000000,1000000
2017-02-22 07:14:09.395000,8.36525,8.3637,1000000,1000000
2017-02-22 07:14:09.446000,8.36514,8.3637,1000000,1000000
2017-02-22 07:14:09.548000,8.36498,8.3635,1000000,1000000
2017-02-22 07:14:09.599000,8.36498,8.36339,1000000,1000000
2017-02-22 07:14:10.476000,8.36493,8.36342,1000000,1000000
2017-02-22 07:14:10.527000,8.36493,8.36339,1000000,1000000
2017-02-22 07:14:10.734000,8.36488,8.36339,1000000,1000000
2017-02-22 07:14:11.072000,8.36483,8.36339,1000000,1000000
2017-02-22 07:14:13.011000,8.36482,8.36339,1000000,1000000
2017-02-22 07:14:14.133000,8.36483,8.36339,1000000,1000000
