time,ask,bid,ask_volume,bid_volume
2019-01-03 06:55:02.033000,8.73868,8.7353,1000000,1000000
2019-01-03 06:55:02.084000,8.73918,8.73545,1000000,1000000
2019-01-03 06:55:02.185000,8.73925,8.73545,1000000,1000000
2019-01-03 06:55:02.236000,8.73917,8.73545,1000000,1000000
2019-01-03 06:55:02.816000,8.73918,8.73545,1000000,1000000
2019-01-03 06:55:02.867000,8.73925,8.73545,1000000,1000000
2019-01-03 06:55:03.921000,8.73838,8.73545,1000000,1000000
2019-01-03 06:55:03.972000,8.73848,8.73545,1000000,1000000
2019-01-03 06:55:04.073000,8.73828,8.73452,1000000,1000000
2019-01-03 06:55:04.175000,8.73822,8.73449,1000000,1000000
2019-01-03 06:55:04.278000,8.73818,8.73449,1000000,1000000
2019-01-03 06:55:04.329000,8.73832,8.73449,1000000,1000000
2019-01-03 06:55:04.971000,8.73848,8.73445,1000000,1000000
2019-01-03 06:55:05.351000,8.73838,8.73445,1000000,1000000
2019-01-03 06:55:05.607000,8.73828,8.73445,1000000,1000000
2019-01-03 06:55:05.736000,8.73808,8.73445,1000000,1000000
2019-01-03 06:55:05.854000,8.73778,8.73434,1000000,1000000
2019-01-03 06:55:05.959000,8.73758,8.73395,1000000,1000000
2019-01-03 06:55:06.010000,8.73779,8.73395,1000000,1000000
2019-01-03 06:55:06.317000,8.73779,8.73417,1000000,1000000
2019-01-03 06:55:06.590000,8.73778,8.73417,1000000,1000000
2019-01-03 06:55:06.641000,8.73778,8.73395,1000000,1500000
2019-01-03 06:55:06.743000,8.73768,8.73395,1000000,1500000
2019-01-03 06:55:07.001000,8.73777,8.73395,1000000,1500000
2019-01-03 06:55:07.102000,8.73779,8.73395,1000000,1500000
2019-01-03 06:55:07.205000,8.73779,8.73405,1000000,1000000
2019-01-03 06:55:07.308000,8.73779,8.73417,1000000,1000000
2019-01-03 06:55:07.443000,8.73799,8.73417,1000000,1000000
2019-01-03 06:55:07.771000,8.73788,8.73417,1000000,1000000
2019-01-03 06:55:07.923000,8.73798,8.73417,1000000,1000000
2019-01-03 06:55:08.053000,8.73799,8.73417,1000000,1000000
2019-01-03 06:55:09.085000,8.73798,8.73417,1000000,1000000
2019-01-03 06:55:10.756000,8.73799,8.73417,1000000,1000000
2019-01-03 06:55:10.807000,8.73778,8.73396,1000000,1000000
2019-01-03 06:55:11.142000,8.73758,8.73396,1000000,1000000
2019-01-03 06:55:11.246000,8.73742,8.7337,1000000,1000000
2019-01-03 06:55:11.663000,8.73742,8.73379,1000000,1000000
2019-01-03 06:55:11.714000,8.73763,8.7338,1000000,1000000
2019-01-03 06:55:16.105000,8.73737,8.73401,1000000,1000000
2019-01-03 06:55:17.873000,8.73751,8.73424,1000000,1000000
2019-01-03 06:55:18.048000,8.73737,8.73425,1000000,1000000
2019-01-03 06:55:18.562000,8.73764,8.73416,1000000,1000000
2019-01-03 06:55:18.613000,8.73757,8.73428,1000000,1000000
2019-01-03 06:55:19.574000,8.7374,8.73412,1000000,1000000
2019-01-03 06:55:21.337000,8.73784,8.73388,1000000,1000000
2019-01-03 06:55:21.388000,8.73804,8.73439,1000000,1000000
2019-01-03 06:55:21.490000,8.73866,8.73439,1500000,1000000
2019-01-03 06:55:21.591000,8.73887,8.73474,1880000,1000000
2019-01-03 06:55:21.721000,8.73908,8.73479,1000000,1000000
2019-01-03 06:55:21.771000,8.73893,8.73476,1000000,1500000
2019-01-03 06:55:21.822000,8.73938,8.73516,1000000,1000000
2019-01-03 06:55:21.873000,8.73938,8.73523,1000000,1000000
2019-01-03 06:55:21.924000,8.73978,8.73546,1500000,1000000
2019-01-03 06:55:22.025000,8.73978,8.73558,1000000,1000000
2019-01-03 06:55:22.177000,8.73988,8.73621,1000000,1000000
2019-01-03 06:55:22.330000,8.74008,8.73621,1000000,1000000
2019-01-03 06:55:22.647000,8.73998,8.73621,1000000,1000000
2019-01-03 06:55:22.748000,8.73998,8.73596,1000000,1000000
2019-01-03 06:55:23.147000,8.73987,8.73596,1000000,1000000
2019-01-03 06:55:23.740000,8.73987,8.73655,1000000,1000000
2019-01-03 06:55:24.044000,8.73968,8.73629,1000000,1000000
2019-01-03 06:55:24.095000,8.73958,8.73629,1000000,1000000
2019-01-03 06:55:24.146000,8.73968,8.73629,1000000,1000000
2019-01-03 06:55:24.272000,8.73998,8.73629,1000000,1000000
2019-01-03 06:55:24.322000,8.73988,8.73629,1000000,1000000
2019-01-03 06:55:24.373000,8.73998,8.73603,1000000,1000000
2019-01-03 06:55:24.576000,8.74015,8.7361,1000000,1000000
2019-01-03 06:55:24.627000,8.73988,8.73645,1000000,1000000
2019-01-03 06:55:24.728000,8.73968,8.73645,1000000,1000000
2019-01-03 06:55:24.836000,8.73968,8.73597,1000000,1000000
2019-01-03 06:55:24.887000,8.73957,8.73607,1000000,1000000
2019-01-03 06:55:24.938000,8.73968,8.73597,1000000,1000000
2019-01-03 06:55:24.988000,8.73977,8.73607,1000000,1000000
2019-01-03 06:55:25.090000,8.73968,8.73601,1000000,1000000
2019-01-03 06:55:25.191000,8.73968,8.73616,1000000,1000000
2019-01-03 06:55:25.293000,8.73968,8.73607,1000000,1000000
2019-01-03 06:55:25.344000,8.73968,8.73609,1000000,1000000
2019-01-03 06:55:25.484000,8.74043,8.73609,1000000,1000000
2019-01-03 06:55:25.686000,8.74027,8.73585,1000000,1000000
2019-01-03 06:55:25.839000,8.74018,8.73585,1000000,1000000
2019-01-03 06:55:25.890000,8.74027,8.73585,1000000,1000000
2019-01-03 06:55:26.095000,8.74027,8.73586,1000000,1000000
2019-01-03 06:55:26.196000,8.73968,8.73586,1000000,1000000
2019-01-03 06:55:26.441000,8.73968,8.736,1000000,1000000
2019-01-03 06:55:26.744000,8.73948,8.736,1000000,1000000
2019-01-03 06:55:27.736000,8.73948,8.7362,1000000,1000000
2019-01-03 06:55:28.009000,8.73948,8.73578,1000000,1000000
2019-01-03 06:55:28.060000,8.73937,8.73578,1000000,1000000
2019-01-03 06:55:29.486000,8.73937,8.73555,1000000,1000000
2019-01-03 06:55:29.688000,8.73937,8.73597,1000000,1000000
2019-01-03 06:55:29.790000,8.73918,8.73597,1000000,1000000
2019-01-03 06:55:29.891000,8.73938,8.73597,1000000,1000000
2019-01-03 06:55:30.403000,8.73967,8.73597,1000000,1000000
2019-01-03 06:55:30.504000,8.74005,8.73598,1000000,1000000
2019-01-03 06:55:30.555000,8.74034,8.73582,1000000,1000000
2019-01-03 06:55:30.606000,8.74048,8.73642,1000000,1000000
2019-01-03 06:55:30.656000,8.74082,8.73642,1620000,1000000
2019-01-03 06:55:30.707000,8.74089,8.73709,1500000,1000000
2019-01-03 06:55:30.809000,8.74098,8.73709,1000000,1000000
2019-01-03 06:55:30.860000,8.74098,8.73761,1000000,1000000
2019-01-03 06:55:30.961000,8.74161,8.73761,1500000,1000000
2019-01-03 06:55:31.116000,8.74167,8.73715,1500000,1000000
2019-01-03 06:55:31.218000,8.74118,8.73824,1000000,1000000
2019-01-03 06:55:31.269000,8.74195,8.73824,1000000,1000000
2019-01-03 06:55:31.319000,8.74065,8.73759,1000000,1500000
2019-01-03 06:55:31.421000,8.73885,8.73703,1000000,1100000
2019-01-03 06:55:31.522000,8.73792,8.73456,1000000,1180000
2019-01-03 06:55:31.573000,8.73766,8.73456,1000000,1180000
2019-01-03 06:55:31.624000,8.73766,8.73442,1000000,1500000
2019-01-03 06:55:31.675000,8.73755,8.73442,1000000,1500000
2019-01-03 06:55:31.777000,8.73757,8.73412,1000000,1600000
2019-01-03 06:55:31.878000,8.73761,8.73363,1000000,1000000
2019-01-03 06:55:31.989000,8.73753,8.73363,1000000,1000000
2019-01-03 06:55:32.090000,8.73751,8.73353,1000000,1000000
2019-01-03 06:55:32.192000,8.7375,8.73353,1000000,1000000
2019-01-03 06:55:32.242000,8.73742,8.73353,1000000,1000000
2019-01-03 06:55:32.545000,8.7374,8.73353,1000000,1000000
2019-01-03 06:55:33.593000,8.7374,8.73347,1000000,1000000
2019-01-03 06:55:33.990000,8.7374,8.73352,1000000,1000000
2019-01-03 06:55:34.805000,8.7374,8.73369,1000000,1000000
2019-01-03 06:55:35.008000,8.7374,8.73391,1000000,1000000
2019-01-03 06:55:35.131000,8.73726,8.73391,1000000,1000000
2019-01-03 06:55:35.233000,8.73726,8.7335,1000000,1000000
2019-01-03 06:55:35.817000,8.73726,8.73382,1000000,1000000
2019-01-03 06:55:36.007000,8.73726,8.73347,1000000,1000000
2019-01-03 06:55:36.058000,8.73726,8.73382,1000000,1000000
2019-01-03 06:55:38.259000,8.73734,8.73382,1000000,1000000
2019-01-03 06:55:39.773000,8.73734,8.73386,1000000,1000000
2019-01-03 06:55:40.439000,8.73735,8.73386,1000000,1000000
2019-01-03 06:55:40.949000,8.73733,8.73386,1000000,1000000
2019-01-03 06:55:41.191000,8.73746,8.73386,1000000,1000000
2019-01-03 06:55:41.242000,8.73735,8.73386,1000000,1000000
2019-01-03 06:55:41.451000,8.73741,8.73386,1000000,1000000
2019-01-03 06:55:41.733000,8.73738,8.73386,1000000,1000000
2019-01-03 06:55:41.961000,8.73739,8.73386,1000000,1000000
2019-01-03 06:55:42.415000,8.7374,8.73386,1000000,1000000
2019-01-03 06:55:42.543000,8.73739,8.73386,1000000,1000000
2019-01-03 06:55:42.644000,8.73738,8.73386,1000000,1000000
2019-01-03 06:55:42.746000,8.73739,8.73386,1000000,1000000
2019-01-03 06:55:43.678000,8.73738,8.73386,1000000,1000000
2019-01-03 06:55:43.830000,8.73729,8.73386,1000000,1000000
2019-01-03 06:55:44.196000,8.73731,8.73386,1000000,1000000
2019-01-03 06:55:44.297000,8.73726,8.73386,1000000,1000000
2019-01-03 06:55:44.399000,8.73735,8.73386,1000000,1000000
2019-01-03 06:55:44.664000,8.73744,8.73386,1000000,1000000
2019-01-03 06:55:44.840000,8.73742,8.73386,1000000,1000000
2019-01-03 06:55:44.941000,8.73739,8.73386,1000000,1000000
2019-01-03 06:55:45.043000,8.7374,8.73386,1000000,1000000
2019-01-03 06:55:45.187000,8.73729,8.73372,1000000,1000000
2019-01-03 06:55:45.697000,8.73729,8.73354,1000000,1000000
2019-01-03 06:55:46.188000,8.73729,8.73383,1000000,1000000
2019-01-03 06:55:46.239000,8.73732,8.73383,1000000,1000000
2019-01-03 06:55:46.574000,8.7373,8.73383,1000000,1000000
2019-01-03 06:55:46.807000,8.7373,8.73363,1000000,1000000
2019-01-03 06:55:47.607000,8.73729,8.73363,1000000,1000000
2019-01-03 06:55:48.451000,8.73731,8.73363,1000000,1000000
2019-01-03 06:55:48.916000,8.73732,8.73363,1000000,1000000
2019-01-03 06:55:49.635000,8.73733,8.73363,1000000,1000000
2019-01-03 06:55:51.163000,8.73736,8.73363,1500000,1000000
2019-01-03 06:55:54.235000,8.73736,8.7339,1000000,1000000
2019-01-03 06:55:55.097000,8.73736,8.73366,1000000,1000000
2019-01-03 06:55:57.092000,8.7373,8.73361,1000000,1000000
2019-01-03 06:55:58.112000,8.73737,8.73372,1000000,1000000
2019-01-03 06:56:00.446000,8.73745,8.73372,1000000,1000000
2019-01-03 06:56:00.659000,8.73745,8.73392,1000000,1000000
2019-01-03 06:56:01.113000,8.73732,8.73392,1000000,1000000
2019-01-03 06:56:02.432000,8.73732,8.73388,1000000,1000000
2019-01-03 06:56:02.533000,8.73763,8.73393,1000000,1000000
2019-01-03 06:56:02.768000,8.73763,8.73398,1000000,1000000
2019-01-03 06:56:03.178000,8.73763,8.7341,1000000,1000000
2019-01-03 06:56:03.423000,8.73763,8.73425,1000000,1000000
2019-01-03 06:56:03.817000,8.73785,8.73425,1000000,1000000
2019-01-03 06:56:03.918000,8.73803,8.73415,1000000,1000000
2019-01-03 06:56:04.139000,8.73783,8.73415,1000000,1000000
2019-01-03 06:56:04.343000,8.73783,8.7344,1000000,1000000
2019-01-03 06:56:05.323000,8.73783,8.73427,1000000,1000000
2019-01-03 06:56:05.418000,8.73821,8.73432,1000000,1000000
2019-01-03 06:56:05.469000,8.73831,8.73462,1000000,1000000
2019-01-03 06:56:05.570000,8.73832,8.73462,1000000,1000000
2019-01-03 06:56:06.172000,8.73832,8.73464,1000000,1000000
2019-01-03 06:56:06.223000,8.73819,8.73447,1000000,1000000
2019-01-03 06:56:06.274000,8.73819,8.73456,1000000,1000000
2019-01-03 06:56:06.376000,8.73808,8.7345,1000000,1000000
2019-01-03 06:56:06.584000,8.73837,8.73462,1000000,1000000
2019-01-03 06:56:06.687000,8.73838,8.73462,1000000,1000000
2019-01-03 06:56:06.738000,8.73838,8.7347,1000000,1000000
2019-01-03 06:56:06.839000,8.73838,8.73462,1000000,1000000
2019-01-03 06:56:06.891000,8.73838,8.73468,1000000,1000000
2019-01-03 06:56:07.050000,8.73838,8.73462,1000000,1000000
2019-01-03 06:56:07.119000,8.73838,8.73478,1000000,1000000
2019-01-03 06:56:07.220000,8.73837,8.73478,1000000,1000000
2019-01-03 06:56:08.998000,8.73838,8.73478,1000000,1000000
2019-01-03 06:56:12.928000,8.7383,8.73466,1000000,1000000
2019-01-03 06:56:13.063000,8.73821,8.73441,1000000,1000000
2019-01-03 06:56:13.266000,8.73821,8.7346,1000000,1000000
2019-01-03 06:56:14.942000,8.73837,8.7346,1000000,1000000
2019-01-03 06:56:15.196000,8.73836,8.7346,1000000,1000000
2019-01-03 06:56:15.574000,8.73836,8.73488,1000000,1000000
2019-01-03 06:56:16.843000,8.73836,8.73466,1000000,1000000
2019-01-03 06:56:18.197000,8.73806,8.73466,1000000,1000000
2019-01-03 06:56:18.347000,8.73805,8.73466,1000000,1000000
2019-01-03 06:56:18.398000,8.73805,8.73441,1000000,1000000
2019-01-03 06:56:18.499000,8.73805,8.7345,1000000,1000000
2019-01-03 06:56:18.953000,8.73805,8.73445,1000000,1000000
2019-01-03 06:56:19.004000,8.73805,8.73419,1000000,1000000
2019-01-03 06:56:19.105000,8.73783,8.73419,1000000,1000000
2019-01-03 06:56:19.581000,8.73782,8.73434,1000000,1000000
2019-01-03 06:56:24.096000,8.73781,8.73418,1000000,1000000
2019-01-03 06:56:24.516000,8.73779,8.73418,1000000,1000000
2019-01-03 06:56:25.052000,8.7378,8.73418,1000000,1000000
2019-01-03 06:56:25.252000,8.73781,8.73418,1000000,1000000
2019-01-03 06:56:25.358000,8.73781,8.73445,1000000,1000000
2019-01-03 06:56:25.409000,8.73781,8.73432,1000000,1000000
2019-01-03 06:56:25.460000,8.73801,8.73432,1000000,1000000
2019-01-03 06:56:25.511000,8.73801,8.73446,1000000,1000000
2019-01-03 06:56:25.663000,8.73793,8.73446,1000000,1000000
2019-01-03 06:56:25.765000,8.73794,8.73446,1000000,1000000
2019-01-03 06:56:25.910000,8.73793,8.73446,1000000,1000000
2019-01-03 06:56:26.257000,8.73793,8.73431,1000000,1000000
2019-01-03 06:56:26.308000,8.73793,8.73399,1000000,1000000
2019-01-03 06:56:26.359000,8.73793,8.73416,1500000,1000000
2019-01-03 06:56:26.461000,8.73758,8.73416,1000000,1000000
2019-01-03 06:56:26.607000,8.73759,8.73416,1000000,1000000
2019-01-03 06:56:27.884000,8.73769,8.73416,1000000,1000000
2019-01-03 06:56:27.985000,8.73776,8.73416,1000000,1000000
2019-01-03 06:56:29.088000,8.73773,8.73416,1000000,1000000
2019-01-03 06:56:29.498000,8.73776,8.73416,1000000,1000000
2019-01-03 06:56:30.430000,8.73776,8.73429,1000000,1000000
2019-01-03 06:56:30.481000,8.73776,8.73427,1000000,1000000
2019-01-03 06:56:30.532000,8.73803,8.73427,1000000,1000000
2019-01-03 06:56:30.633000,8.73803,8.73441,1000000,1000000
2019-01-03 06:56:30.836000,8.73795,8.73415,1000000,1000000
2019-01-03 06:56:30.887000,8.73775,8.73415,1000000,1000000
2019-01-03 06:56:33.262000,8.73774,8.73415,1000000,1000000
2019-01-03 06:56:33.658000,8.73773,8.73415,1000000,1000000
2019-01-03 06:56:34.064000,8.73774,8.73415,1000000,1000000
2019-01-03 06:56:34.735000,8.73775,8.73415,1000000,1000000
2019-01-03 06:56:34.837000,8.73774,8.73415,1000000,1000000
2019-01-03 06:56:35.526000,8.73773,8.73415,1000000,1000000
2019-01-03 06:56:35.628000,8.73775,8.73415,1000000,1000000
2019-01-03 06:56:37.985000,8.73776,8.73415,1000000,1000000
2019-01-03 06:56:39.071000,8.7378,8.73415,1000000,1000000
2019-01-03 06:56:39.172000,8.73779,8.73415,1000000,1000000
2019-01-03 06:56:39.445000,8.73781,8.73415,1000000,1000000
2019-01-03 06:56:39.547000,8.73779,8.73415,1000000,1000000
2019-01-03 06:56:39.649000,8.7378,8.73415,1000000,1000000
2019-01-03 06:56:39.751000,8.73779,8.73415,1000000,1000000
2019-01-03 06:56:39.853000,8.7378,8.73415,1000000,1000000
2019-01-03 06:56:40.058000,8.73779,8.73415,1000000,1000000
2019-01-03 06:56:40.162000,8.73777,8.73415,1000000,1000000
2019-01-03 06:56:40.263000,8.73795,8.73415,1000000,1000000
2019-01-03 06:56:40.415000,8.73798,8.73438,1000000,1000000
2019-01-03 06:56:40.465000,8.73794,8.73423,1000000,1000000
2019-01-03 06:56:40.567000,8.73796,8.73423,1000000,1000000
2019-01-03 06:56:40.668000,8.73774,8.73442,1000000,1000000
2019-01-03 06:56:40.957000,8.73775,8.73442,1000000,1000000
2019-01-03 06:56:41.244000,8.73775,8.73437,1000000,1000000
2019-01-03 06:56:41.295000,8.73775,8.73458,1000000,1000000
2019-01-03 06:56:41.447000,8.73775,8.73428,1000000,1000000
2019-01-03 06:56:41.549000,8.73773,8.73428,1000000,1000000
2019-01-03 06:56:41.719000,8.73774,8.73428,1000000,1000000
2019-01-03 06:56:42.041000,8.73788,8.73428,1000000,1000000
2019-01-03 06:56:42.143000,8.73784,8.73428,1000000,1000000
2019-01-03 06:56:42.316000,8.73785,8.73428,1000000,1000000
2019-01-03 06:56:42.475000,8.73786,8.73428,1000000,1000000
2019-01-03 06:56:42.577000,8.73786,8.73419,1000000,1000000
2019-01-03 06:56:42.729000,8.73778,8.73419,1000000,1000000
2019-01-03 06:56:43.170000,8.73779,8.73419,1000000,1000000
2019-01-03 06:56:43.372000,8.7378,8.73419,1000000,1000000
2019-01-03 06:56:43.474000,8.73779,8.73419,1000000,1000000
2019-01-03 06:56:43.575000,8.73779,8.73422,1000000,1000000
2019-01-03 06:56:43.850000,8.73779,8.73419,1000000,1000000
2019-01-03 06:56:43.901000,8.73779,8.73423,1000000,1000000
2019-01-03 06:56:43.951000,8.73779,8.73419,1000000,1000000
2019-01-03 06:56:44.053000,8.73779,8.73424,1000000,1000000
2019-01-03 06:56:44.154000,8.7378,8.73419,1000000,1000000
2019-01-03 06:56:44.205000,8.73778,8.73419,1000000,1000000
2019-01-03 06:56:44.856000,8.73778,8.73425,1000000,1000000
2019-01-03 06:56:45.051000,8.73798,8.73425,1000000,1000000
2019-01-03 06:56:45.103000,8.73802,8.73425,1000000,1000000
2019-01-03 06:56:45.637000,8.73834,8.73452,1000000,1000000
2019-01-03 06:56:45.689000,8.73855,8.73457,1000000,1680000
2019-01-03 06:56:45.740000,8.73864,8.73472,1000000,1370000
2019-01-03 06:56:45.792000,8.7386,8.73477,1000000,1180000
2019-01-03 06:56:46.146000,8.73871,8.73487,1000000,1370000
2019-01-03 06:56:46.197000,8.73863,8.73487,1000000,1370000
2019-01-03 06:56:46.369000,8.73867,8.73487,1000000,1370000
2019-01-03 06:56:46.521000,8.73868,8.73487,1000000,1370000
2019-01-03 06:56:46.572000,8.73895,8.73493,1000000,1360000
2019-01-03 06:56:46.673000,8.73907,8.73518,1000000,1360000
2019-01-03 06:56:46.775000,8.73907,8.73517,1000000,1360000
2019-01-03 06:56:46.826000,8.73899,8.73517,1000000,1360000
2019-01-03 06:56:46.938000,8.73879,8.73517,1000000,1360000
2019-01-03 06:56:46.989000,8.73884,8.73527,1000000,1360000
2019-01-03 06:56:47.040000,8.73881,8.73527,1000000,1360000
2019-01-03 06:56:47.091000,8.73887,8.73527,1000000,1360000
2019-01-03 06:56:47.295000,8.73895,8.73507,1000000,1360000
2019-01-03 06:56:47.346000,8.73905,8.73513,1000000,1360000
2019-01-03 06:56:47.447000,8.73897,8.73512,1000000,1360000
2019-01-03 06:56:47.548000,8.73903,8.73528,1000000,1360000
2019-01-03 06:56:47.599000,8.73911,8.73528,1000000,1360000
2019-01-03 06:56:47.701000,8.73899,8.73527,1000000,1360000
2019-01-03 06:56:47.802000,8.73911,8.73527,1000000,1360000
2019-01-03 06:56:47.903000,8.73911,8.73527,1000000,1360000
2019-01-03 06:56:48.040000,8.73907,8.73537,1000000,1360000
2019-01-03 06:56:48.333000,8.73907,8.73537,1000000,1360000
2019-01-03 06:56:48.535000,8.73907,8.73537,1000000,1360000
2019-01-03 06:56:48.948000,8.73907,8.73538,1000000,1360000
2019-01-03 06:56:49.187000,8.7395,8.73622,1000000,1000000
2019-01-03 06:56:49.289000,8.73919,8.73622,1000000,1000000
2019-01-03 06:56:49.340000,8.73903,8.73572,1000000,1180000
2019-01-03 06:56:49.391000,8.7393,8.73573,1000000,1180000
2019-01-03 06:56:49.442000,8.73919,8.73573,1000000,1180000
2019-01-03 06:56:49.594000,8.73919,8.73582,1000000,1180000
2019-01-03 06:56:50.273000,8.7392,8.73582,1000000,1180000
2019-01-03 06:56:50.750000,8.7392,8.73589,1000000,1180000
2019-01-03 06:56:51.899000,8.7392,8.73582,1000000,1180000
2019-01-03 06:56:54.043000,8.73937,8.73582,1000000,1180000
2019-01-03 06:56:54.094000,8.7393,8.73589,1000000,1180000
2019-01-03 06:56:54.382000,8.73958,8.73589,1000000,1180000
2019-01-03 06:56:54.433000,8.74004,8.73589,1000000,1180000
2019-01-03 06:56:54.484000,8.74,8.73647,1000000,1000000
2019-01-03 06:56:54.535000,8.74023,8.73642,1000000,1000000
2019-01-03 06:56:54.636000,8.7405,8.737,1500000,1000000
2019-01-03 06:56:54.687000,8.7405,8.737,1000000,1000000
2019-01-03 06:56:54.738000,8.741,8.737,1000000,1000000
2019-01-03 06:56:54.789000,8.74144,8.73758,1000000,1000000
2019-01-03 06:56:54.891000,8.74141,8.73758,1000000,1000000
2019-01-03 06:56:54.992000,8.74205,8.73823,1000000,1000000
2019-01-03 06:56:55.043000,8.74218,8.73823,1000000,1000000
2019-01-03 06:56:55.144000,8.74249,8.73788,1000000,1000000
2019-01-03 06:56:55.214000,8.74249,8.73798,1000000,1550000
2019-01-03 06:56:55.316000,8.74341,8.73894,1000000,1000000
2019-01-03 06:56:55.367000,8.74341,8.73992,1000000,1000000
2019-01-03 06:56:55.519000,8.7434,8.73992,1000000,1000000
2019-01-03 06:56:55.620000,8.74498,8.74043,1750000,1000000
2019-01-03 06:56:55.722000,8.74488,8.74043,1500000,1000000
2019-01-03 06:56:55.823000,8.74488,8.74094,1000000,1000000
2019-01-03 06:56:56.026000,8.74518,8.74141,1000000,1000000
2019-01-03 06:56:56.127000,8.74498,8.74141,1000000,1000000
2019-01-03 06:56:56.260000,8.74498,8.74186,1000000,1000000
2019-01-03 06:56:56.311000,8.74528,8.74186,1000000,1000000
2019-01-03 06:56:56.363000,8.74538,8.74186,1000000,1000000
2019-01-03 06:56:56.515000,8.74538,8.74237,1000000,1000000
2019-01-03 06:56:56.667000,8.74548,8.74237,1000000,1000000
2019-01-03 06:56:56.718000,8.74557,8.74237,1000000,1000000
2019-01-03 06:56:56.768000,8.74557,8.74299,1000000,1000000
2019-01-03 06:56:56.949000,8.74557,8.74251,1000000,1000000
2019-01-03 06:56:57.051000,8.74558,8.74251,1000000,1000000
2019-01-03 06:56:57.356000,8.74558,8.74292,1000000,1000000
2019-01-03 06:56:57.458000,8.74538,8.74292,1000000,1000000
2019-01-03 06:56:57.563000,8.74528,8.74249,1000000,1000000
2019-01-03 06:56:57.614000,8.74518,8.74249,1000000,1000000
2019-01-03 06:56:57.715000,8.74508,8.74249,1000000,1000000
2019-01-03 06:56:57.818000,8.74498,8.74287,1000000,1000000
2019-01-03 06:56:58.079000,8.74498,8.74253,1000000,1000000
2019-01-03 06:56:58.433000,8.74498,8.74296,1000000,1000000
2019-01-03 06:56:58.607000,8.74498,8.74252,1000000,1000000
2019-01-03 06:56:58.841000,8.74498,8.74295,1000000,1000000
2019-01-03 06:56:59.362000,8.74537,8.74295,1000000,1000000
2019-01-03 06:56:59.464000,8.74538,8.74295,1000000,1000000
2019-01-03 06:56:59.514000,8.74528,8.74295,1000000,1000000
2019-01-03 06:56:59.825000,8.74538,8.74336,1000000,1000000
2019-01-03 06:57:00.027000,8.74548,8.74336,1000000,1000000
2019-01-03 06:57:00.179000,8.74547,8.74287,1000000,1400000
2019-01-03 06:57:00.341000,8.74578,8.74287,1000000,1400000
2019-01-03 06:57:00.392000,8.74557,8.74209,1000000,1000000
2019-01-03 06:57:00.443000,8.74588,8.74179,1000000,1000000
2019-01-03 06:57:00.494000,8.74568,8.74169,1000000,1000000
2019-01-03 06:57:00.544000,8.74568,8.7413,1000000,1500000
2019-01-03 06:57:00.696000,8.74568,8.74139,1000000,1000000
2019-01-03 06:57:00.747000,8.74641,8.74139,1500000,1000000
2019-01-03 06:57:00.848000,8.74558,8.74139,1500000,1000000
2019-01-03 06:57:02.035000,8.74578,8.74139,1500000,1000000
2019-01-03 06:57:02.136000,8.74578,8.74139,1500000,1000000
2019-01-03 06:57:02.187000,8.74578,8.74034,1500000,1000000
2019-01-03 06:57:02.289000,8.74577,8.74042,1500000,1000000
2019-01-03 06:57:02.406000,8.74577,8.74051,1500000,1000000
2019-01-03 06:57:02.627000,8.74577,8.74042,1500000,1000000
2019-01-03 06:57:02.735000,8.74577,8.74052,1500000,1000000
2019-01-03 06:57:02.786000,8.74577,8.74042,1500000,1000000
2019-01-03 06:57:03.124000,8.74602,8.74051,1000000,1000000
2019-01-03 06:57:03.225000,8.74602,8.74056,1000000,1000000
2019-01-03 06:57:03.276000,8.74602,8.74045,1000000,1000000
2019-01-03 06:57:03.341000,8.74547,8.74045,1000000,1000000
2019-01-03 06:57:03.405000,8.74547,8.74042,1000000,1000000
2019-01-03 06:57:03.456000,8.74547,8.74045,1000000,1000000
2019-01-03 06:57:03.507000,8.74558,8.74045,1500000,1000000
2019-01-03 06:57:03.944000,8.74558,8.74049,1500000,1000000
2019-01-03 06:57:04.103000,8.74558,8.74045,1500000,1000000
2019-01-03 06:57:05.470000,8.74568,8.7405,1500000,1000000
2019-01-03 06:57:05.521000,8.74578,8.74045,1500000,1000000
2019-01-03 06:57:05.572000,8.74578,8.74051,1000000,1500000
2019-01-03 06:57:05.723000,8.74558,8.74067,1000000,1500000
2019-01-03 06:57:06.021000,8.74558,8.74067,1500000,1000000
2019-01-03 06:57:07.164000,8.74547,8.74061,1500000,1000000
2019-01-03 06:57:07.273000,8.74538,8.74061,1000000,1000000
2019-01-03 06:57:07.542000,8.74538,8.74071,1000000,1000000
2019-01-03 06:57:07.881000,8.74538,8.74067,1000000,1000000
2019-01-03 06:57:07.932000,8.74538,8.74073,1000000,1000000
2019-01-03 06:57:08.556000,8.74538,8.74068,1000000,1000000
2019-01-03 06:57:08.607000,8.74538,8.74072,1000000,1000000
2019-01-03 06:57:09.541000,8.74538,8.74055,1000000,1000000
2019-01-03 06:57:09.592000,8.74547,8.74073,1500000,1000000
2019-01-03 06:57:09.800000,8.74547,8.74084,1500000,1000000
2019-01-03 06:57:10.199000,8.74547,8.74074,1500000,1000000
2019-01-03 06:57:10.250000,8.74547,8.74085,1500000,1000000
2019-01-03 06:57:10.569000,8.74547,8.74076,1500000,1000000
2019-01-03 06:57:10.962000,8.74538,8.74076,1000000,1000000
2019-01-03 06:57:11.021000,8.74538,8.74042,1000000,1000000
2019-01-03 06:57:11.072000,8.74536,8.74042,1500000,1000000
2019-01-03 06:57:11.174000,8.74442,8.74042,1000000,1000000
2019-01-03 06:57:11.225000,8.74442,8.73958,1000000,1000000
2019-01-03 06:57:11.275000,8.74416,8.73958,1000000,1000000
2019-01-03 06:57:11.326000,8.74416,8.73958,1000000,1000000
2019-01-03 06:57:11.377000,8.74392,8.73886,1000000,1000000
2019-01-03 06:57:11.428000,8.74335,8.73892,1000000,1000000
2019-01-03 06:57:11.479000,8.7431,8.73892,1000000,1000000
2019-01-03 06:57:11.559000,8.7431,8.73827,1000000,1610000
2019-01-03 06:57:11.610000,8.74296,8.73807,1000000,1000000
2019-01-03 06:57:11.661000,8.74303,8.73808,1410000,1000000
2019-01-03 06:57:11.762000,8.74187,8.7376,1000000,1000000
2019-01-03 06:57:11.863000,8.74187,8.73741,1000000,1500000
2019-01-03 06:57:11.964000,8.74187,8.73734,1000000,1000000
2019-01-03 06:57:12.066000,8.74181,8.7372,1000000,1000000
2019-01-03 06:57:12.116000,8.74144,8.7372,1000000,1000000
2019-01-03 06:57:13.427000,8.74144,8.7372,1000000,1000000
2019-01-03 06:57:13.529000,8.74144,8.7372,1000000,1000000
2019-01-03 06:57:14.156000,8.74168,8.7372,1000000,1000000
2019-01-03 06:57:14.383000,8.74147,8.7372,1000000,1000000
2019-01-03 06:57:14.485000,8.74185,8.73742,1000000,1000000
2019-01-03 06:57:14.586000,8.74191,8.73744,1000000,1000000
2019-01-03 06:57:14.688000,8.74156,8.73763,1000000,1500000
2019-01-03 06:57:14.790000,8.74167,8.73763,1000000,1500000
2019-01-03 06:57:14.927000,8.7416,8.73763,1000000,1500000
2019-01-03 06:57:14.978000,8.74163,8.73763,1000000,1500000
2019-01-03 06:57:15.080000,8.74163,8.73762,1000000,1500000
2019-01-03 06:57:15.848000,8.74163,8.7372,1000000,1000000
2019-01-03 06:57:15.966000,8.74156,8.7372,1000000,1000000
2019-01-03 06:57:16.840000,8.74137,8.73703,1000000,1000000
2019-01-03 06:57:17.093000,8.74134,8.73703,1000000,1000000
2019-01-03 06:57:17.752000,8.74018,8.73685,1000000,1000000
2019-01-03 06:57:17.803000,8.74119,8.73685,1000000,1000000
2019-01-03 06:57:17.854000,8.74112,8.73685,1000000,1000000
2019-01-03 06:57:17.904000,8.74112,8.73657,1000000,1180000
2019-01-03 06:57:17.968000,8.74112,8.73682,1000000,1180000
2019-01-03 06:57:18.019000,8.74114,8.73723,1000000,1180000
2019-01-03 06:57:18.120000,8.74119,8.73722,1500000,1180000
2019-01-03 06:57:18.322000,8.74109,8.73722,1000000,1180000
2019-01-03 06:57:18.423000,8.7407,8.73733,1000000,1180000
2019-01-03 06:57:18.534000,8.7407,8.73732,1000000,1180000
2019-01-03 06:57:18.955000,8.7407,8.73723,1000000,1180000
2019-01-03 06:57:19.056000,8.7407,8.73722,1000000,1180000
2019-01-03 06:57:19.419000,8.7407,8.73723,1000000,1180000
2019-01-03 06:57:19.622000,8.7407,8.73722,1000000,1180000
2019-01-03 06:57:19.893000,8.74038,8.73722,1000000,1180000
2019-01-03 06:57:19.944000,8.7409,8.73713,1000000,1180000
2019-01-03 06:57:20.045000,8.74049,8.73712,1000000,1180000
2019-01-03 06:57:20.247000,8.74049,8.73723,1000000,1180000
2019-01-03 06:57:20.349000,8.74049,8.73722,1000000,1180000
2019-01-03 06:57:21.071000,8.74031,8.73722,1000000,1180000
2019-01-03 06:57:21.172000,8.74031,8.73723,1000000,1180000
2019-01-03 06:57:21.375000,8.74031,8.73732,1000000,1180000
2019-01-03 06:57:21.527000,8.74031,8.73733,1000000,1180000
2019-01-03 06:57:21.883000,8.74031,8.73732,1000000,1180000
2019-01-03 06:57:21.984000,8.74057,8.73732,1000000,1180000
2019-01-03 06:57:22.165000,8.74045,8.73732,1000000,1180000
2019-01-03 06:57:22.367000,8.74045,8.73733,1000000,1180000
2019-01-03 06:57:22.490000,8.74045,8.73722,1000000,1180000
2019-01-03 06:57:22.722000,8.74035,8.73722,1000000,1180000
2019-01-03 06:57:22.919000,8.74035,8.73683,1000000,1360000
2019-01-03 06:57:22.970000,8.74035,8.73677,1000000,1360000
2019-01-03 06:57:23.022000,8.74019,8.73674,1000000,1180000
2019-01-03 06:57:23.125000,8.74019,8.73674,1000000,1180000
2019-01-03 06:57:23.226000,8.74013,8.73677,1000000,1360000
2019-01-03 06:57:23.472000,8.74001,8.73677,1000000,1360000
2019-01-03 06:57:23.574000,8.74001,8.73677,1000000,1360000
2019-01-03 06:57:23.726000,8.74006,8.73677,1000000,1360000
2019-01-03 06:57:23.777000,8.74006,8.73677,1000000,1360000
2019-01-03 06:57:23.942000,8.7399,8.73667,1000000,1360000
2019-01-03 06:57:24.048000,8.7399,8.73667,1000000,1360000
2019-01-03 06:57:24.099000,8.7399,8.73667,1000000,1360000
2019-01-03 06:57:24.200000,8.7397,8.73667,1000000,1360000
2019-01-03 06:57:24.402000,8.73964,8.73668,1000000,1360000
2019-01-03 06:57:24.555000,8.73968,8.73665,1000000,1180000
2019-01-03 06:57:24.742000,8.73968,8.73665,1000000,1180000
2019-01-03 06:57:25.230000,8.73968,8.73667,1000000,1360000
2019-01-03 06:57:25.331000,8.73968,8.73667,1000000,1360000
2019-01-03 06:57:25.382000,8.73946,8.73667,1000000,1360000
2019-01-03 06:57:25.484000,8.73937,8.73658,1000000,1360000
2019-01-03 06:57:25.579000,8.73946,8.73657,1000000,1360000
2019-01-03 06:57:25.680000,8.73946,8.73657,1000000,1360000
2019-01-03 06:57:25.829000,8.73956,8.73648,1000000,1360000
2019-01-03 06:57:26.088000,8.73956,8.73638,1000000,1360000
2019-01-03 06:57:26.438000,8.73956,8.73632,1000000,1360000
2019-01-03 06:57:26.878000,8.73956,8.73637,1000000,1360000
2019-01-03 06:57:27.192000,8.73956,8.73647,1000000,1360000
2019-01-03 06:57:27.243000,8.7399,8.73657,1000000,1360000
2019-01-03 06:57:27.344000,8.7399,8.73667,1000000,1360000
2019-01-03 06:57:27.446000,8.7399,8.73669,1000000,1360000
2019-01-03 06:57:27.563000,8.7399,8.73669,1000000,1360000
2019-01-03 06:57:27.664000,8.73989,8.73668,1000000,1360000
2019-01-03 06:57:27.921000,8.73989,8.73668,1000000,1360000
2019-01-03 06:57:28.400000,8.73989,8.73668,1000000,1360000
2019-01-03 06:57:28.565000,8.73989,8.73668,1000000,1360000
2019-01-03 06:57:28.689000,8.73989,8.73668,1000000,1360000
2019-01-03 06:57:28.942000,8.73989,8.73658,1000000,1360000
2019-01-03 06:57:29.315000,8.73989,8.73668,1000000,1360000
2019-01-03 06:57:30.414000,8.7398,8.73657,1000000,1360000
2019-01-03 06:57:30.681000,8.7398,8.73657,1000000,1360000
2019-01-03 06:57:30.782000,8.7398,8.73657,1000000,1360000
2019-01-03 06:57:31.409000,8.7398,8.73657,1000000,1360000
2019-01-03 06:57:31.510000,8.7398,8.73657,1000000,1360000
2019-01-03 06:57:31.719000,8.7398,8.73657,1000000,1360000
2019-01-03 06:57:31.838000,8.7398,8.73657,1000000,1360000
2019-01-03 06:57:31.974000,8.7398,8.73657,1000000,1360000
2019-01-03 06:57:32.271000,8.7398,8.73657,1000000,1360000
2019-01-03 06:57:32.555000,8.7398,8.73657,1000000,1360000
2019-01-03 06:57:32.991000,8.7398,8.73667,1000000,1360000
2019-01-03 06:57:33.147000,8.7398,8.73667,1000000,1360000
2019-01-03 06:57:33.248000,8.7398,8.73667,1000000,1360000
2019-01-03 06:57:33.396000,8.7398,8.73667,1000000,1360000
2019-01-03 06:57:34.831000,8.74003,8.73668,1000000,1360000
2019-01-03 06:57:34.882000,8.74018,8.73668,1000000,1360000
2019-01-03 06:57:35.085000,8.74018,8.73678,1000000,1360000
2019-01-03 06:57:35.186000,8.74034,8.73678,1000000,1360000
2019-01-03 06:57:35.299000,8.74027,8.73667,1000000,1360000
2019-01-03 06:57:35.906000,8.74034,8.73667,1000000,1360000
2019-01-03 06:57:36.008000,8.74028,8.73667,1000000,1360000
2019-01-03 06:57:36.214000,8.7403,8.73667,1000000,1360000
2019-01-03 06:57:36.315000,8.7403,8.73677,1000000,1360000
2019-01-03 06:57:36.416000,8.74019,8.73677,1000000,1360000
2019-01-03 06:57:36.467000,8.74029,8.73677,1000000,1360000
2019-01-03 06:57:36.670000,8.74014,8.73678,1000000,1360000
2019-01-03 06:57:36.772000,8.74011,8.73667,1000000,1360000
2019-01-03 06:57:36.873000,8.74011,8.73667,1000000,1360000
2019-01-03 06:57:36.975000,8.74011,8.73667,1000000,1360000
2019-01-03 06:57:37.207000,8.74017,8.73667,1000000,1360000
2019-01-03 06:57:37.460000,8.74023,8.73667,1000000,1360000
2019-01-03 06:57:37.790000,8.74011,8.73656,1000000,1180000
2019-01-03 06:57:37.891000,8.74011,8.73656,1000000,1180000
2019-01-03 06:57:37.992000,8.74001,8.73658,1000000,1360000
2019-01-03 06:57:38.093000,8.73987,8.73658,1000000,1360000
2019-01-03 06:57:38.194000,8.73987,8.73658,1000000,1360000
2019-01-03 06:57:38.245000,8.73987,8.73682,1000000,1180000
2019-01-03 06:57:38.408000,8.74002,8.73694,1000000,1180000
2019-01-03 06:57:38.459000,8.73987,8.73694,1000000,1180000
2019-01-03 06:57:38.682000,8.73987,8.73693,1000000,1180000
2019-01-03 06:57:38.934000,8.73987,8.73692,1000000,1180000
2019-01-03 06:57:39.162000,8.73996,8.73692,1000000,1180000
2019-01-03 06:57:39.264000,8.73999,8.73692,1000000,1180000
2019-01-03 06:57:39.365000,8.74006,8.73693,1000000,1180000
2019-01-03 06:57:39.416000,8.74006,8.73694,1000000,1180000
2019-01-03 06:57:39.517000,8.73996,8.73694,1000000,1180000
2019-01-03 06:57:39.568000,8.74006,8.73694,1000000,1180000
2019-01-03 06:57:39.619000,8.74006,8.73683,1000000,1180000
2019-01-03 06:57:39.669000,8.73989,8.73682,1000000,1180000
2019-01-03 06:57:39.770000,8.73996,8.73682,1000000,1180000
2019-01-03 06:57:39.922000,8.73988,8.73682,1000000,1180000
2019-01-03 06:57:40.030000,8.73993,8.73683,1000000,1180000
2019-01-03 06:57:40.131000,8.73993,8.73682,1000000,1180000
2019-01-03 06:57:40.283000,8.73994,8.73682,1000000,1180000
2019-01-03 06:57:40.333000,8.73976,8.73692,1000000,1180000
2019-01-03 06:57:40.830000,8.73976,8.73693,1000000,1180000
2019-01-03 06:57:40.881000,8.73976,8.73667,1000000,1360000
2019-01-03 06:57:40.982000,8.73976,8.73667,1000000,1360000
2019-01-03 06:57:41.405000,8.73965,8.73667,1000000,1360000
2019-01-03 06:57:42.424000,8.73963,8.73658,1000000,1360000
2019-01-03 06:57:42.694000,8.73963,8.73658,1000000,1360000
2019-01-03 06:57:43.585000,8.73963,8.73648,1000000,1360000
2019-01-03 06:57:43.635000,8.73947,8.73648,1000000,1360000
2019-01-03 06:57:43.686000,8.73947,8.73638,1000000,1360000
2019-01-03 06:57:43.838000,8.73952,8.73633,1000000,1180000
2019-01-03 06:57:43.994000,8.73952,8.73634,1000000,1180000
2019-01-03 06:57:44.130000,8.73945,8.73634,1000000,1180000
2019-01-03 06:57:44.383000,8.73945,8.73638,1000000,1360000
2019-01-03 06:57:44.724000,8.73946,8.73643,1000000,1360000
2019-01-03 06:57:44.826000,8.73944,8.73647,1000000,1360000
2019-01-03 06:57:45.186000,8.73948,8.73648,1000000,1360000
2019-01-03 06:57:45.430000,8.73948,8.73648,1000000,1360000
2019-01-03 06:57:45.597000,8.73948,8.73657,1000000,1360000
2019-01-03 06:57:45.698000,8.73973,8.73647,1000000,1360000
2019-01-03 06:57:45.906000,8.73977,8.73647,1000000,1360000
2019-01-03 06:57:45.956000,8.73955,8.73647,1000000,1360000
2019-01-03 06:57:46.418000,8.7395,8.73647,1000000,1360000
2019-01-03 06:57:46.600000,8.7395,8.73647,1000000,1360000
2019-01-03 06:57:46.762000,8.73943,8.73647,1000000,1360000
2019-01-03 06:57:46.863000,8.73955,8.73672,1000000,1180000
2019-01-03 06:57:46.965000,8.73969,8.73647,1000000,1360000
2019-01-03 06:57:47.199000,8.73948,8.73647,1000000,1360000
2019-01-03 06:57:47.301000,8.73955,8.73652,1000000,1360000
2019-01-03 06:57:47.404000,8.73953,8.73657,1000000,1360000
2019-01-03 06:57:47.505000,8.73958,8.73657,1000000,1360000
2019-01-03 06:57:47.607000,8.73951,8.73657,1000000,1360000
2019-01-03 06:57:47.864000,8.73956,8.73667,1000000,1360000
2019-01-03 06:57:47.915000,8.7395,8.73657,1000000,1860000
2019-01-03 06:57:48.016000,8.7395,8.73662,1000000,1360000
2019-01-03 06:57:48.117000,8.7395,8.73663,1000000,1360000
2019-01-03 06:57:48.269000,8.73965,8.73678,1000000,1360000
2019-01-03 06:57:48.370000,8.73959,8.73678,1000000,1360000
2019-01-03 06:57:48.421000,8.73959,8.73678,1000000,1360000
2019-01-03 06:57:48.529000,8.73983,8.73677,1000000,1360000
2019-01-03 06:57:48.681000,8.73993,8.73658,1000000,1360000
2019-01-03 06:57:48.833000,8.73999,8.73658,1000000,1360000
2019-01-03 06:57:48.934000,8.73964,8.73658,1000000,1360000
2019-01-03 06:57:49.137000,8.74001,8.73667,1000000,1360000
2019-01-03 06:57:49.303000,8.74001,8.73647,1000000,1360000
2019-01-03 06:57:49.354000,8.73965,8.73647,1000000,1360000
2019-01-03 06:57:49.455000,8.73965,8.73648,1000000,1360000
2019-01-03 06:57:49.557000,8.73965,8.73658,1000000,1360000
2019-01-03 06:57:49.658000,8.73965,8.73658,1000000,1360000
2019-01-03 06:57:50.025000,8.73965,8.73658,1000000,1360000
2019-01-03 06:57:50.126000,8.73998,8.73658,1000000,1360000
2019-01-03 06:57:50.177000,8.73998,8.73658,1000000,1360000
2019-01-03 06:57:50.228000,8.73998,8.73658,1000000,1360000
2019-01-03 06:57:50.329000,8.73998,8.73647,1000000,1360000
2019-01-03 06:57:50.430000,8.73962,8.73637,1000000,1360000
2019-01-03 06:57:50.531000,8.73962,8.73637,1000000,1360000
2019-01-03 06:57:50.637000,8.73962,8.73647,1000000,1180000
2019-01-03 06:57:50.739000,8.73962,8.73648,1000000,1360000
2019-01-03 06:57:50.891000,8.73962,8.73658,1000000,1360000
2019-01-03 06:57:50.992000,8.73962,8.73658,1000000,1360000
2019-01-03 06:57:51.093000,8.73962,8.73658,1000000,1360000
2019-01-03 06:57:51.341000,8.73962,8.73658,1000000,1360000
2019-01-03 06:57:52.270000,8.73977,8.73657,1000000,1360000
2019-01-03 06:57:52.371000,8.73977,8.73657,1000000,1360000
2019-01-03 06:57:52.422000,8.73977,8.73657,1000000,1360000
2019-01-03 06:57:52.523000,8.73977,8.73668,1000000,1360000
2019-01-03 06:57:52.928000,8.73977,8.73669,1000000,1360000
2019-01-03 06:57:53.037000,8.73977,8.73659,1000000,1360000
2019-01-03 06:57:53.391000,8.73977,8.73657,1000000,1360000
2019-01-03 06:57:53.493000,8.73977,8.73658,1000000,1360000
2019-01-03 06:57:53.966000,8.73977,8.73658,1000000,1360000
2019-01-03 06:57:54.099000,8.73977,8.73658,1000000,1360000
2019-01-03 06:57:54.301000,8.73977,8.73658,1000000,1360000
2019-01-03 06:57:54.402000,8.73977,8.73658,1000000,1360000
2019-01-03 06:57:54.653000,8.73977,8.73668,1000000,1360000
2019-01-03 06:57:56.174000,8.74002,8.73662,1000000,1360000
2019-01-03 06:57:56.225000,8.74002,8.73682,1000000,1360000
2019-01-03 06:57:56.428000,8.74002,8.73698,1000000,1360000
2019-01-03 06:57:56.580000,8.74002,8.73698,1000000,1360000
2019-01-03 06:57:56.631000,8.74002,8.73698,1000000,1360000
2019-01-03 06:57:57.013000,8.73976,8.73698,1000000,1360000
2019-01-03 06:57:57.115000,8.73976,8.73698,1000000,1360000
2019-01-03 06:57:57.216000,8.74018,8.73678,1000000,1360000
2019-01-03 06:57:57.369000,8.74018,8.73678,1000000,1360000
2019-01-03 06:57:57.470000,8.74018,8.73678,1000000,1360000
2019-01-03 06:57:57.571000,8.74018,8.73677,1000000,1360000
2019-01-03 06:57:57.719000,8.74018,8.73677,1000000,1360000
2019-01-03 06:57:57.820000,8.74018,8.73677,1000000,1360000
2019-01-03 06:57:57.922000,8.74018,8.73677,1000000,1360000
2019-01-03 06:57:58.175000,8.74018,8.73677,1000000,1360000
2019-01-03 06:57:58.328000,8.73991,8.73677,1000000,1360000
2019-01-03 06:57:58.444000,8.73991,8.73678,1000000,1360000
2019-01-03 06:57:58.545000,8.73991,8.73678,1000000,1360000
2019-01-03 06:57:58.647000,8.73991,8.73678,1000000,1360000
2019-01-03 06:57:59.942000,8.74031,8.73677,1000000,1360000
2019-01-03 06:58:00.347000,8.74031,8.73677,1000000,1360000
2019-01-03 06:58:00.545000,8.74031,8.73677,1000000,1360000
2019-01-03 06:58:00.596000,8.74008,8.73682,1000000,1360000
2019-01-03 06:58:00.748000,8.74056,8.73682,1000000,1360000
2019-01-03 06:58:00.849000,8.74056,8.73672,1000000,1680000
2019-01-03 06:58:00.951000,8.74056,8.73677,1000000,1360000
2019-01-03 06:58:01.056000,8.74042,8.73677,1000000,1360000
2019-01-03 06:58:01.158000,8.74034,8.73688,1000000,1360000
2019-01-03 06:58:01.310000,8.74034,8.73667,1000000,1360000
2019-01-03 06:58:01.452000,8.74034,8.73667,1000000,1360000
2019-01-03 06:58:01.503000,8.74034,8.73667,1000000,1360000
2019-01-03 06:58:01.777000,8.73994,8.73678,1000000,1360000
2019-01-03 06:58:01.828000,8.73994,8.73678,1000000,1360000
2019-01-03 06:58:01.930000,8.73994,8.73669,1000000,1360000
2019-01-03 06:58:02.082000,8.73994,8.73669,1000000,1360000
2019-01-03 06:58:02.183000,8.73994,8.73668,1000000,1360000
2019-01-03 06:58:04.348000,8.73994,8.73668,1000000,1360000
2019-01-03 06:58:04.449000,8.73994,8.73668,1000000,1360000
2019-01-03 06:58:04.550000,8.73993,8.73668,1000000,1360000
2019-01-03 06:58:04.651000,8.73993,8.73673,1000000,1360000
2019-01-03 06:58:04.702000,8.73993,8.73673,1000000,1360000
2019-01-03 06:58:04.753000,8.74023,8.73663,1000000,1360000
2019-01-03 06:58:04.854000,8.74007,8.73672,1000000,1360000
2019-01-03 06:58:04.956000,8.74034,8.73672,1000000,1360000
2019-01-03 06:58:05.057000,8.73999,8.73673,1000000,1360000
2019-01-03 06:58:05.159000,8.73999,8.73672,1000000,1360000
2019-01-03 06:58:05.210000,8.74004,8.73672,1000000,1360000
2019-01-03 06:58:05.312000,8.74009,8.73677,1000000,1360000
2019-01-03 06:58:05.514000,8.73992,8.73677,1000000,1360000
2019-01-03 06:58:05.651000,8.73979,8.73677,1000000,1360000
2019-01-03 06:58:05.752000,8.73978,8.73679,1000000,1360000
2019-01-03 06:58:05.803000,8.73978,8.73679,1000000,1360000
2019-01-03 06:58:05.905000,8.73978,8.73679,1000000,1360000
2019-01-03 06:58:06.006000,8.73978,8.73672,1000000,1360000
2019-01-03 06:58:07.705000,8.73978,8.73673,1000000,1360000
2019-01-03 06:58:08.292000,8.74003,8.73672,1000000,1360000
2019-01-03 06:58:08.394000,8.74018,8.73692,1000000,1020000
2019-01-03 06:58:08.445000,8.74023,8.73692,1000000,1020000
2019-01-03 06:58:08.546000,8.74067,8.73672,1000000,1360000
2019-01-03 06:58:08.597000,8.74059,8.73688,1000000,1360000
2019-01-03 06:58:08.727000,8.74041,8.73678,1000000,1360000
2019-01-03 06:58:08.829000,8.74031,8.73678,1000000,1360000
2019-01-03 06:58:08.931000,8.74029,8.73678,1000000,1360000
2019-01-03 06:58:09.032000,8.7403,8.73688,1000000,1360000
2019-01-03 06:58:09.174000,8.74027,8.73688,1000000,1360000
2019-01-03 06:58:09.276000,8.74028,8.73688,1000000,1360000
2019-01-03 06:58:09.428000,8.74024,8.73679,1000000,1360000
2019-01-03 06:58:09.895000,8.7402,8.73679,1000000,1360000
2019-01-03 06:58:10.810000,8.74012,8.73679,1000000,1360000
2019-01-03 06:58:11.658000,8.74029,8.73679,1000000,1360000
2019-01-03 06:58:11.759000,8.74029,8.73677,1000000,1360000
2019-01-03 06:58:11.861000,8.73994,8.73677,1000000,1360000
2019-01-03 06:58:11.963000,8.74004,8.73678,1000000,1360000
2019-01-03 06:58:12.014000,8.74004,8.73682,1000000,1360000
2019-01-03 06:58:12.141000,8.74003,8.73687,1000000,1360000
2019-01-03 06:58:12.805000,8.74005,8.73687,1000000,1360000
2019-01-03 06:58:13.008000,8.73987,8.73677,1000000,1360000
2019-01-03 06:58:13.109000,8.73984,8.73677,1000000,1360000
2019-01-03 06:58:13.264000,8.73992,8.73677,1000000,1360000
2019-01-03 06:58:13.365000,8.73991,8.73678,1000000,1360000
2019-01-03 06:58:13.416000,8.73985,8.73678,1000000,1360000
2019-01-03 06:58:13.521000,8.73987,8.73678,1000000,1360000
2019-01-03 06:58:13.713000,8.73987,8.73678,1000000,1360000
2019-01-03 06:58:13.816000,8.73991,8.73677,1000000,1360000
2019-01-03 06:58:13.918000,8.73991,8.73677,1000000,1360000
2019-01-03 06:58:14.037000,8.73989,8.73677,1000000,1360000
2019-01-03 06:58:14.204000,8.73994,8.73667,1000000,1360000
2019-01-03 06:58:14.407000,8.74005,8.73667,1000000,1360000
2019-01-03 06:58:14.508000,8.73991,8.73667,1000000,1360000
2019-01-03 06:58:14.609000,8.74006,8.73667,1000000,1360000
2019-01-03 06:58:15.256000,8.74006,8.73667,1000000,1360000
2019-01-03 06:58:15.307000,8.74018,8.73667,1000000,1360000
2019-01-03 06:58:15.408000,8.74028,8.73667,1000000,1360000
2019-01-03 06:58:15.510000,8.74033,8.73667,1500000,1360000
2019-01-03 06:58:15.624000,8.74033,8.73667,1500000,1360000
2019-01-03 06:58:15.675000,8.74025,8.73667,1000000,1360000
2019-01-03 06:58:15.778000,8.74026,8.73677,1000000,1360000
2019-01-03 06:58:15.879000,8.7402,8.73677,1000000,1360000
2019-01-03 06:58:15.981000,8.74021,8.73677,1000000,1360000
2019-01-03 06:58:16.082000,8.74005,8.73677,1000000,1360000
2019-01-03 06:58:16.324000,8.74007,8.73677,1000000,1360000
2019-01-03 06:58:16.426000,8.74005,8.73678,1000000,1360000
2019-01-03 06:58:16.762000,8.74009,8.73678,1000000,1360000
2019-01-03 06:58:16.813000,8.74009,8.73678,1000000,1360000
2019-01-03 06:58:16.966000,8.74011,8.73667,1000000,1360000
2019-01-03 06:58:17.068000,8.74011,8.73667,1000000,1360000
2019-01-03 06:58:17.169000,8.74011,8.73674,1000000,1680000
2019-01-03 06:58:17.248000,8.74089,8.73674,1000000,1680000
2019-01-03 06:58:17.298000,8.74073,8.73678,1000000,1680000
2019-01-03 06:58:17.450000,8.74115,8.73678,1000000,1680000
2019-01-03 06:58:17.602000,8.74115,8.73703,1000000,1180000
2019-01-03 06:58:17.704000,8.74094,8.73702,1000000,1180000
2019-01-03 06:58:17.870000,8.74094,8.73703,1000000,1180000
2019-01-03 06:58:17.972000,8.74094,8.73702,1000000,1180000
2019-01-03 06:58:18.762000,8.74065,8.73712,1000000,1180000
2019-01-03 06:58:19.262000,8.74064,8.73722,1000000,1180000
2019-01-03 06:58:19.364000,8.74065,8.73722,1000000,1180000
2019-01-03 06:58:19.465000,8.74021,8.73723,1000000,1180000
2019-01-03 06:58:19.571000,8.74021,8.73722,1000000,1180000
2019-01-03 06:58:19.761000,8.74021,8.73697,1000000,1360000
2019-01-03 06:58:19.812000,8.74021,8.73697,1000000,1360000
2019-01-03 06:58:20.015000,8.74021,8.73687,1000000,1360000
2019-01-03 06:58:20.166000,8.74021,8.73687,1000000,1360000
2019-01-03 06:58:20.217000,8.74052,8.73687,1000000,1360000
2019-01-03 06:58:20.268000,8.74052,8.73687,1000000,1360000
2019-01-03 06:58:20.420000,8.74055,8.73685,1000000,1180000
2019-01-03 06:58:20.522000,8.74045,8.73686,1000000,1180000
2019-01-03 06:58:20.623000,8.74042,8.73685,1000000,1180000
2019-01-03 06:58:20.902000,8.74032,8.73698,1000000,1360000
2019-01-03 06:58:21.004000,8.74034,8.73698,1000000,1360000
2019-01-03 06:58:21.159000,8.74031,8.73698,1000000,1360000
2019-01-03 06:58:21.261000,8.7403,8.73698,1000000,1360000
2019-01-03 06:58:21.412000,8.74027,8.73698,1000000,1360000
2019-01-03 06:58:21.514000,8.74027,8.73698,1000000,1360000
2019-01-03 06:58:21.615000,8.74027,8.73697,1000000,1360000
2019-01-03 06:58:21.767000,8.74027,8.73697,1000000,1360000
2019-01-03 06:58:22.091000,8.74026,8.73697,1000000,1360000
2019-01-03 06:58:22.192000,8.74026,8.73697,1000000,1360000
2019-01-03 06:58:22.325000,8.74023,8.73698,1000000,1360000
2019-01-03 06:58:22.426000,8.73995,8.73698,1000000,1360000
2019-01-03 06:58:22.881000,8.73995,8.73698,1000000,1360000
2019-01-03 06:58:23.607000,8.73995,8.73677,1000000,1360000
2019-01-03 06:58:23.799000,8.7397,8.73673,1000000,1360000
2019-01-03 06:58:23.900000,8.7397,8.73672,1000000,1360000
2019-01-03 06:58:24.001000,8.7397,8.73668,1000000,1360000
2019-01-03 06:58:24.153000,8.7397,8.73663,1000000,1360000
2019-01-03 06:58:24.254000,8.7397,8.73662,1000000,1360000
2019-01-03 06:58:24.558000,8.7397,8.73663,1000000,1360000
2019-01-03 06:58:24.659000,8.7397,8.73662,1000000,1360000
2019-01-03 06:58:24.826000,8.74001,8.73662,1000000,1360000
2019-01-03 06:58:25.028000,8.73966,8.73663,1000000,1360000
2019-01-03 06:58:25.193000,8.73966,8.73662,1000000,1360000
2019-01-03 06:58:25.257000,8.73966,8.73672,1000000,1020000
2019-01-03 06:58:25.359000,8.74001,8.73672,1000000,1360000
2019-01-03 06:58:25.460000,8.73993,8.73683,1000000,1020000
2019-01-03 06:58:25.590000,8.74042,8.73692,1000000,1360000
2019-01-03 06:58:25.641000,8.74029,8.73693,1000000,1360000
2019-01-03 06:58:25.743000,8.74051,8.73697,1000000,1360000
2019-01-03 06:58:26.004000,8.74051,8.73697,1000000,1360000
2019-01-03 06:58:26.306000,8.74051,8.73693,1000000,1360000
2019-01-03 06:58:26.425000,8.74051,8.73702,1000000,1360000
2019-01-03 06:58:26.526000,8.74013,8.73702,1000000,1360000
2019-01-03 06:58:27.166000,8.74013,8.73697,1000000,1360000
2019-01-03 06:58:27.508000,8.74013,8.73702,1000000,1360000
2019-01-03 06:58:27.804000,8.74013,8.73703,1000000,1360000
2019-01-03 06:58:30.129000,8.74013,8.73652,1000000,1680000
2019-01-03 06:58:30.269000,8.73974,8.73625,1000000,1000000
2019-01-03 06:58:30.320000,8.73974,8.73632,1000000,1000000
2019-01-03 06:58:30.371000,8.73974,8.73602,1000000,1120000
2019-01-03 06:58:30.422000,8.73959,8.73602,1000000,1120000
2019-01-03 06:58:30.523000,8.73951,8.73602,1000000,1120000
2019-01-03 06:58:30.625000,8.73956,8.73622,1000000,1000000
2019-01-03 06:58:30.727000,8.73957,8.73622,1000000,1000000
2019-01-03 06:58:30.980000,8.7392,8.73622,1000000,1000000
2019-01-03 06:58:31.132000,8.7392,8.73633,1000000,1000000
2019-01-03 06:58:31.492000,8.73948,8.73633,1000000,1000000
2019-01-03 06:58:31.543000,8.73961,8.73633,1000000,1000000
2019-01-03 06:58:31.644000,8.73926,8.73633,1000000,1000000
2019-01-03 06:58:31.948000,8.73967,8.73633,1000000,1000000
2019-01-03 06:58:32.049000,8.73961,8.73643,1000000,1000000
2019-01-03 06:58:32.210000,8.73932,8.73643,1000000,1000000
2019-01-03 06:58:32.312000,8.73923,8.73643,1000000,1000000
2019-01-03 06:58:32.363000,8.73932,8.73643,1000000,1000000
2019-01-03 06:58:32.465000,8.73956,8.73643,1000000,1000000
2019-01-03 06:58:32.566000,8.73996,8.73643,1000000,1000000
2019-01-03 06:58:32.617000,8.73996,8.73652,1000000,1000000
2019-01-03 06:58:32.718000,8.73989,8.73652,1000000,1000000
2019-01-03 06:58:32.769000,8.73996,8.73652,1000000,1000000
2019-01-03 06:58:32.874000,8.74004,8.73652,1000000,1000000
2019-01-03 06:58:33.076000,8.74001,8.73672,1000000,1360000
2019-01-03 06:58:33.178000,8.74005,8.73672,1000000,1360000
2019-01-03 06:58:33.280000,8.74012,8.73673,1000000,1360000
2019-01-03 06:58:33.331000,8.73984,8.73672,1000000,1360000
2019-01-03 06:58:33.591000,8.74012,8.73672,1000000,1360000
2019-01-03 06:58:33.642000,8.73994,8.73672,1000000,1360000
2019-01-03 06:58:33.743000,8.7402,8.73673,1000000,1360000
2019-01-03 06:58:33.794000,8.73986,8.73662,1000000,1360000
2019-01-03 06:58:34.106000,8.74036,8.73672,1000000,1020000
2019-01-03 06:58:34.157000,8.74036,8.73672,1000000,1360000
2019-01-03 06:58:34.258000,8.74036,8.73673,1000000,1360000
2019-01-03 06:58:34.359000,8.74036,8.73672,1000000,1360000
2019-01-03 06:58:34.410000,8.74036,8.73667,1000000,1360000
2019-01-03 06:58:34.511000,8.74018,8.73662,1000000,1360000
2019-01-03 06:58:35.042000,8.74018,8.73673,1000000,1360000
2019-01-03 06:58:35.143000,8.74018,8.73672,1000000,1360000
2019-01-03 06:58:35.295000,8.74039,8.73672,1000000,1360000
2019-01-03 06:58:35.346000,8.74047,8.73672,1000000,1360000
2019-01-03 06:58:35.447000,8.74027,8.73672,1000000,1360000
2019-01-03 06:58:35.599000,8.74036,8.73672,1000000,1360000
2019-01-03 06:58:35.701000,8.74034,8.73672,1000000,1360000
2019-01-03 06:58:35.751000,8.74041,8.73668,1000000,1360000
2019-01-03 06:58:35.853000,8.74019,8.73657,1000000,1360000
2019-01-03 06:58:35.903000,8.74035,8.73657,1000000,1360000
2019-01-03 06:58:35.954000,8.74013,8.73657,1000000,1360000
2019-01-03 06:58:36.465000,8.74013,8.73657,1000000,1360000
2019-01-03 06:58:36.567000,8.74013,8.73657,1000000,1360000
2019-01-03 06:58:36.668000,8.73989,8.73657,1000000,1360000
2019-01-03 06:58:36.859000,8.73989,8.73663,1000000,1360000
2019-01-03 06:58:36.961000,8.73989,8.73662,1000000,1360000
2019-01-03 06:58:37.064000,8.73989,8.73663,1000000,1360000
2019-01-03 06:58:37.166000,8.73989,8.73672,1000000,1360000
2019-01-03 06:58:37.268000,8.73989,8.73673,1000000,1360000
2019-01-03 06:58:37.470000,8.73989,8.73672,1000000,1360000
2019-01-03 06:58:37.622000,8.73989,8.73673,1000000,1360000
2019-01-03 06:58:37.776000,8.73989,8.73672,1000000,1360000
2019-01-03 06:58:38.080000,8.73989,8.73673,1000000,1360000
2019-01-03 06:58:38.384000,8.73989,8.73672,1000000,1360000
2019-01-03 06:58:38.485000,8.73989,8.73657,1000000,1360000
2019-01-03 06:58:38.790000,8.73989,8.73667,1000000,1360000
2019-01-03 06:58:38.841000,8.73989,8.73667,1000000,1360000
2019-01-03 06:58:38.942000,8.73998,8.73662,1000000,1680000
2019-01-03 06:58:38.993000,8.74014,8.73668,1000000,1360000
2019-01-03 06:58:39.094000,8.74014,8.73668,1000000,1360000
2019-01-03 06:58:39.251000,8.74014,8.73697,1000000,1360000
2019-01-03 06:58:39.403000,8.74014,8.73687,1000000,1360000
2019-01-03 06:58:39.507000,8.74014,8.73687,1000000,1360000
2019-01-03 06:58:39.811000,8.74014,8.73687,1000000,1360000
2019-01-03 06:58:39.862000,8.74014,8.73687,1000000,1360000
2019-01-03 06:58:40.966000,8.74045,8.73677,1500000,1360000
2019-01-03 06:58:41.118000,8.74045,8.73683,1000000,1360000
2019-01-03 06:58:41.220000,8.74008,8.73688,1000000,1360000
2019-01-03 06:58:41.523000,8.74008,8.73688,1000000,1360000
2019-01-03 06:58:41.625000,8.74008,8.73688,1000000,1360000
2019-01-03 06:58:41.748000,8.7404,8.73688,1000000,1360000
2019-01-03 06:58:41.951000,8.74004,8.73688,1000000,1360000
2019-01-03 06:58:42.103000,8.74004,8.73688,1000000,1360000
2019-01-03 06:58:42.204000,8.74004,8.73688,1000000,1360000
2019-01-03 06:58:42.408000,8.74004,8.73693,1000000,1360000
2019-01-03 06:58:42.608000,8.7404,8.73688,1000000,1360000
2019-01-03 06:58:42.709000,8.7404,8.73682,1000000,1360000
2019-01-03 06:58:43.370000,8.7404,8.73652,1000000,1680000
2019-01-03 06:58:43.421000,8.74001,8.73652,1000000,1000000
2019-01-03 06:58:43.471000,8.74001,8.73663,1000000,1000000
2019-01-03 06:58:43.573000,8.74001,8.73662,1000000,1000000
2019-01-03 06:58:43.624000,8.74001,8.73652,1000000,1000000
2019-01-03 06:58:43.674000,8.74001,8.73672,1000000,1000000
2019-01-03 06:58:43.776000,8.73957,8.73652,1000000,1000000
2019-01-03 06:58:43.827000,8.73957,8.73642,1000000,1000000
2019-01-03 06:58:43.928000,8.73957,8.73652,1000000,1000000
2019-01-03 06:58:44.039000,8.73955,8.73652,1000000,1000000
2019-01-03 06:58:44.089000,8.73957,8.73652,1000000,1000000
2019-01-03 06:58:44.292000,8.73985,8.73652,1000000,1000000
2019-01-03 06:58:44.393000,8.73993,8.73662,1000000,1000000
2019-01-03 06:58:44.697000,8.73993,8.73652,1000000,1000000
2019-01-03 06:58:44.878000,8.73993,8.73652,1000000,1680000
2019-01-03 06:58:44.980000,8.73993,8.73652,1000000,1260000
2019-01-03 06:58:45.183000,8.73993,8.73662,1000000,1360000
2019-01-03 06:58:45.285000,8.73993,8.73662,1000000,1360000
2019-01-03 06:58:45.489000,8.73993,8.73642,1000000,1680000
2019-01-03 06:58:45.540000,8.73993,8.73642,1000000,1000000
2019-01-03 06:58:45.643000,8.73965,8.73642,1000000,1000000
2019-01-03 06:58:45.871000,8.73948,8.73642,1000000,1000000
2019-01-03 06:58:45.973000,8.73928,8.73642,1000000,1000000
2019-01-03 06:58:46.125000,8.73928,8.73643,1000000,1000000
2019-01-03 06:58:46.226000,8.73928,8.73642,1000000,1000000
2019-01-03 06:58:46.378000,8.73959,8.73642,1000000,1000000
2019-01-03 06:58:46.429000,8.73959,8.73652,1000000,1000000
2019-01-03 06:58:46.480000,8.73963,8.73652,1000000,1000000
2019-01-03 06:58:46.581000,8.74,8.73652,1000000,1000000
2019-01-03 06:58:46.632000,8.74,8.73642,1000000,1000000
2019-01-03 06:58:46.810000,8.74,8.73643,1000000,1000000
2019-01-03 06:58:46.861000,8.74,8.73652,1000000,1000000
2019-01-03 06:58:46.963000,8.74,8.73653,1000000,1000000
2019-01-03 06:58:47.198000,8.74,8.73653,1000000,1680000
2019-01-03 06:58:47.412000,8.74,8.73658,1000000,1360000
2019-01-03 06:58:47.513000,8.73969,8.73658,1000000,1360000
2019-01-03 06:58:47.693000,8.73969,8.73683,1000000,1020000
2019-01-03 06:58:47.745000,8.74018,8.73682,1000000,1020000
2019-01-03 06:58:47.796000,8.74018,8.73682,1000000,1360000
2019-01-03 06:58:47.848000,8.74022,8.73692,1000000,1360000
2019-01-03 06:58:48.050000,8.74022,8.73687,1000000,1360000
2019-01-03 06:58:48.176000,8.74023,8.73687,1000000,1360000
2019-01-03 06:58:48.227000,8.74025,8.73687,1000000,1360000
2019-01-03 06:58:48.328000,8.74025,8.73702,1000000,1360000
2019-01-03 06:58:48.470000,8.74025,8.73703,1000000,1360000
2019-01-03 06:58:48.572000,8.74058,8.73703,1000000,1360000
2019-01-03 06:58:48.623000,8.74074,8.73697,1000000,1360000
2019-01-03 06:58:48.674000,8.74086,8.73697,1000000,1360000
2019-01-03 06:58:48.725000,8.74086,8.73697,1000000,1360000
2019-01-03 06:58:48.775000,8.74108,8.73739,1500000,1360000
2019-01-03 06:58:48.826000,8.74101,8.73739,1000000,1360000
2019-01-03 06:58:48.914000,8.74108,8.73739,1500000,1360000
2019-01-03 06:58:49.087000,8.74108,8.73739,1000000,1360000
2019-01-03 06:58:49.138000,8.74106,8.73739,1000000,1360000
2019-01-03 06:58:49.301000,8.74109,8.73747,1000000,1360000
2019-01-03 06:58:49.402000,8.74109,8.73732,1000000,1360000
2019-01-03 06:58:49.453000,8.74107,8.73702,1000000,1360000
2019-01-03 06:58:49.504000,8.74107,8.73681,1000000,1680000
2019-01-03 06:58:49.555000,8.74103,8.73678,1000000,1680000
2019-01-03 06:58:49.605000,8.74103,8.73678,1000000,1000000
2019-01-03 06:58:49.656000,8.74105,8.7368,1000000,1000000
2019-01-03 06:58:49.757000,8.74105,8.73681,1000000,1000000
2019-01-03 06:58:49.858000,8.74096,8.73684,1000000,1000000
2019-01-03 06:58:50.212000,8.74109,8.73685,1000000,1000000
2019-01-03 06:58:50.472000,8.74101,8.73674,1000000,1000000
2019-01-03 06:58:50.523000,8.74066,8.73668,1000000,1000000
2019-01-03 06:58:50.625000,8.74072,8.73668,1000000,1000000
2019-01-03 06:58:50.676000,8.74072,8.73672,1000000,1000000
2019-01-03 06:58:50.878000,8.74088,8.73672,1000000,1000000
2019-01-03 06:58:50.929000,8.74068,8.73672,1000000,1000000
2019-01-03 06:58:51.030000,8.74074,8.73672,1000000,1680000
2019-01-03 06:58:51.132000,8.74072,8.73677,1000000,1360000
2019-01-03 06:58:51.288000,8.74064,8.73677,1000000,1360000
2019-01-03 06:58:51.385000,8.74066,8.73677,1000000,1360000
2019-01-03 06:58:51.436000,8.74063,8.73677,1000000,1360000
2019-01-03 06:58:51.537000,8.74066,8.73677,1000000,1360000
2019-01-03 06:58:51.588000,8.74072,8.73677,1000000,1360000
2019-01-03 06:58:51.690000,8.74079,8.73677,1000000,1360000
2019-01-03 06:58:51.791000,8.74054,8.73693,1000000,1360000
2019-01-03 06:58:51.842000,8.74054,8.73707,1000000,1360000
2019-01-03 06:58:51.893000,8.74078,8.73707,1000000,1360000
2019-01-03 06:58:51.944000,8.74076,8.73702,1000000,1680000
2019-01-03 06:58:52.045000,8.74063,8.73702,1000000,1680000
2019-01-03 06:58:52.146000,8.74042,8.73702,1000000,1680000
2019-01-03 06:58:52.198000,8.74109,8.73702,1500000,1680000
2019-01-03 06:58:52.249000,8.74109,8.73718,1500000,1360000
2019-01-03 06:58:52.351000,8.74121,8.73732,1000000,1680000
2019-01-03 06:58:52.401000,8.74177,8.73758,1000000,1680000
2019-01-03 06:58:52.503000,8.74154,8.7376,1000000,1680000
2019-01-03 06:58:52.604000,8.74135,8.73767,1000000,1360000
2019-01-03 06:58:52.656000,8.74135,8.73767,1000000,1360000
2019-01-03 06:58:52.707000,8.74128,8.73767,1000000,1360000
2019-01-03 06:58:52.859000,8.7418,8.73757,1500000,1360000
2019-01-03 06:58:52.909000,8.74169,8.73757,1000000,1360000
2019-01-03 06:58:53.011000,8.74169,8.73777,1000000,1360000
2019-01-03 06:58:53.163000,8.74169,8.73767,1000000,1360000
2019-01-03 06:58:53.265000,8.74169,8.73767,1000000,1360000
2019-01-03 06:58:53.316000,8.74167,8.73767,1000000,1360000
2019-01-03 06:58:53.367000,8.74144,8.73777,1000000,1360000
2019-01-03 06:58:53.418000,8.74147,8.73777,1000000,1360000
2019-01-03 06:58:53.518000,8.74168,8.73767,1000000,1360000
2019-01-03 06:58:53.619000,8.7415,8.73767,1000000,1360000
2019-01-03 06:58:53.721000,8.74136,8.73767,1000000,1360000
2019-01-03 06:58:53.822000,8.74154,8.73767,1000000,1360000
2019-01-03 06:58:53.873000,8.74135,8.73777,1000000,1360000
2019-01-03 06:58:54.010000,8.74135,8.73777,1000000,1360000
2019-01-03 06:58:54.061000,8.74144,8.73779,1000000,1360000
2019-01-03 06:58:54.255000,8.7414,8.73768,1000000,1360000
2019-01-03 06:58:54.356000,8.74144,8.73768,1000000,1360000
2019-01-03 06:58:54.407000,8.74171,8.73768,1000000,1360000
2019-01-03 06:58:54.508000,8.74173,8.73767,1000000,1360000
2019-01-03 06:58:54.609000,8.74183,8.73767,1000000,1360000
2019-01-03 06:58:54.743000,8.74184,8.73767,1000000,1360000
2019-01-03 06:58:55.092000,8.74184,8.73782,1000000,1360000
2019-01-03 06:58:55.244000,8.7415,8.73797,1000000,1360000
2019-01-03 06:58:55.346000,8.74157,8.73797,1000000,1360000
2019-01-03 06:58:55.447000,8.74158,8.73797,1000000,1360000
2019-01-03 06:58:55.497000,8.74158,8.73797,1000000,1360000
2019-01-03 06:58:55.618000,8.74158,8.73797,1000000,1360000
2019-01-03 06:58:55.726000,8.74184,8.73817,1000000,1360000
2019-01-03 06:58:56.035000,8.74184,8.73807,1000000,1360000
2019-01-03 06:58:56.086000,8.74161,8.73807,1000000,1360000
2019-01-03 06:58:56.188000,8.74161,8.73808,1000000,1360000
2019-01-03 06:58:56.839000,8.74161,8.73807,1000000,1360000
2019-01-03 06:58:56.889000,8.74183,8.73807,1000000,1360000
2019-01-03 06:58:56.991000,8.74163,8.73817,1000000,1360000
2019-01-03 06:58:57.093000,8.74167,8.73818,1000000,1360000
2019-01-03 06:58:57.205000,8.74148,8.73838,1000000,1360000
2019-01-03 06:58:57.307000,8.74171,8.73838,1000000,1360000
2019-01-03 06:58:57.358000,8.74171,8.73838,1000000,1360000
2019-01-03 06:58:57.408000,8.74163,8.73832,1000000,1360000
2019-01-03 06:58:57.510000,8.74147,8.73807,1000000,1360000
2019-01-03 06:58:57.611000,8.74132,8.73808,1000000,1360000
2019-01-03 06:58:57.712000,8.74161,8.73808,1000000,1360000
2019-01-03 06:58:57.851000,8.74183,8.73808,1000000,1360000
2019-01-03 06:58:57.952000,8.74166,8.73808,1000000,1360000
2019-01-03 06:58:58.197000,8.74157,8.73808,1000000,1360000
2019-01-03 06:58:58.299000,8.74143,8.73808,1000000,1360000
2019-01-03 06:58:58.400000,8.74159,8.73808,1000000,1360000
2019-01-03 06:58:58.501000,8.74175,8.73808,1000000,1360000
2019-01-03 06:58:58.552000,8.74159,8.73808,1000000,1360000
2019-01-03 06:58:58.603000,8.74186,8.73808,1000000,1360000
2019-01-03 06:58:58.709000,8.74178,8.73808,1000000,1360000
2019-01-03 06:58:58.811000,8.74171,8.73808,1000000,1360000
2019-01-03 06:58:58.913000,8.74162,8.73807,1000000,1360000
2019-01-03 06:58:59.064000,8.74163,8.73807,1000000,1360000
2019-01-03 06:58:59.259000,8.74177,8.73807,1000000,1360000
2019-01-03 06:58:59.310000,8.74159,8.73807,1000000,1360000
2019-01-03 06:58:59.411000,8.74148,8.73807,1000000,1360000
2019-01-03 06:58:59.513000,8.74164,8.73807,1000000,1360000
2019-01-03 06:58:59.564000,8.74159,8.73807,1000000,1360000
2019-01-03 06:58:59.665000,8.74159,8.73807,1000000,1360000
2019-01-03 06:58:59.778000,8.74164,8.73807,1000000,1360000
2019-01-03 06:58:59.880000,8.74165,8.73807,1500000,1360000
2019-01-03 06:58:59.930000,8.74142,8.73802,1000000,1360000
2019-01-03 06:59:00.032000,8.7414,8.73802,1000000,1360000
2019-01-03 06:59:00.133000,8.74135,8.73803,1000000,1360000
2019-01-03 06:59:00.235000,8.74112,8.73802,1000000,1360000
2019-01-03 06:59:00.336000,8.74149,8.73797,1000000,1360000
2019-01-03 06:59:00.437000,8.74128,8.73797,1000000,1360000
2019-01-03 06:59:00.547000,8.7416,8.73797,1000000,1360000
2019-01-03 06:59:00.649000,8.74159,8.73797,1000000,1360000
2019-01-03 06:59:00.700000,8.74159,8.73802,1000000,1360000
2019-01-03 06:59:00.802000,8.74137,8.73802,1000000,1360000
2019-01-03 06:59:00.903000,8.74087,8.73807,1000000,1360000
2019-01-03 06:59:00.954000,8.74087,8.73782,1000000,1360000
2019-01-03 06:59:01.005000,8.74107,8.73782,1000000,1360000
2019-01-03 06:59:01.106000,8.74113,8.73762,1000000,1940000
2019-01-03 06:59:01.265000,8.74141,8.73768,1000000,1680000
2019-01-03 06:59:01.316000,8.74116,8.73767,1000000,1360000
2019-01-03 06:59:01.417000,8.74143,8.73767,1000000,1360000
2019-01-03 06:59:01.519000,8.74152,8.73767,1000000,1360000
2019-01-03 06:59:01.620000,8.74167,8.73772,1000000,1680000
2019-01-03 06:59:01.671000,8.74162,8.73772,1000000,1680000
2019-01-03 06:59:01.773000,8.74151,8.7377,1000000,1680000
2019-01-03 06:59:01.874000,8.7415,8.7377,1500000,1680000
2019-01-03 06:59:01.976000,8.74146,8.73767,1000000,1360000
2019-01-03 06:59:02.103000,8.74133,8.73767,1000000,1360000
2019-01-03 06:59:02.154000,8.74148,8.73767,1000000,1360000
2019-01-03 06:59:02.205000,8.74157,8.73778,1000000,1680000
2019-01-03 06:59:02.306000,8.74165,8.73778,1000000,1680000
2019-01-03 06:59:02.639000,8.74172,8.73769,1000000,1680000
2019-01-03 06:59:02.741000,8.74148,8.73762,1000000,1680000
2019-01-03 06:59:02.843000,8.74157,8.73766,1000000,1680000
2019-01-03 06:59:02.893000,8.74154,8.73766,1000000,1680000
2019-01-03 06:59:02.944000,8.74157,8.73766,1000000,1680000
2019-01-03 06:59:02.995000,8.74153,8.73766,1000000,1680000
2019-01-03 06:59:03.045000,8.74157,8.73766,1000000,1680000
2019-01-03 06:59:03.147000,8.74169,8.73788,1000000,1000000
2019-01-03 06:59:03.249000,8.74189,8.73787,1000000,1000000
2019-01-03 06:59:03.555000,8.74172,8.73787,1000000,1000000
2019-01-03 06:59:03.723000,8.74171,8.73787,1000000,1000000
2019-01-03 06:59:04.565000,8.74171,8.73795,1000000,1000000
2019-01-03 06:59:04.666000,8.74151,8.73784,1000000,1000000
2019-01-03 06:59:04.717000,8.74156,8.73774,1000000,1680000
2019-01-03 06:59:04.768000,8.74153,8.73774,1000000,1680000
2019-01-03 06:59:04.818000,8.74155,8.73781,1000000,1680000
2019-01-03 06:59:04.919000,8.74161,8.73787,1000000,1000000
2019-01-03 06:59:04.970000,8.74154,8.73787,1000000,1000000
2019-01-03 06:59:05.081000,8.74146,8.73787,1000000,1000000
2019-01-03 06:59:05.132000,8.74148,8.73774,1000000,1000000
2019-01-03 06:59:05.183000,8.74151,8.73782,1000000,1000000
2019-01-03 06:59:05.234000,8.74148,8.73763,1000000,1680000
2019-01-03 06:59:05.369000,8.74156,8.73773,1000000,1000000
2019-01-03 06:59:05.420000,8.74156,8.7378,1000000,1000000
2019-01-03 06:59:05.555000,8.74156,8.7378,1000000,1680000
2019-01-03 06:59:05.606000,8.74164,8.7378,1000000,1680000
2019-01-03 06:59:05.657000,8.74156,8.7378,1000000,1680000
2019-01-03 06:59:05.758000,8.74156,8.73784,1000000,1680000
2019-01-03 06:59:05.859000,8.74184,8.73794,1000000,1000000
2019-01-03 06:59:05.910000,8.74188,8.73767,1000000,1360000
2019-01-03 06:59:05.961000,8.74175,8.73767,1000000,1360000
2019-01-03 06:59:06.062000,8.74175,8.73767,1000000,1360000
2019-01-03 06:59:06.224000,8.74173,8.73767,1000000,1360000
2019-01-03 06:59:06.325000,8.74173,8.73768,1000000,1360000
2019-01-03 06:59:06.427000,8.74184,8.73768,1000000,1360000
2019-01-03 06:59:06.723000,8.74181,8.73769,1000000,1360000
2019-01-03 06:59:07.992000,8.74194,8.73772,1000000,1680000
2019-01-03 06:59:09.055000,8.74181,8.73802,1000000,1260000
2019-01-03 06:59:09.360000,8.74181,8.73802,1000000,1680000
2019-01-03 06:59:10.096000,8.74214,8.73792,1000000,1680000
2019-01-03 06:59:10.147000,8.74172,8.73792,1000000,1680000
2019-01-03 06:59:10.249000,8.74171,8.73792,1000000,1680000
2019-01-03 06:59:10.351000,8.7417,8.73802,1000000,1680000
2019-01-03 06:59:10.452000,8.74192,8.73792,1000000,1680000
2019-01-03 06:59:10.554000,8.74179,8.73792,1000000,1680000
2019-01-03 06:59:10.893000,8.74177,8.73777,1000000,1360000
2019-01-03 06:59:10.994000,8.74175,8.73778,1000000,1360000
2019-01-03 06:59:11.206000,8.74175,8.73777,1000000,1360000
2019-01-03 06:59:12.314000,8.74174,8.73772,1000000,1680000
2019-01-03 06:59:13.565000,8.74173,8.73772,1000000,1680000
2019-01-03 06:59:14.080000,8.74194,8.73802,1000000,1680000
2019-01-03 06:59:14.182000,8.74185,8.73793,1000000,1680000
2019-01-03 06:59:14.284000,8.74182,8.73802,1000000,1680000
2019-01-03 06:59:14.401000,8.74209,8.73802,1000000,1680000
2019-01-03 06:59:14.604000,8.74209,8.73797,1000000,1360000
2019-01-03 06:59:14.706000,8.742,8.73797,1000000,1360000
2019-01-03 06:59:14.807000,8.74207,8.73807,1000000,1360000
2019-01-03 06:59:15.086000,8.74202,8.73807,1000000,1360000
2019-01-03 06:59:15.137000,8.74208,8.73808,1000000,1360000
2019-01-03 06:59:15.240000,8.7421,8.73808,1000000,1360000
2019-01-03 06:59:15.643000,8.7421,8.73809,1000000,1360000
2019-01-03 06:59:15.694000,8.7421,8.73813,1000000,1360000
2019-01-03 06:59:16.396000,8.74246,8.73827,1000000,1360000
2019-01-03 06:59:16.683000,8.74246,8.73827,1000000,1360000
2019-01-03 06:59:18.873000,8.74246,8.73837,1000000,1360000
2019-01-03 06:59:19.025000,8.74246,8.73832,1000000,1680000
2019-01-03 06:59:19.126000,8.74224,8.73828,1000000,1360000
2019-01-03 06:59:19.227000,8.74193,8.73829,1000000,1360000
2019-01-03 06:59:19.425000,8.74193,8.73829,1000000,1360000
2019-01-03 06:59:19.644000,8.74193,8.73812,1000000,1680000
2019-01-03 06:59:19.695000,8.74195,8.73812,1000000,1000000
2019-01-03 06:59:19.797000,8.74196,8.73812,1000000,1000000
2019-01-03 06:59:19.848000,8.74196,8.73793,1000000,1000000
2019-01-03 06:59:19.999000,8.74175,8.73793,1000000,1000000
2019-01-03 06:59:22.205000,8.74175,8.73721,1000000,1000000
2019-01-03 06:59:23.944000,8.74175,8.73773,1000000,1000000
2019-01-03 06:59:24.045000,8.74158,8.73773,1000000,1000000
2019-01-03 06:59:24.217000,8.74158,8.73762,1000000,1000000
2019-01-03 06:59:25.439000,8.74158,8.73701,1000000,1000000
2019-01-03 06:59:25.490000,8.74136,8.73685,1000000,1000000
2019-01-03 06:59:25.591000,8.74158,8.73762,1000000,1000000
2019-01-03 06:59:25.692000,8.74158,8.73772,1000000,1000000
2019-01-03 06:59:26.049000,8.74158,8.73762,1000000,1000000
2019-01-03 06:59:26.355000,8.74158,8.73669,1000000,1000000
2019-01-03 06:59:27.458000,8.74158,8.73674,1000000,1000000
2019-01-03 06:59:28.529000,8.74158,8.73688,1000000,1000000
2019-01-03 06:59:28.580000,8.74158,8.7368,1000000,1000000
2019-01-03 06:59:28.631000,8.74158,8.73685,1000000,1000000
2019-01-03 06:59:32.515000,8.74158,8.7368,1000000,1000000
2019-01-03 06:59:32.634000,8.74158,8.73676,1000000,1000000
2019-01-03 06:59:33.177000,8.74158,8.73752,1000000,1000000
2019-01-03 06:59:34.389000,8.74158,8.73742,1000000,1000000
2019-01-03 06:59:35.131000,8.74158,8.73762,1000000,1000000
2019-01-03 06:59:35.233000,8.74158,8.73763,1000000,1000000
2019-01-03 06:59:36.349000,8.74158,8.73772,1000000,1000000
2019-01-03 06:59:36.450000,8.74158,8.73762,1000000,1000000
2019-01-03 06:59:37.406000,8.74158,8.73753,1000000,1000000
2019-01-03 06:59:37.507000,8.74151,8.73732,1000000,1000000
2019-01-03 06:59:39.256000,8.74133,8.73732,1000000,1000000
2019-01-03 06:59:39.366000,8.74122,8.73732,1000000,1000000
2019-01-03 06:59:39.417000,8.74122,8.73712,1000000,1000000
2019-01-03 06:59:39.598000,8.74133,8.73712,1000000,1000000
2019-01-03 06:59:41.132000,8.74125,8.73712,1000000,1000000
2019-01-03 06:59:42.374000,8.74127,8.73712,1000000,1000000
2019-01-03 06:59:43.396000,8.74129,8.73712,1000000,1000000
2019-01-03 06:59:44.242000,8.74133,8.73712,1000000,1000000
2019-01-03 06:59:44.311000,8.74135,8.73732,1000000,1000000
2019-01-03 06:59:44.362000,8.74147,8.73732,1000000,1000000
2019-01-03 06:59:44.584000,8.74147,8.73722,1000000,1000000
2019-01-03 06:59:44.635000,8.7415,8.73732,1000000,1000000
2019-01-03 06:59:49.279000,8.7415,8.73722,1000000,1000000
2019-01-03 06:59:49.388000,8.7415,8.73712,1000000,1000000
2019-01-03 06:59:49.441000,8.7415,8.73723,1000000,1000000
2019-01-03 06:59:50.088000,8.7415,8.73702,1000000,1000000
2019-01-03 06:59:52.410000,8.7415,8.73693,1000000,1000000
2019-01-03 06:59:56.600000,8.7415,8.73703,1000000,1000000
2019-01-03 06:59:57.179000,8.74149,8.73703,1000000,1000000
2019-01-03 06:59:57.901000,8.74192,8.73712,1000000,1000000
2019-01-03 06:59:57.952000,8.74192,8.73702,1000000,1000000
2019-01-03 06:59:58.897000,8.74192,8.73722,1000000,1000000
2019-01-03 07:00:00.072000,8.74194,8.73732,1000000,1000000
2019-01-03 07:00:00.269000,8.74171,8.73732,1000000,1000000
2019-01-03 07:00:00.421000,8.74171,8.73753,1000000,1000000
2019-01-03 07:00:00.472000,8.74171,8.73672,1000000,1000000
2019-01-03 07:00:01.029000,8.74171,8.73662,1000000,1000000
2019-01-03 07:00:01.080000,8.74171,8.73642,1000000,1000000
2019-01-03 07:00:01.131000,8.74171,8.73633,1000000,1000000
2019-01-03 07:00:01.238000,8.74182,8.73633,1000000,1000000
2019-01-03 07:00:01.614000,8.74159,8.73652,1000000,1000000
2019-01-03 07:00:01.720000,8.74159,8.73633,1000000,1000000
2019-01-03 07:00:02.466000,8.74159,8.73642,1000000,1000000
2019-01-03 07:00:02.575000,8.74159,8.73652,1000000,1000000
2019-01-03 07:00:03.336000,8.74242,8.73652,1000000,1000000
2019-01-03 07:00:03.770000,8.74242,8.73633,1000000,1000000
2019-01-03 07:00:03.821000,8.74242,8.73642,1000000,1000000
2019-01-03 07:00:04.045000,8.74242,8.73633,1000000,1000000
2019-01-03 07:00:04.472000,8.74214,8.73633,1000000,1000000
2019-01-03 07:00:04.731000,8.74163,8.73683,1000000,1000000
2019-01-03 07:00:05.548000,8.74167,8.73689,1000000,1000000
2019-01-03 07:00:05.876000,8.74172,8.73692,1000000,1000000
2019-01-03 07:00:05.927000,8.74177,8.73696,1000000,1000000
2019-01-03 07:00:05.977000,8.74181,8.73701,1000000,1000000
2019-01-03 07:00:06.028000,8.74174,8.73693,1000000,1000000
2019-01-03 07:00:06.205000,8.74178,8.73698,1000000,1000000
2019-01-03 07:00:06.256000,8.74174,8.73693,1000000,1000000
2019-01-03 07:00:06.430000,8.74171,8.73684,1000000,1000000
2019-01-03 07:00:06.481000,8.74244,8.73672,1000000,1000000
2019-01-03 07:00:06.532000,8.74195,8.73672,1000000,1000000
2019-01-03 07:00:06.803000,8.7419,8.737,1000000,1000000
2019-01-03 07:00:06.854000,8.7419,8.73676,1000000,1000000
2019-01-03 07:00:06.905000,8.74198,8.73672,1000000,1000000
2019-01-03 07:00:07.223000,8.7419,8.73676,1000000,1000000
2019-01-03 07:00:07.466000,8.74186,8.73672,1000000,1500000
2019-01-03 07:00:07.766000,8.7418,8.73668,1000000,1000000
2019-01-03 07:00:07.867000,8.74157,8.73646,1000000,1000000
2019-01-03 07:00:07.985000,8.74152,8.73646,1000000,1000000
2019-01-03 07:00:08.136000,8.74167,8.73653,1000000,1000000
2019-01-03 07:00:08.188000,8.74178,8.73665,1000000,1000000
2019-01-03 07:00:08.238000,8.74184,8.7367,1000000,1000000
2019-01-03 07:00:08.289000,8.74172,8.73693,1000000,1000000
2019-01-03 07:00:08.390000,8.74177,8.73698,1000000,1000000
2019-01-03 07:00:08.810000,8.74186,8.73662,1000000,1000000
2019-01-03 07:00:09.055000,8.74207,8.73662,1000000,1000000
2019-01-03 07:00:10.454000,8.74207,8.73663,1000000,1000000
2019-01-03 07:00:10.601000,8.74207,8.73673,1000000,1000000
2019-01-03 07:00:10.750000,8.74179,8.737,1000000,1000000
2019-01-03 07:00:11.609000,8.74175,8.73695,1000000,1000000
2019-01-03 07:00:12.026000,8.74165,8.73685,1000000,1000000
2019-01-03 07:00:12.175000,8.74149,8.7367,1000000,1000000
2019-01-03 07:00:12.724000,8.74148,8.73669,1000000,1000000
2019-01-03 07:00:12.852000,8.74164,8.73685,1000000,1000000
2019-01-03 07:00:13.514000,8.74158,8.73679,1000000,1000000
2019-01-03 07:00:14.072000,8.74152,8.73673,1000000,1000000
2019-01-03 07:00:14.232000,8.74158,8.73678,1000000,1000000
2019-01-03 07:00:14.410000,8.74162,8.73685,1000000,1000000
2019-01-03 07:00:14.630000,8.74161,8.73684,1000000,1000000
2019-01-03 07:00:14.681000,8.74167,8.73688,1000000,1000000
2019-01-03 07:00:15.166000,8.74171,8.73691,1000000,1000000
2019-01-03 07:00:15.786000,8.74174,8.73697,1000000,1000000
2019-01-03 07:00:15.957000,8.74181,8.73701,1000000,1000000
2019-01-03 07:00:16.072000,8.74177,8.73698,1000000,1000000
2019-01-03 07:00:16.392000,8.74163,8.73686,1000000,1000000
2019-01-03 07:00:16.443000,8.74158,8.73678,1000000,1000000
2019-01-03 07:00:16.493000,8.74161,8.73682,1000000,1000000
2019-01-03 07:00:17.141000,8.74171,8.73691,1000000,1000000
2019-01-03 07:00:17.192000,8.74168,8.73689,1000000,1000000
2019-01-03 07:00:17.322000,8.74176,8.73699,1000000,1000000
2019-01-03 07:00:17.473000,8.74173,8.73694,1000000,1000000
2019-01-03 07:00:17.524000,8.74178,8.73698,1000000,1000000
2019-01-03 07:00:17.729000,8.74174,8.73695,1000000,1000000
2019-01-03 07:00:17.780000,8.74178,8.73698,1000000,1000000
2019-01-03 07:00:18.421000,8.74174,8.73695,1000000,1000000
2019-01-03 07:00:18.587000,8.74167,8.7369,1000000,1000000
2019-01-03 07:00:18.645000,8.7415,8.73672,1000000,1000000
2019-01-03 07:00:18.698000,8.74158,8.73678,1000000,1000000
2019-01-03 07:00:19.022000,8.74164,8.73685,1000000,1000000
2019-01-03 07:00:19.337000,8.74159,8.7368,1000000,1000000
2019-01-03 07:00:19.438000,8.74155,8.73676,1000000,1000000
2019-01-03 07:00:19.539000,8.74154,8.73675,1000000,1000000
2019-01-03 07:00:19.641000,8.74157,8.7368,1000000,1000000
2019-01-03 07:00:20.024000,8.7416,8.73681,1000000,1000000
2019-01-03 07:00:20.074000,8.74154,8.73677,1000000,1000000
2019-01-03 07:00:20.223000,8.74152,8.73677,1000000,1000000
2019-01-03 07:00:20.371000,8.74157,8.7368,1000000,1000000
2019-01-03 07:00:20.675000,8.74174,8.73697,1000000,1000000
2019-01-03 07:00:20.782000,8.74178,8.73701,1000000,1000000
2019-01-03 07:00:20.884000,8.74161,8.73684,1000000,1000000
2019-01-03 07:00:20.985000,8.74172,8.73697,1000000,1000000
2019-01-03 07:00:21.086000,8.7417,8.73693,1000000,1000000
2019-01-03 07:00:21.198000,8.74185,8.73679,1000000,1000000
2019-01-03 07:00:21.250000,8.74166,8.73661,1000000,1000000
2019-01-03 07:00:21.351000,8.74168,8.73663,1000000,1000000
2019-01-03 07:00:21.453000,8.74163,8.73657,1000000,1000000
2019-01-03 07:00:21.725000,8.74139,8.73663,1000000,1000000
2019-01-03 07:00:22.131000,8.74119,8.73643,1000000,1000000
2019-01-03 07:00:22.234000,8.74119,8.73599,1000000,1000000
2019-01-03 07:00:22.285000,8.74109,8.73608,1000000,1000000
2019-01-03 07:00:22.437000,8.74096,8.7362,1000000,1000000
2019-01-03 07:00:22.539000,8.74091,8.73615,1000000,1000000
2019-01-03 07:00:22.826000,8.74062,8.73623,1000000,1000000
2019-01-03 07:00:22.996000,8.74057,8.73618,1000000,1000000
2019-01-03 07:00:23.098000,8.74062,8.73623,1000000,1000000
2019-01-03 07:00:23.148000,8.74079,8.7359,1000000,1000000
2019-01-03 07:00:23.199000,8.74083,8.73594,1000000,1000000
2019-01-03 07:00:23.300000,8.74082,8.73593,1000000,1000000
2019-01-03 07:00:23.436000,8.74091,8.73602,1000000,1000000
2019-01-03 07:00:23.537000,8.74087,8.73598,1000000,1000000
2019-01-03 07:00:23.588000,8.741,8.7361,1000000,1000000
2019-01-03 07:00:23.639000,8.74102,8.73615,1000000,1000000
2019-01-03 07:00:23.741000,8.74109,8.73621,1500000,1000000
2019-01-03 07:00:23.900000,8.74116,8.73626,1500000,1000000
2019-01-03 07:00:23.952000,8.74111,8.73622,1500000,1000000
2019-01-03 07:00:24.003000,8.74107,8.73618,1120000,1000000
2019-01-03 07:00:24.053000,8.74112,8.73623,1500000,1000000
2019-01-03 07:00:24.155000,8.74102,8.73615,1000000,1000000
2019-01-03 07:00:24.323000,8.74107,8.73618,1120000,1000000
2019-01-03 07:00:25.372000,8.74113,8.73623,1500000,1000000
2019-01-03 07:00:26.104000,8.74116,8.73627,1500000,1000000
2019-01-03 07:00:26.155000,8.74126,8.73637,1000000,1000000
2019-01-03 07:00:26.282000,8.74131,8.73642,1000000,1000000
2019-01-03 07:00:26.458000,8.74155,8.73667,1500000,1000000
2019-01-03 07:00:26.508000,8.74165,8.73676,1000000,1000000
2019-01-03 07:00:26.559000,8.74169,8.7368,1000000,1000000
2019-01-03 07:00:28.213000,8.74174,8.73685,1000000,1000000
2019-01-03 07:00:28.315000,8.74179,8.7369,1000000,1000000
2019-01-03 07:00:28.417000,8.74184,8.73696,1000000,1000000
2019-01-03 07:00:28.468000,8.74179,8.7369,1000000,1000000
2019-01-03 07:00:28.934000,8.7418,8.7369,1000000,1000000
2019-01-03 07:00:28.985000,8.74161,8.73672,1000000,1000000
2019-01-03 07:00:29.116000,8.74133,8.73646,1000000,1000000
2019-01-03 07:00:29.218000,8.7413,8.73643,1000000,1000000
2019-01-03 07:00:29.341000,8.74126,8.73639,1000000,1000000
2019-01-03 07:00:29.752000,8.74134,8.73645,1000000,1000000
2019-01-03 07:00:31.021000,8.74156,8.73666,1000000,1000000
2019-01-03 07:00:31.072000,8.74164,8.73675,1000000,1000000
2019-01-03 07:00:31.944000,8.74168,8.73679,1000000,1000000
2019-01-03 07:00:32.097000,8.74193,8.73704,1500000,1000000
2019-01-03 07:00:32.148000,8.74206,8.73717,1000000,1000000
2019-01-03 07:00:32.199000,8.7421,8.73706,1000000,1000000
2019-01-03 07:00:32.268000,8.74203,8.7371,1000000,1000000
2019-01-03 07:00:32.371000,8.74166,8.73677,1000000,1000000
2019-01-03 07:00:32.422000,8.74169,8.73677,1000000,1000000
2019-01-03 07:00:32.836000,8.74174,8.7368,1500000,1000000
2019-01-03 07:00:32.887000,8.7417,8.73676,1000000,1000000
2019-01-03 07:00:34.512000,8.7415,8.73703,1000000,1000000
2019-01-03 07:00:35.273000,8.74154,8.73703,1000000,1000000
2019-01-03 07:00:35.636000,8.74167,8.73713,1000000,1000000
2019-01-03 07:00:35.686000,8.74174,8.73721,1500000,1000000
2019-01-03 07:00:35.737000,8.7418,8.73727,1000000,1000000
2019-01-03 07:00:35.788000,8.74194,8.73742,1000000,1000000
2019-01-03 07:00:35.839000,8.74202,8.73749,1000000,1000000
2019-01-03 07:00:35.890000,8.74213,8.7376,1500000,1000000
2019-01-03 07:00:36.023000,8.74216,8.73765,1000000,1000000
2019-01-03 07:00:36.074000,8.74211,8.7376,1000000,1000000
2019-01-03 07:00:36.125000,8.74216,8.73763,1000000,1000000
2019-01-03 07:00:37.275000,8.74222,8.73768,1000000,1000000
2019-01-03 07:00:38.032000,8.74216,8.73769,1000000,1000000
2019-01-03 07:00:38.294000,8.74197,8.73748,1000000,1000000
2019-01-03 07:00:38.406000,8.74201,8.73752,1000000,1000000
2019-01-03 07:00:38.507000,8.7421,8.73761,1000000,1000000
2019-01-03 07:00:38.659000,8.74205,8.73756,1000000,1000000
2019-01-03 07:00:38.710000,8.74215,8.73719,1000000,1000000
2019-01-03 07:00:38.811000,8.74147,8.73719,1000000,1000000
2019-01-03 07:00:38.915000,8.74147,8.73724,1000000,1000000
2019-01-03 07:00:38.966000,8.7419,8.73724,1000000,1000000
2019-01-03 07:00:39.072000,8.74174,8.7375,1000000,1000000
2019-01-03 07:00:40.176000,8.74181,8.73756,1000000,1000000
2019-01-03 07:00:40.464000,8.74185,8.73761,1000000,1000000
2019-01-03 07:00:40.566000,8.7419,8.73774,1000000,1000000
2019-01-03 07:00:40.617000,8.74193,8.73769,1000000,1000000
2019-01-03 07:00:40.694000,8.74197,8.73773,1000000,1000000
2019-01-03 07:00:40.797000,8.74202,8.73778,1000000,1000000
2019-01-03 07:00:40.898000,8.74195,8.73778,1000000,1000000
2019-01-03 07:00:41.196000,8.74204,8.73757,1000000,1000000
2019-01-03 07:00:41.398000,8.74201,8.73757,1000000,1000000
2019-01-03 07:00:42.374000,8.74201,8.73754,1500000,1000000
2019-01-03 07:00:43.476000,8.74201,8.73757,1000000,1000000
2019-01-03 07:00:43.601000,8.74201,8.73789,1000000,1000000
2019-01-03 07:00:43.703000,8.74246,8.73835,1000000,1000000
2019-01-03 07:00:43.806000,8.74246,8.73867,1000000,1000000
2019-01-03 07:00:43.857000,8.74298,8.7388,1000000,1000000
2019-01-03 07:00:43.958000,8.74298,8.73883,1000000,1000000
2019-01-03 07:00:44.009000,8.74322,8.73872,1000000,1000000
2019-01-03 07:00:44.060000,8.74324,8.73889,1000000,1000000
2019-01-03 07:00:44.111000,8.74344,8.73895,1500000,1000000
2019-01-03 07:00:44.162000,8.7434,8.73891,1000000,1000000
2019-01-03 07:00:44.263000,8.74343,8.73896,1000000,1000000
2019-01-03 07:00:44.546000,8.74345,8.73896,1000000,1000000
2019-01-03 07:00:44.896000,8.74349,8.73899,1000000,1000000
2019-01-03 07:00:44.946000,8.74353,8.73906,1000000,1000000
2019-01-03 07:00:45.048000,8.74342,8.73893,1000000,1000000
2019-01-03 07:00:45.098000,8.74346,8.73899,1000000,1000000
2019-01-03 07:00:45.149000,8.74349,8.73899,1000000,1000000
2019-01-03 07:00:45.660000,8.74345,8.73895,1000000,1000000
2019-01-03 07:00:46.920000,8.7434,8.73891,1000000,1000000
2019-01-03 07:00:47.077000,8.74346,8.73899,1000000,1000000
2019-01-03 07:00:47.184000,8.74341,8.73894,1000000,1000000
2019-01-03 07:00:48.556000,8.74347,8.73893,1000000,1000000
2019-01-03 07:00:49.003000,8.74327,8.73873,1000000,1000000
2019-01-03 07:00:49.153000,8.74288,8.73834,1000000,1000000
2019-01-03 07:00:49.256000,8.74315,8.73861,1000000,1000000
2019-01-03 07:00:49.358000,8.74319,8.73865,1000000,1000000
2019-01-03 07:00:49.490000,8.74318,8.73864,1000000,1000000
2019-01-03 07:00:49.801000,8.74318,8.73865,1000000,1000000
2019-01-03 07:00:49.902000,8.74323,8.73876,1000000,1000000
2019-01-03 07:00:50.209000,8.74339,8.73894,1000000,1000000
2019-01-03 07:00:50.310000,8.74329,8.7389,1000000,1000000
2019-01-03 07:00:50.563000,8.74333,8.73858,1000000,1000000
2019-01-03 07:00:51.323000,8.74328,8.73853,1000000,1000000
2019-01-03 07:00:51.510000,8.74335,8.73882,1000000,1000000
2019-01-03 07:00:51.612000,8.74337,8.7388,1000000,1000000
2019-01-03 07:00:51.662000,8.74332,8.73895,1000000,1000000
2019-01-03 07:00:52.025000,8.7433,8.73877,1000000,1000000
2019-01-03 07:00:52.175000,8.74318,8.73888,1000000,1000000
2019-01-03 07:00:52.327000,8.74346,8.73882,1000000,1000000
2019-01-03 07:00:52.378000,8.74326,8.73891,1000000,1000000
2019-01-03 07:00:57.411000,8.74328,8.73893,1000000,1000000
2019-01-03 07:00:58.188000,8.74333,8.73899,1000000,1000000
2019-01-03 07:00:58.330000,8.74329,8.73895,1000000,1000000
2019-01-03 07:00:58.766000,8.74325,8.7389,1000000,1000000
2019-01-03 07:01:00.227000,8.7433,8.73895,1000000,1000000
2019-01-03 07:01:00.328000,8.74313,8.73878,1000000,1000000
2019-01-03 07:01:00.447000,8.74308,8.73877,1000000,1000000
2019-01-03 07:01:00.498000,8.74314,8.73879,1000000,1000000
2019-01-03 07:01:00.550000,8.74322,8.73889,1000000,1000000
2019-01-03 07:01:00.651000,8.74328,8.73892,1000000,1000000
2019-01-03 07:01:00.702000,8.74334,8.73905,1000000,1000000
2019-01-03 07:01:00.754000,8.74334,8.73903,1000000,1000000
2019-01-03 07:01:00.805000,8.74334,8.73899,1500000,1000000
2019-01-03 07:01:00.898000,8.74334,8.73903,1000000,1000000
2019-01-03 07:01:02.093000,8.74334,8.73904,1000000,1000000
2019-01-03 07:01:02.260000,8.74328,8.73895,1000000,1000000
2019-01-03 07:01:02.613000,8.74301,8.7387,1000000,1000000
2019-01-03 07:01:02.664000,8.74298,8.73866,1000000,1000000
2019-01-03 07:01:02.733000,8.74293,8.73862,1000000,1000000
2019-01-03 07:01:04.307000,8.74289,8.73856,1000000,1000000
2019-01-03 07:01:04.898000,8.74288,8.73862,1000000,1000000
2019-01-03 07:01:08.711000,8.74281,8.73855,1000000,1000000
2019-01-03 07:01:10.328000,8.74256,8.73832,1000000,1000000
2019-01-03 07:01:10.435000,8.74244,8.73819,1000000,1000000
2019-01-03 07:01:10.486000,8.74248,8.73824,1000000,1000000
2019-01-03 07:01:10.588000,8.74243,8.73819,1000000,1000000
2019-01-03 07:01:10.689000,8.74239,8.73813,1000000,1000000
2019-01-03 07:01:10.740000,8.74218,8.73793,1000000,1000000
2019-01-03 07:01:10.840000,8.74214,8.73788,1000000,1000000
2019-01-03 07:01:10.891000,8.7421,8.73784,1000000,1000000
2019-01-03 07:01:11.016000,8.74205,8.73781,1000000,1000000
2019-01-03 07:01:11.066000,8.74201,8.73775,1000000,1000000
2019-01-03 07:01:11.142000,8.74211,8.73751,1000000,1000000
2019-01-03 07:01:12.234000,8.74214,8.73755,1000000,1000000
2019-01-03 07:01:12.354000,8.74214,8.73759,1000000,1000000
2019-01-03 07:01:12.404000,8.74196,8.73717,1000000,1000000
2019-01-03 07:01:12.455000,8.74195,8.73712,1000000,1000000
2019-01-03 07:01:12.506000,8.74196,8.73718,1000000,1000000
2019-01-03 07:01:12.607000,8.74196,8.73721,1000000,1000000
2019-01-03 07:01:12.761000,8.74196,8.73729,1000000,1000000
2019-01-03 07:01:12.862000,8.74196,8.73723,1000000,1000000
2019-01-03 07:01:12.913000,8.74196,8.73731,1000000,1000000
2019-01-03 07:01:13.015000,8.74196,8.73726,1000000,1000000
2019-01-03 07:01:13.065000,8.74196,8.73733,1000000,1000000
2019-01-03 07:01:13.299000,8.74196,8.73727,1000000,1000000
2019-01-03 07:01:13.350000,8.74196,8.73723,1000000,1000000
2019-01-03 07:01:13.451000,8.74194,8.73712,1000000,1000000
2019-01-03 07:01:13.502000,8.74194,8.73702,1000000,1000000
2019-01-03 07:01:13.552000,8.74184,8.73696,1000000,1000000
2019-01-03 07:01:13.664000,8.74163,8.73696,1000000,1000000
2019-01-03 07:01:13.791000,8.74154,8.73688,1000000,1000000
2019-01-03 07:01:13.892000,8.7415,8.73684,1000000,1000000
2019-01-03 07:01:14.195000,8.74149,8.73686,1000000,1000000
2019-01-03 07:01:14.246000,8.74148,8.73657,1000000,1000000
2019-01-03 07:01:14.297000,8.74154,8.73662,1000000,1000000
2019-01-03 07:01:14.406000,8.74135,8.73681,1000000,1000000
2019-01-03 07:01:14.457000,8.74146,8.73689,1000000,1000000
2019-01-03 07:01:14.558000,8.74146,8.73695,1000000,1000000
2019-01-03 07:01:14.660000,8.7416,8.73698,1000000,1000000
2019-01-03 07:01:14.766000,8.74163,8.73698,1000000,1000000
2019-01-03 07:01:14.817000,8.74134,8.73712,1000000,1000000
2019-01-03 07:01:15.225000,8.74103,8.73681,1000000,1000000
2019-01-03 07:01:15.276000,8.74113,8.73631,1000000,1000000
2019-01-03 07:01:15.327000,8.74113,8.73675,1000000,1000000
2019-01-03 07:01:15.428000,8.74106,8.73675,1000000,1000000
2019-01-03 07:01:15.836000,8.74102,8.73658,1000000,1000000
2019-01-03 07:01:15.886000,8.74086,8.73642,1000000,1000000
2019-01-03 07:01:15.988000,8.74068,8.73637,1000000,1000000
2019-01-03 07:01:16.158000,8.74061,8.73629,1000000,1000000
2019-01-03 07:01:16.209000,8.74059,8.73627,1000000,1000000
2019-01-03 07:01:16.637000,8.74032,8.73601,1000000,1000000
2019-01-03 07:01:16.688000,8.74055,8.73623,1000000,1000000
2019-01-03 07:01:16.780000,8.74059,8.73627,1000000,1000000
2019-01-03 07:01:16.882000,8.74063,8.73631,1000000,1000000
2019-01-03 07:01:17.402000,8.74055,8.73626,1000000,1000000
2019-01-03 07:01:17.503000,8.74029,8.73597,1000000,1000000
2019-01-03 07:01:17.555000,8.74032,8.73603,1500000,1000000
2019-01-03 07:01:17.658000,8.74032,8.73606,1000000,1000000
2019-01-03 07:01:17.772000,8.74032,8.73618,1000000,1000000
2019-01-03 07:01:17.823000,8.74044,8.73612,1000000,1000000
2019-01-03 07:01:18.016000,8.74054,8.73625,1000000,1000000
2019-01-03 07:01:18.328000,8.74049,8.73618,1000000,1000000
2019-01-03 07:01:18.379000,8.74025,8.73593,1000000,1000000
2019-01-03 07:01:18.697000,8.74007,8.73578,1000000,1000000
2019-01-03 07:01:18.748000,8.73999,8.73568,1000000,1000000
2019-01-03 07:01:18.848000,8.73991,8.7356,1000000,1000000
2019-01-03 07:01:18.950000,8.73983,8.7356,1000000,1000000
2019-01-03 07:01:19.236000,8.73983,8.73556,1000000,1000000
2019-01-03 07:01:19.304000,8.73987,8.73556,1000000,1000000
2019-01-03 07:01:19.355000,8.73949,8.73518,1000000,1000000
2019-01-03 07:01:19.456000,8.73953,8.73522,1000000,1000000
2019-01-03 07:01:19.558000,8.73912,8.73481,1000000,1000000
2019-01-03 07:01:19.608000,8.7389,8.73436,1000000,1000000
2019-01-03 07:01:19.722000,8.73877,8.7343,1000000,1000000
2019-01-03 07:01:19.824000,8.7385,8.73395,1000000,1000000
2019-01-03 07:01:19.875000,8.73845,8.73391,1000000,1000000
2019-01-03 07:01:19.925000,8.7385,8.73395,1000000,1000000
2019-01-03 07:01:19.977000,8.73835,8.73382,1500000,1000000
2019-01-03 07:01:20.076000,8.73812,8.73357,1500000,1000000
2019-01-03 07:01:20.132000,8.73801,8.73295,1500000,1000000
2019-01-03 07:01:20.233000,8.73735,8.73285,1000000,1000000
2019-01-03 07:01:20.334000,8.73763,8.73326,1000000,1000000
2019-01-03 07:01:20.429000,8.73763,8.73299,1000000,1000000
2019-01-03 07:01:20.480000,8.7377,8.73326,1000000,1000000
2019-01-03 07:01:20.581000,8.73774,8.73316,1000000,1000000
2019-01-03 07:01:20.683000,8.73768,8.73307,1000000,1000000
2019-01-03 07:01:20.733000,8.73768,8.73345,1000000,1000000
2019-01-03 07:01:20.883000,8.73748,8.73345,1000000,1000000
2019-01-03 07:01:21.105000,8.7377,8.73345,1000000,1000000
2019-01-03 07:01:21.156000,8.7377,8.73331,1000000,1000000
2019-01-03 07:01:21.207000,8.73766,8.73349,1000000,1000000
2019-01-03 07:01:21.308000,8.73766,8.73352,1000000,1000000
2019-01-03 07:01:21.438000,8.7381,8.73384,1000000,1000000
2019-01-03 07:01:21.489000,8.7381,8.7339,1000000,1000000
2019-01-03 07:01:21.540000,8.73821,8.734,1000000,1000000
2019-01-03 07:01:21.591000,8.73821,8.73407,1000000,1000000
2019-01-03 07:01:21.693000,8.73821,8.73389,1000000,1000000
2019-01-03 07:01:21.804000,8.73821,8.73407,1000000,1000000
2019-01-03 07:01:21.856000,8.73821,8.73403,1000000,1000000
2019-01-03 07:01:21.907000,8.73821,8.7337,1000000,1000000
2019-01-03 07:01:21.958000,8.73816,8.7337,1000000,1000000
2019-01-03 07:01:22.289000,8.73817,8.73348,1000000,1000000
2019-01-03 07:01:22.390000,8.73797,8.73348,1000000,1000000
2019-01-03 07:01:23.175000,8.73809,8.73348,1000000,1000000
2019-01-03 07:01:23.277000,8.73809,8.73349,1000000,1000000
2019-01-03 07:01:23.483000,8.73809,8.73348,1000000,1000000
2019-01-03 07:01:23.608000,8.73835,8.73391,1000000,1000000
2019-01-03 07:01:23.710000,8.73841,8.73383,1000000,1000000
2019-01-03 07:01:23.811000,8.73816,8.73332,1000000,1500000
2019-01-03 07:01:23.920000,8.73791,8.73332,1000000,1000000
2019-01-03 07:01:24.022000,8.73771,8.7333,1000000,1000000
2019-01-03 07:01:24.073000,8.73782,8.7331,1000000,1000000
2019-01-03 07:01:24.174000,8.73782,8.73332,1000000,1000000
2019-01-03 07:01:24.276000,8.73782,8.7335,1000000,1000000
2019-01-03 07:01:24.339000,8.73782,8.73346,1000000,1000000
2019-01-03 07:01:24.389000,8.73817,8.73386,1000000,1000000
2019-01-03 07:01:24.491000,8.73821,8.73392,1000000,1000000
2019-01-03 07:01:24.592000,8.73821,8.73402,1000000,1000000
2019-01-03 07:01:24.794000,8.73821,8.73406,1000000,1000000
2019-01-03 07:01:24.895000,8.73821,8.73417,1000000,1000000
2019-01-03 07:01:25.221000,8.73857,8.73415,1000000,1000000
2019-01-03 07:01:25.330000,8.73857,8.73419,1000000,1000000
2019-01-03 07:01:25.431000,8.73876,8.73469,1000000,1000000
2019-01-03 07:01:25.532000,8.73906,8.73478,1000000,1000000
2019-01-03 07:01:25.583000,8.73906,8.73498,1000000,1000000
2019-01-03 07:01:25.634000,8.7394,8.73503,1000000,1000000
2019-01-03 07:01:25.752000,8.73931,8.73498,1000000,1000000
2019-01-03 07:01:25.803000,8.73939,8.73504,1000000,1000000
2019-01-03 07:01:25.854000,8.73939,8.7352,1000000,1000000
2019-01-03 07:01:25.955000,8.7397,8.73538,1000000,1000000
2019-01-03 07:01:26.006000,8.7397,8.73532,1000000,1000000
2019-01-03 07:01:26.078000,8.7397,8.73523,1000000,1000000
2019-01-03 07:01:26.129000,8.73956,8.7351,1000000,1000000
2019-01-03 07:01:26.382000,8.73953,8.73504,1000000,1000000
2019-01-03 07:01:26.432000,8.73948,8.735,1000000,1000000
2019-01-03 07:01:26.641000,8.73951,8.73505,1000000,1000000
2019-01-03 07:01:26.791000,8.73956,8.73509,1000000,1000000
2019-01-03 07:01:26.943000,8.73953,8.73504,1000000,1000000
2019-01-03 07:01:27.045000,8.73957,8.73509,1000000,1000000
2019-01-03 07:01:27.147000,8.73966,8.73539,1000000,1000000
2019-01-03 07:01:27.249000,8.73983,8.73553,1000000,1000000
2019-01-03 07:01:27.299000,8.73983,8.73557,1000000,1000000
2019-01-03 07:01:27.350000,8.73995,8.73553,1000000,1000000
2019-01-03 07:01:27.748000,8.74004,8.73562,1000000,1000000
2019-01-03 07:01:27.849000,8.74006,8.73564,1000000,1000000
2019-01-03 07:01:28.105000,8.7401,8.73568,1000000,1000000
2019-01-03 07:01:29.043000,8.74016,8.73573,1000000,1000000
2019-01-03 07:01:29.866000,8.74001,8.73584,1000000,1000000
2019-01-03 07:01:30.310000,8.73997,8.7358,1000000,1000000
2019-01-03 07:01:31.135000,8.73998,8.73576,1000000,1000000
2019-01-03 07:01:31.827000,8.74002,8.7358,1000000,1000000
2019-01-03 07:01:32.402000,8.73995,8.73578,1000000,1000000
2019-01-03 07:01:32.655000,8.74005,8.73586,1000000,1000000
2019-01-03 07:01:32.706000,8.74018,8.73585,1000000,1000000
2019-01-03 07:01:34.053000,8.74009,8.73574,1000000,1000000
2019-01-03 07:01:34.888000,8.73998,8.73581,1000000,1000000
2019-01-03 07:01:36.033000,8.73984,8.73568,1000000,1000000
2019-01-03 07:01:36.352000,8.7398,8.73589,1000000,1000000
2019-01-03 07:01:36.545000,8.7398,8.73591,1000000,1000000
2019-01-03 07:01:36.646000,8.7398,8.73598,1000000,1000000
2019-01-03 07:01:36.697000,8.74014,8.73598,1000000,1000000
2019-01-03 07:01:37.347000,8.74015,8.73599,1000000,1000000
2019-01-03 07:01:37.493000,8.74011,8.73595,1000000,1000000
2019-01-03 07:01:38.069000,8.74005,8.7359,1000000,1000000
2019-01-03 07:01:38.170000,8.73999,8.73586,1000000,1000000
2019-01-03 07:01:38.677000,8.7399,8.73583,1000000,1000000
2019-01-03 07:01:39.031000,8.74005,8.7356,1000000,1000000
2019-01-03 07:01:39.810000,8.74005,8.73569,1000000,1000000
2019-01-03 07:01:40.031000,8.74007,8.73577,1000000,1000000
2019-01-03 07:01:40.133000,8.74006,8.73587,1000000,1000000
2019-01-03 07:01:40.184000,8.74006,8.73583,1000000,1000000
2019-01-03 07:01:40.861000,8.7399,8.73589,1000000,1000000
2019-01-03 07:01:40.992000,8.73977,8.73589,1000000,1000000
2019-01-03 07:01:41.158000,8.73977,8.73594,1000000,1000000
2019-01-03 07:01:41.640000,8.73977,8.73591,1000000,1000000
2019-01-03 07:01:41.924000,8.73977,8.73585,1000000,1000000
2019-01-03 07:01:42.026000,8.73977,8.73591,1000000,1000000
2019-01-03 07:01:42.421000,8.73977,8.73585,1000000,1000000
2019-01-03 07:01:44.553000,8.73977,8.7358,1000000,1000000
2019-01-03 07:01:46.872000,8.73952,8.73524,1000000,1000000
2019-01-03 07:01:46.923000,8.73952,8.73565,1000000,1000000
2019-01-03 07:01:47.001000,8.73952,8.73513,1000000,1000000
2019-01-03 07:01:47.052000,8.73955,8.73513,1000000,1000000
2019-01-03 07:01:47.103000,8.73931,8.73513,1000000,1000000
2019-01-03 07:01:47.258000,8.73931,8.73542,1000000,1360000
2019-01-03 07:01:47.360000,8.73931,8.73543,1000000,1360000
2019-01-03 07:01:47.505000,8.7394,8.73558,1000000,1360000
2019-01-03 07:01:47.556000,8.7394,8.73558,1000000,1360000
2019-01-03 07:01:48.015000,8.7394,8.73548,1000000,1360000
2019-01-03 07:01:48.217000,8.7394,8.73548,1000000,1360000
2019-01-03 07:01:48.337000,8.73934,8.73548,1000000,1360000
2019-01-03 07:01:48.388000,8.73947,8.73537,1000000,1360000
2019-01-03 07:01:48.439000,8.73942,8.73537,1000000,1360000
2019-01-03 07:01:48.530000,8.73945,8.73537,1000000,1360000
2019-01-03 07:01:48.581000,8.73929,8.73538,1000000,1360000
2019-01-03 07:01:48.631000,8.73932,8.73537,1000000,1360000
2019-01-03 07:01:48.733000,8.73932,8.73537,1000000,1360000
2019-01-03 07:01:48.784000,8.73918,8.73515,1000000,1680000
2019-01-03 07:01:48.936000,8.73918,8.73512,1000000,1000000
2019-01-03 07:01:49.423000,8.73914,8.73506,1000000,1000000
2019-01-03 07:01:49.474000,8.73904,8.73498,1000000,1000000
2019-01-03 07:01:49.873000,8.73904,8.73499,1000000,1000000
2019-01-03 07:01:50.224000,8.73904,8.735,1000000,1000000
2019-01-03 07:01:50.325000,8.73894,8.735,1000000,1000000
2019-01-03 07:01:50.426000,8.73896,8.735,1000000,1000000
2019-01-03 07:01:50.648000,8.73896,8.73504,1000000,1000000
2019-01-03 07:01:50.835000,8.73896,8.735,1000000,1000000
2019-01-03 07:01:50.886000,8.73878,8.73475,1000000,1000000
2019-01-03 07:01:50.937000,8.73864,8.73459,1000000,1000000
2019-01-03 07:01:50.990000,8.73871,8.73451,1000000,1000000
2019-01-03 07:01:51.041000,8.73845,8.73451,1000000,1000000
2019-01-03 07:01:51.092000,8.73845,8.73413,1000000,1000000
2019-01-03 07:01:51.142000,8.73828,8.73413,1000000,1000000
2019-01-03 07:01:51.287000,8.73836,8.73417,1000000,1000000
2019-01-03 07:01:51.338000,8.73837,8.73465,1000000,1000000
2019-01-03 07:01:51.389000,8.73837,8.73413,1000000,1000000
2019-01-03 07:01:51.812000,8.73837,8.73454,1000000,1000000
2019-01-03 07:01:51.881000,8.73837,8.7345,1000000,1000000
2019-01-03 07:01:51.932000,8.73837,8.73453,1000000,1000000
2019-01-03 07:01:52.083000,8.73837,8.73454,1000000,1000000
2019-01-03 07:01:52.184000,8.73837,8.73453,1000000,1000000
2019-01-03 07:01:52.349000,8.73837,8.73448,1000000,1000000
2019-01-03 07:01:52.646000,8.73837,8.7345,1000000,1000000
2019-01-03 07:01:52.764000,8.73837,8.73447,1000000,1000000
2019-01-03 07:01:52.908000,8.73837,8.7345,1000000,1000000
2019-01-03 07:01:53.494000,8.73837,8.73448,1000000,1000000
2019-01-03 07:01:53.596000,8.73837,8.73451,1000000,1000000
2019-01-03 07:01:53.973000,8.73834,8.73457,1000000,1000000
2019-01-03 07:01:54.161000,8.73829,8.73452,1000000,1000000
2019-01-03 07:01:54.320000,8.73834,8.73457,1000000,1000000
2019-01-03 07:01:54.432000,8.73829,8.73454,1000000,1000000
2019-01-03 07:01:54.485000,8.73835,8.73458,1000000,1000000
2019-01-03 07:01:54.536000,8.73819,8.73442,1000000,1000000
2019-01-03 07:01:54.586000,8.73837,8.73441,1000000,1000000
2019-01-03 07:01:54.637000,8.73801,8.73421,1000000,1000000
2019-01-03 07:01:54.714000,8.73801,8.73386,1000000,1000000
2019-01-03 07:01:54.815000,8.73799,8.73386,1000000,1000000
2019-01-03 07:01:54.967000,8.738,8.73379,1000000,1000000
2019-01-03 07:01:55.018000,8.73799,8.73391,1000000,1000000
2019-01-03 07:01:55.119000,8.73799,8.73374,1000000,1000000
2019-01-03 07:01:55.327000,8.738,8.73365,1000000,1000000
2019-01-03 07:01:55.379000,8.738,8.73389,1000000,1000000
2019-01-03 07:01:55.669000,8.738,8.73378,1000000,1000000
2019-01-03 07:01:55.720000,8.73799,8.73388,1000000,1000000
2019-01-03 07:01:55.869000,8.73799,8.73384,1000000,1000000
2019-01-03 07:01:55.919000,8.73799,8.73411,1000000,1000000
2019-01-03 07:01:55.970000,8.73829,8.73433,1000000,1000000
2019-01-03 07:01:56.072000,8.73844,8.73433,1000000,1000000
2019-01-03 07:01:56.244000,8.73844,8.73423,1000000,1000000
2019-01-03 07:01:56.346000,8.73838,8.73422,1000000,1000000
2019-01-03 07:01:56.448000,8.73841,8.73422,1000000,1000000
2019-01-03 07:01:56.913000,8.7384,8.73422,1000000,1000000
2019-01-03 07:01:57.015000,8.73833,8.73422,1000000,1000000
2019-01-03 07:01:57.116000,8.73833,8.73423,1000000,1000000
2019-01-03 07:01:57.365000,8.73833,8.73422,1000000,1000000
2019-01-03 07:01:57.466000,8.73833,8.73423,1000000,1000000
2019-01-03 07:01:57.568000,8.73836,8.73422,1000000,1500000
2019-01-03 07:01:57.620000,8.73836,8.7342,1000000,1000000
2019-01-03 07:01:57.721000,8.73836,8.73406,1000000,1000000
2019-01-03 07:01:57.772000,8.73834,8.73404,1000000,1000000
2019-01-03 07:01:57.909000,8.73835,8.73468,1000000,1000000
2019-01-03 07:01:57.959000,8.73841,8.73468,1000000,1000000
2019-01-03 07:01:58.061000,8.73841,8.73469,1000000,1000000
2019-01-03 07:01:58.163000,8.73841,8.73467,1000000,1000000
2019-01-03 07:01:58.342000,8.73841,8.73457,1000000,1000000
2019-01-03 07:01:58.416000,8.73841,8.73459,1000000,1000000
2019-01-03 07:01:59.092000,8.73841,8.73454,1000000,1000000
2019-01-03 07:01:59.808000,8.73841,8.73466,1000000,1000000
2019-01-03 07:01:59.909000,8.73841,8.73469,1000000,1000000
2019-01-03 07:02:00.737000,8.73841,8.73465,1000000,1000000
2019-01-03 07:02:01.962000,8.73841,8.73478,1000000,1000000
2019-01-03 07:02:02.063000,8.73841,8.73499,1000000,1000000
2019-01-03 07:02:02.165000,8.7385,8.7349,1000000,1000000
2019-01-03 07:02:02.275000,8.73846,8.73486,1000000,1000000
2019-01-03 07:02:02.376000,8.73841,8.7348,1000000,1000000
