time,ask,bid,ask_volume,bid_volume
2020-10-28 06:55:00.497000,9.18997,9.1876,1000000,1100000
2020-10-28 06:55:02.579000,9.19005,9.18773,1000000,1000000
2020-10-28 06:55:03.048000,9.18989,9.18757,1000000,1100000
2020-10-28 06:55:03.480000,9.18997,9.18765,1000000,1100000
2020-10-28 06:55:03.531000,9.18985,9.18759,1000000,1100000
2020-10-28 06:55:03.632000,9.18975,9.18745,1000000,1100000
2020-10-28 06:55:03.733000,9.18968,9.18741,1000000,1100000
2020-10-28 06:55:03.884000,9.1894,9.18716,1000000,1100000
2020-10-28 06:55:04.213000,9.18914,9.18692,1000000,1100000
2020-10-28 06:55:05.868000,9.18914,9.1869,1000000,1000000
2020-10-28 06:55:06.629000,9.18907,9.18677,1000000,1000000
2020-10-28 06:55:07.620000,9.1889,9.18661,1000000,1000000
2020-10-28 06:55:07.721000,9.18875,9.18647,1000000,1000000
2020-10-28 06:55:09.239000,9.18864,9.18638,1000000,1000000
2020-10-28 06:55:09.290000,9.18844,9.18614,1000000,1000000
2020-10-28 06:55:13.077000,9.18828,9.18599,1000000,1000000
2020-10-28 06:55:13.342000,9.18937,9.18625,1500000,1000000
2020-10-28 06:55:13.442000,9.18966,9.18656,1000000,1000000
2020-10-28 06:55:13.493000,9.18969,9.18662,1000000,1000000
2020-10-28 06:55:13.644000,9.18941,9.1864,1000000,1000000
2020-10-28 06:55:13.745000,9.18987,9.1867,1500000,1000000
2020-10-28 06:55:13.795000,9.18999,9.18615,1000000,1000000
2020-10-28 06:55:13.846000,9.18999,9.18629,1000000,1000000
2020-10-28 06:55:13.997000,9.18997,9.18603,1000000,1000000
2020-10-28 06:55:14.097000,9.18997,9.18584,1000000,1000000
2020-10-28 06:55:14.300000,9.19014,9.18606,1000000,1000000
2020-10-28 06:55:15.166000,9.19008,9.18606,1000000,1000000
2020-10-28 06:55:15.408000,9.18997,9.18607,1000000,1000000
2020-10-28 06:55:15.459000,9.18998,9.18593,1000000,1000000
2020-10-28 06:55:15.560000,9.18989,9.18579,1000000,1000000
2020-10-28 06:55:15.711000,9.18967,9.18568,1000000,1000000
2020-10-28 06:55:16.753000,9.18958,9.18568,1000000,1000000
2020-10-28 06:55:16.904000,9.18973,9.18562,1000000,1000000
2020-10-28 06:55:16.955000,9.1898,9.1858,1000000,1000000
2020-10-28 06:55:17.623000,9.19001,9.18597,1000000,1000000
2020-10-28 06:55:18.452000,9.18998,9.18597,1000000,1000000
2020-10-28 06:55:18.503000,9.19,9.18598,1000000,1000000
2020-10-28 06:55:18.752000,9.1898,9.18587,1000000,1000000
2020-10-28 06:55:20.948000,9.19023,9.18581,1500000,1000000
2020-10-28 06:55:21.453000,9.19023,9.18581,1500000,1000000
2020-10-28 06:55:21.503000,9.18999,9.18563,1500000,1000000
2020-10-28 06:55:22.737000,9.18958,9.18562,1000000,1000000
2020-10-28 06:55:22.788000,9.18968,9.18566,1000000,1000000
2020-10-28 06:55:22.839000,9.18968,9.18563,1000000,1000000
2020-10-28 06:55:22.889000,9.18968,9.18565,1000000,1000000
2020-10-28 06:55:22.991000,9.18958,9.18577,1000000,1000000
2020-10-28 06:55:23.042000,9.18978,9.18556,1500000,1500000
2020-10-28 06:55:23.093000,9.18988,9.18547,1500000,1000000
2020-10-28 06:55:23.144000,9.18988,9.18527,1500000,1000000
2020-10-28 06:55:23.195000,9.18973,9.1856,1500000,1000000
2020-10-28 06:55:23.246000,9.18991,9.18517,1000000,1000000
2020-10-28 06:55:23.297000,9.18991,9.18502,1000000,1000000
2020-10-28 06:55:23.347000,9.18975,9.18502,1000000,1000000
2020-10-28 06:55:23.398000,9.18974,9.18469,1500000,1000000
2020-10-28 06:55:23.946000,9.18951,9.1847,1000000,1000000
2020-10-28 06:55:26.715000,9.18949,9.18469,1000000,1000000
2020-10-28 06:55:28.904000,9.18948,9.1847,1000000,1000000
2020-10-28 06:55:29.959000,9.18948,9.18469,1000000,1000000
2020-10-28 06:55:30.238000,9.18948,9.18469,1000000,1000000
2020-10-28 06:55:30.890000,9.18949,9.18468,1000000,1000000
2020-10-28 06:55:31.551000,9.18937,9.18514,1000000,1000000
2020-10-28 06:55:31.652000,9.18954,9.18534,1500000,1000000
2020-10-28 06:55:33.392000,9.18948,9.18533,1000000,1000000
2020-10-28 06:55:33.561000,9.18955,9.18533,1000000,1000000
2020-10-28 06:55:33.662000,9.18946,9.18528,1000000,1000000
2020-10-28 06:55:33.712000,9.18976,9.18487,1500000,1000000
2020-10-28 06:55:33.827000,9.18922,9.18485,1000000,1000000
2020-10-28 06:55:33.928000,9.18958,9.18475,1500000,1000000
2020-10-28 06:55:34.129000,9.18905,9.18479,1000000,1000000
2020-10-28 06:55:34.230000,9.18931,9.18462,1000000,1000000
2020-10-28 06:55:34.281000,9.18935,9.18447,1000000,1000000
2020-10-28 06:55:34.331000,9.18941,9.18419,1500000,1000000
2020-10-28 06:55:34.482000,9.18918,9.18448,1500000,1000000
2020-10-28 06:55:34.533000,9.18935,9.18426,1500000,1000000
2020-10-28 06:55:34.633000,9.18935,9.18426,1500000,1000000
2020-10-28 06:55:34.888000,9.18934,9.18427,1500000,1000000
2020-10-28 06:55:36.892000,9.18931,9.18426,1000000,1000000
2020-10-28 06:55:37.177000,9.18931,9.18444,1620000,1000000
2020-10-28 06:55:37.278000,9.18912,9.18461,1500000,1000000
2020-10-28 06:55:37.329000,9.18931,9.18425,1000000,1000000
2020-10-28 06:55:38.610000,9.18946,9.18457,1000000,1000000
2020-10-28 06:55:38.711000,9.18947,9.18456,1000000,1000000
2020-10-28 06:55:38.862000,9.18962,9.18456,1000000,1000000
2020-10-28 06:55:40.903000,9.18984,9.18456,1000000,1000000
2020-10-28 06:55:41.004000,9.18974,9.18478,1500000,1000000
2020-10-28 06:55:41.104000,9.18953,9.18452,1500000,1000000
2020-10-28 06:55:41.336000,9.18953,9.18452,1500000,1000000
2020-10-28 06:55:42.559000,9.18957,9.18432,1000000,1000000
2020-10-28 06:55:42.610000,9.18958,9.1846,1000000,1000000
2020-10-28 06:55:43.212000,9.18968,9.18489,1500000,1000000
2020-10-28 06:55:43.524000,9.18978,9.18509,1000000,1000000
2020-10-28 06:55:44.083000,9.18978,9.18509,1000000,1000000
2020-10-28 06:55:44.234000,9.18978,9.18509,1000000,1000000
2020-10-28 06:55:45.793000,9.18992,9.1853,1000000,1000000
2020-10-28 06:55:45.894000,9.18992,9.18507,1000000,1000000
2020-10-28 06:55:45.994000,9.18992,9.18489,1000000,1000000
2020-10-28 06:55:46.045000,9.18991,9.18512,1000000,1000000
2020-10-28 06:55:46.096000,9.18992,9.18496,1000000,1000000
2020-10-28 06:55:46.146000,9.18898,9.18496,1000000,1000000
2020-10-28 06:55:46.298000,9.18908,9.18496,1000000,1000000
2020-10-28 06:55:46.662000,9.18888,9.18496,1000000,1000000
2020-10-28 06:55:46.882000,9.18898,9.18496,1000000,1000000
2020-10-28 06:55:47.629000,9.18898,9.18534,1000000,1000000
2020-10-28 06:55:47.962000,9.18908,9.18534,1000000,1000000
2020-10-28 06:55:48.062000,9.18908,9.18512,1000000,1000000
2020-10-28 06:55:48.113000,9.18897,9.18513,1000000,1000000
2020-10-28 06:55:48.683000,9.18917,9.18513,1000000,1000000
2020-10-28 06:55:48.771000,9.18848,9.18512,1000000,1000000
2020-10-28 06:55:48.872000,9.18848,9.18538,1000000,1000000
2020-10-28 06:55:48.923000,9.18918,9.18538,1000000,1000000
2020-10-28 06:55:49.697000,9.18848,9.18538,1000000,1000000
2020-10-28 06:55:49.820000,9.18858,9.18538,1000000,1000000
2020-10-28 06:55:50.053000,9.18868,9.18538,1000000,1000000
2020-10-28 06:55:50.530000,9.18868,9.18527,1000000,1000000
2020-10-28 06:55:50.872000,9.18858,9.18527,1000000,1000000
2020-10-28 06:55:50.922000,9.18888,9.18508,1000000,1000000
2020-10-28 06:55:50.973000,9.18898,9.18508,1000000,1000000
2020-10-28 06:55:51.124000,9.18888,9.18508,1000000,1000000
2020-10-28 06:55:51.174000,9.18908,9.18508,1000000,1000000
2020-10-28 06:55:51.225000,9.18898,9.18508,1000000,1000000
2020-10-28 06:55:51.326000,9.18787,9.18535,1000000,1000000
2020-10-28 06:55:51.427000,9.18738,9.18454,1000000,1500000
2020-10-28 06:55:51.527000,9.18728,9.18424,1000000,1000000
2020-10-28 06:55:51.578000,9.18718,9.18441,1000000,1000000
2020-10-28 06:55:51.628000,9.18727,9.18426,1000000,1000000
2020-10-28 06:55:51.830000,9.18707,9.18426,1000000,1000000
2020-10-28 06:55:51.931000,9.18698,9.18425,1000000,1000000
2020-10-28 06:55:51.981000,9.18708,9.18425,1000000,1000000
2020-10-28 06:55:52.032000,9.18688,9.18414,1000000,1000000
2020-10-28 06:55:52.133000,9.18677,9.18415,1000000,1000000
2020-10-28 06:55:52.392000,9.18698,9.18414,1000000,1000000
2020-10-28 06:55:53.470000,9.18708,9.18414,1000000,1000000
2020-10-28 06:55:53.571000,9.18717,9.18415,1000000,1000000
2020-10-28 06:55:53.982000,9.18738,9.18414,1000000,1000000
2020-10-28 06:55:54.108000,9.18768,9.18424,1000000,1000000
2020-10-28 06:55:54.209000,9.18805,9.18449,6000000,1000000
2020-10-28 06:55:54.309000,9.18805,9.18437,6000000,1000000
2020-10-28 06:55:54.410000,9.18804,9.18449,6000000,1000000
2020-10-28 06:55:54.461000,9.18804,9.18429,6000000,1000000
2020-10-28 06:55:54.561000,9.18798,9.184,1000000,1000000
2020-10-28 06:55:54.612000,9.18788,9.18385,1000000,1000000
2020-10-28 06:55:54.662000,9.18798,9.18405,1000000,1000000
2020-10-28 06:55:54.713000,9.18798,9.1839,1000000,1000000
2020-10-28 06:55:54.814000,9.18798,9.18408,1000000,1000000
2020-10-28 06:55:54.935000,9.18804,9.18409,6000000,1000000
2020-10-28 06:55:55.348000,9.18728,9.18408,1000000,1000000
2020-10-28 06:55:55.399000,9.18728,9.18405,1000000,1000000
2020-10-28 06:55:55.655000,9.18738,9.18405,1000000,1000000
2020-10-28 06:55:55.807000,9.18805,9.18405,6000000,1000000
2020-10-28 06:55:56.188000,9.18804,9.18433,6000000,1000000
2020-10-28 06:55:56.312000,9.18788,9.18402,1000000,1000000
2020-10-28 06:55:56.363000,9.18787,9.18424,1000000,1000000
2020-10-28 06:55:56.514000,9.18788,9.18451,1000000,1000000
2020-10-28 06:55:56.614000,9.18798,9.18451,1000000,1000000
2020-10-28 06:55:56.729000,9.18788,9.18451,1000000,1000000
2020-10-28 06:55:56.882000,9.18738,9.18433,1000000,1000000
2020-10-28 06:55:56.932000,9.18748,9.18427,1000000,1000000
2020-10-28 06:55:56.983000,9.18728,9.18372,1000000,1000000
2020-10-28 06:55:57.033000,9.18708,9.18372,1000000,1000000
2020-10-28 06:55:57.352000,9.18727,9.18373,1000000,1000000
2020-10-28 06:55:57.453000,9.18747,9.18386,1000000,1000000
2020-10-28 06:55:57.504000,9.18738,9.18385,1000000,1000000
2020-10-28 06:55:57.605000,9.18728,9.18385,1000000,1000000
2020-10-28 06:55:57.706000,9.18738,9.18385,1000000,1000000
2020-10-28 06:55:58.384000,9.18738,9.18381,1000000,1000000
2020-10-28 06:55:58.471000,9.18748,9.18381,1000000,1000000
2020-10-28 06:55:58.522000,9.18804,9.1842,1500000,1000000
2020-10-28 06:55:58.623000,9.18804,9.1842,1000000,1000000
2020-10-28 06:55:58.673000,9.18761,9.18387,1000000,1000000
2020-10-28 06:55:58.724000,9.18799,9.18392,1500000,1000000
2020-10-28 06:55:58.824000,9.18801,9.18378,1500000,1000000
2020-10-28 06:55:58.875000,9.18806,9.18371,2750000,1000000
2020-10-28 06:55:58.976000,9.18807,9.18356,2750000,1000000
2020-10-28 06:55:59.127000,9.18807,9.18359,2750000,1000000
2020-10-28 06:55:59.526000,9.18806,9.1836,2750000,1000000
2020-10-28 06:55:59.627000,9.18707,9.18328,1000000,1000000
2020-10-28 06:55:59.945000,9.18698,9.18327,1000000,1000000
2020-10-28 06:56:00.048000,9.18688,9.18327,1000000,1000000
2020-10-28 06:56:00.461000,9.18688,9.18341,1000000,1000000
2020-10-28 06:56:00.562000,9.18708,9.18341,1000000,1000000
2020-10-28 06:56:01.044000,9.18708,9.1837,1000000,1000000
2020-10-28 06:56:01.277000,9.18717,9.18371,1000000,1000000
2020-10-28 06:56:01.378000,9.18708,9.1837,1000000,1000000
2020-10-28 06:56:02.031000,9.18717,9.18371,1000000,1000000
2020-10-28 06:56:02.692000,9.18708,9.18382,1000000,1000000
2020-10-28 06:56:02.743000,9.18718,9.18382,1000000,1000000
2020-10-28 06:56:03.531000,9.18728,9.18382,1000000,1000000
2020-10-28 06:56:03.582000,9.18717,9.18383,1000000,1000000
2020-10-28 06:56:04.757000,9.18698,9.18382,1000000,1000000
2020-10-28 06:56:04.807000,9.18708,9.18382,1000000,1000000
2020-10-28 06:56:05.004000,9.18718,9.18382,1000000,1000000
2020-10-28 06:56:05.335000,9.18727,9.18383,1000000,1000000
2020-10-28 06:56:05.867000,9.18738,9.18382,1000000,1000000
2020-10-28 06:56:06.551000,9.18728,9.18382,1000000,1000000
2020-10-28 06:56:06.602000,9.18737,9.18383,1000000,1000000
2020-10-28 06:56:06.653000,9.18728,9.18382,1000000,1000000
2020-10-28 06:56:06.754000,9.18718,9.18382,1000000,1000000
2020-10-28 06:56:07.090000,9.18727,9.18383,1000000,1000000
2020-10-28 06:56:07.193000,9.18738,9.18382,1000000,1000000
2020-10-28 06:56:07.439000,9.18728,9.18382,1000000,1000000
2020-10-28 06:56:07.545000,9.18738,9.18382,1000000,1000000
2020-10-28 06:56:07.646000,9.18748,9.18382,1000000,1000000
2020-10-28 06:56:08.665000,9.18758,9.18389,1000000,1500000
2020-10-28 06:56:08.716000,9.18768,9.18411,1000000,1000000
2020-10-28 06:56:08.852000,9.18758,9.18411,1000000,1000000
2020-10-28 06:56:09.366000,9.18778,9.18411,1000000,1000000
2020-10-28 06:56:09.482000,9.18787,9.18412,1000000,1000000
2020-10-28 06:56:09.686000,9.18777,9.18412,1000000,1000000
2020-10-28 06:56:10.202000,9.18748,9.18411,1000000,1000000
2020-10-28 06:56:10.303000,9.18758,9.18411,1000000,1000000
2020-10-28 06:56:10.455000,9.18748,9.18411,1000000,1000000
2020-10-28 06:56:11.206000,9.18738,9.18411,1000000,1000000
2020-10-28 06:56:11.307000,9.18758,9.18411,1000000,1000000
2020-10-28 06:56:11.358000,9.18778,9.18411,1000000,1000000
2020-10-28 06:56:11.409000,9.18795,9.18444,1000000,1000000
2020-10-28 06:56:11.560000,9.18788,9.18444,1000000,1000000
2020-10-28 06:56:11.711000,9.18758,9.18444,1000000,1000000
2020-10-28 06:56:11.812000,9.18768,9.18444,1000000,1000000
2020-10-28 06:56:11.863000,9.18768,9.18423,1000000,1000000
2020-10-28 06:56:12.777000,9.18758,9.18423,1000000,1000000
2020-10-28 06:56:13.260000,9.18748,9.18423,1000000,1000000
2020-10-28 06:56:13.310000,9.18748,9.18407,1000000,1000000
2020-10-28 06:56:13.361000,9.18717,9.18408,1000000,1000000
2020-10-28 06:56:13.412000,9.18728,9.18407,1000000,1000000
2020-10-28 06:56:13.513000,9.18767,9.18381,1000000,1000000
2020-10-28 06:56:13.564000,9.18755,9.18381,1000000,1000000
2020-10-28 06:56:13.665000,9.18805,9.18408,6000000,1000000
2020-10-28 06:56:13.716000,9.18805,9.18387,6000000,1000000
2020-10-28 06:56:14.771000,9.18758,9.18368,1000000,1000000
2020-10-28 06:56:14.821000,9.18751,9.18355,1000000,1000000
2020-10-28 06:56:15.627000,9.18738,9.18354,1000000,1000000
2020-10-28 06:56:15.728000,9.1877,9.18379,1000000,1000000
2020-10-28 06:56:15.829000,9.18789,9.18358,1500000,1000000
2020-10-28 06:56:15.880000,9.18789,9.18358,1250000,1000000
2020-10-28 06:56:15.930000,9.18758,9.18358,1000000,1000000
2020-10-28 06:56:15.981000,9.18758,9.18342,1000000,1000000
2020-10-28 06:56:16.031000,9.18739,9.1835,1000000,1000000
2020-10-28 06:56:16.182000,9.18728,9.1835,1000000,1000000
2020-10-28 06:56:16.334000,9.18739,9.1835,1000000,1000000
2020-10-28 06:56:16.384000,9.18758,9.18376,1000000,1000000
2020-10-28 06:56:16.485000,9.18758,9.18375,1000000,1000000
2020-10-28 06:56:16.636000,9.18758,9.18374,1000000,1000000
2020-10-28 06:56:16.941000,9.18777,9.18389,1000000,1000000
2020-10-28 06:56:16.992000,9.18767,9.18389,1000000,1000000
2020-10-28 06:56:17.042000,9.18768,9.18365,1000000,1000000
2020-10-28 06:56:17.194000,9.18757,9.18366,1000000,1000000
2020-10-28 06:56:17.244000,9.18767,9.18366,1000000,1000000
2020-10-28 06:56:17.345000,9.18738,9.18332,1000000,1000000
2020-10-28 06:56:17.395000,9.18738,9.18357,1000000,1000000
2020-10-28 06:56:18.432000,9.18738,9.18385,1000000,1000000
2020-10-28 06:56:18.533000,9.18758,9.18385,1000000,1000000
2020-10-28 06:56:18.584000,9.18728,9.18405,1000000,1000000
2020-10-28 06:56:18.992000,9.18718,9.18405,1000000,1000000
2020-10-28 06:56:19.252000,9.18738,9.18405,1000000,1000000
2020-10-28 06:56:19.353000,9.18708,9.18405,1000000,1000000
2020-10-28 06:56:19.454000,9.18708,9.18387,1000000,1000000
2020-10-28 06:56:19.555000,9.18698,9.18387,1000000,1000000
2020-10-28 06:56:19.855000,9.18697,9.18369,1000000,1000000
2020-10-28 06:56:19.957000,9.18708,9.18368,1000000,1000000
2020-10-28 06:56:20.172000,9.18727,9.18369,1000000,1000000
2020-10-28 06:56:20.478000,9.18707,9.18369,1000000,1000000
2020-10-28 06:56:21.133000,9.18728,9.18368,1000000,1000000
2020-10-28 06:56:21.186000,9.18738,9.18368,1000000,1000000
2020-10-28 06:56:21.355000,9.18728,9.18368,1000000,1000000
2020-10-28 06:56:21.755000,9.18758,9.18368,1000000,1000000
2020-10-28 06:56:22.007000,9.18738,9.18373,1000000,1000000
2020-10-28 06:56:22.108000,9.18748,9.18373,1000000,1000000
2020-10-28 06:56:22.159000,9.18748,9.18355,1000000,1000000
2020-10-28 06:56:22.562000,9.18758,9.18355,1000000,1000000
2020-10-28 06:56:23.223000,9.18768,9.18355,1000000,1000000
2020-10-28 06:56:23.273000,9.18757,9.18376,1000000,1000000
2020-10-28 06:56:23.427000,9.18765,9.18375,1500000,1000000
2020-10-28 06:56:23.528000,9.18765,9.18398,1000000,1000000
2020-10-28 06:56:23.579000,9.18785,9.18398,1000000,1000000
2020-10-28 06:56:23.629000,9.18726,9.18365,1000000,1000000
2020-10-28 06:56:23.832000,9.1875,9.18346,1000000,1000000
2020-10-28 06:56:23.932000,9.18766,9.18328,1000000,1000000
2020-10-28 06:56:24.829000,9.18789,9.18322,1000000,1000000
2020-10-28 06:56:24.880000,9.18788,9.18322,1500000,1000000
2020-10-28 06:56:24.930000,9.18768,9.18315,1500000,1000000
2020-10-28 06:56:24.981000,9.18747,9.18307,1000000,1000000
2020-10-28 06:56:25.082000,9.18705,9.18275,1000000,1000000
2020-10-28 06:56:25.805000,9.18732,9.18297,1500000,1000000
2020-10-28 06:56:26.516000,9.18724,9.18308,1000000,1000000
2020-10-28 06:56:26.566000,9.18707,9.18282,1000000,1000000
2020-10-28 06:56:26.841000,9.18703,9.18312,1000000,1000000
2020-10-28 06:56:27.958000,9.18718,9.18329,1000000,1000000
2020-10-28 06:56:29.221000,9.18726,9.18354,1000000,1000000
2020-10-28 06:56:29.697000,9.18716,9.18358,1000000,1000000
2020-10-28 06:56:31.046000,9.18702,9.1837,1000000,1000000
2020-10-28 06:56:32.696000,9.18716,9.18382,1000000,1000000
2020-10-28 06:56:34.889000,9.18731,9.18398,1000000,1000000
2020-10-28 06:56:35.616000,9.18758,9.18413,1000000,1000000
2020-10-28 06:56:35.667000,9.18773,9.18417,1000000,1000000
2020-10-28 06:56:35.788000,9.18787,9.18426,1000000,1000000
2020-10-28 06:56:36.088000,9.18774,9.18412,1000000,1000000
2020-10-28 06:56:36.139000,9.18741,9.18403,1000000,1000000
2020-10-28 06:56:36.189000,9.18775,9.184,1000000,1000000
2020-10-28 06:56:36.243000,9.18791,9.18403,1000000,1000000
2020-10-28 06:56:36.344000,9.18785,9.18379,1000000,1000000
2020-10-28 06:56:36.395000,9.18757,9.18376,1000000,1000000
2020-10-28 06:56:36.496000,9.18749,9.18389,1000000,1000000
2020-10-28 06:56:37.011000,9.18801,9.18364,1500000,1000000
2020-10-28 06:56:37.111000,9.18801,9.18364,1000000,1000000
2020-10-28 06:56:37.452000,9.18782,9.18356,1000000,1000000
2020-10-28 06:56:37.604000,9.18758,9.18356,1000000,1000000
2020-10-28 06:56:37.755000,9.18756,9.18389,1000000,1000000
2020-10-28 06:56:38.242000,9.18743,9.18356,1000000,1000000
2020-10-28 06:56:38.710000,9.18715,9.1834,1000000,1000000
2020-10-28 06:56:39.024000,9.18682,9.18324,1000000,1000000
2020-10-28 06:56:40.473000,9.1867,9.18325,1000000,1000000
2020-10-28 06:56:41.807000,9.18656,9.18308,1000000,1000000
2020-10-28 06:56:45.115000,9.18655,9.18308,1000000,1000000
2020-10-28 06:56:45.475000,9.18662,9.1833,1000000,1000000
2020-10-28 06:56:49.533000,9.18664,9.18332,1000000,1000000
2020-10-28 06:56:49.634000,9.1868,9.18349,1000000,1000000
2020-10-28 06:56:49.887000,9.1867,9.18338,1000000,1000000
2020-10-28 06:56:53.099000,9.18668,9.18338,1000000,1000000
2020-10-28 06:56:53.847000,9.18672,9.18353,1000000,1000000
2020-10-28 06:56:53.948000,9.1869,9.18359,1000000,1000000
2020-10-28 06:56:53.999000,9.18686,9.1833,1000000,1000000
2020-10-28 06:56:54.050000,9.18687,9.18304,1000000,1000000
2020-10-28 06:56:54.101000,9.187,9.18296,1000000,1000000
2020-10-28 06:56:54.252000,9.18702,9.18304,1000000,1000000
2020-10-28 06:56:54.504000,9.18657,9.18305,1000000,1000000
2020-10-28 06:56:54.555000,9.18647,9.18281,1000000,1000000
2020-10-28 06:56:54.606000,9.18672,9.18291,1000000,1000000
2020-10-28 06:56:54.868000,9.18693,9.18251,1000000,1500000
2020-10-28 06:56:54.919000,9.18707,9.18255,1000000,1000000
2020-10-28 06:56:54.969000,9.18718,9.18298,1000000,1000000
2020-10-28 06:56:55.020000,9.18718,9.18258,1000000,1500000
2020-10-28 06:56:55.121000,9.18718,9.18258,1000000,1000000
2020-10-28 06:56:55.171000,9.18708,9.18258,1000000,1000000
2020-10-28 06:56:55.389000,9.18707,9.18248,1000000,1000000
2020-10-28 06:56:55.654000,9.18678,9.18247,1000000,1000000
2020-10-28 06:56:55.721000,9.18678,9.18222,1000000,1000000
2020-10-28 06:56:55.772000,9.18678,9.1822,1000000,1000000
2020-10-28 06:56:55.873000,9.18678,9.18219,1000000,1000000
2020-10-28 06:56:55.923000,9.18668,9.18219,1000000,1000000
2020-10-28 06:56:56.052000,9.18648,9.18219,1000000,1000000
2020-10-28 06:56:56.203000,9.18638,9.18219,1000000,1000000
2020-10-28 06:56:56.388000,9.18608,9.18219,1000000,1000000
2020-10-28 06:56:56.511000,9.18608,9.18198,1000000,1000000
2020-10-28 06:56:56.662000,9.18618,9.18198,1000000,1000000
2020-10-28 06:56:56.713000,9.18618,9.18231,1000000,1000000
2020-10-28 06:56:57.230000,9.18628,9.18231,1000000,1000000
2020-10-28 06:56:57.445000,9.18628,9.18249,1000000,1000000
2020-10-28 06:56:57.772000,9.18638,9.18249,1000000,1000000
2020-10-28 06:56:57.822000,9.18628,9.18249,1000000,1000000
2020-10-28 06:56:57.979000,9.18648,9.18249,1000000,1000000
2020-10-28 06:56:58.080000,9.18667,9.1825,1000000,1000000
2020-10-28 06:56:59.223000,9.1867,9.18249,1000000,1000000
2020-10-28 06:56:59.324000,9.18648,9.18249,1000000,1000000
2020-10-28 06:56:59.770000,9.18658,9.18249,1000000,1000000
2020-10-28 06:56:59.821000,9.18668,9.18249,1000000,1000000
2020-10-28 06:56:59.872000,9.18669,9.1825,1000000,1000000
2020-10-28 06:57:00.309000,9.18678,9.18288,1000000,1000000
2020-10-28 06:57:00.410000,9.18673,9.18255,1000000,1000000
2020-10-28 06:57:00.511000,9.18678,9.18287,1000000,1000000
2020-10-28 06:57:00.612000,9.18678,9.18288,1000000,1000000
2020-10-28 06:57:00.781000,9.18678,9.18287,1000000,1000000
2020-10-28 06:57:00.832000,9.18668,9.18264,1000000,1000000
2020-10-28 06:57:00.933000,9.18658,9.1825,1000000,1000000
2020-10-28 06:57:00.984000,9.18664,9.1825,1000000,1000000
2020-10-28 06:57:01.034000,9.18668,9.18281,1000000,1000000
2020-10-28 06:57:01.085000,9.18676,9.18281,1000000,1000000
2020-10-28 06:57:01.242000,9.18681,9.18255,1000000,1000000
2020-10-28 06:57:01.293000,9.18681,9.18322,1000000,1000000
2020-10-28 06:57:01.453000,9.18662,9.18322,1000000,1000000
2020-10-28 06:57:01.565000,9.18639,9.18312,1000000,1000000
2020-10-28 06:57:01.831000,9.18645,9.18312,1000000,1000000
2020-10-28 06:57:01.882000,9.18645,9.18322,1000000,1000000
2020-10-28 06:57:01.983000,9.18638,9.18312,1000000,1000000
2020-10-28 06:57:02.134000,9.18652,9.18292,1000000,1000000
2020-10-28 06:57:02.206000,9.18651,9.18313,1000000,1000000
2020-10-28 06:57:02.256000,9.18678,9.18312,1000000,1000000
2020-10-28 06:57:02.592000,9.18677,9.18303,1000000,1000000
2020-10-28 06:57:03.184000,9.18678,9.18312,1000000,1000000
2020-10-28 06:57:03.304000,9.18678,9.18292,1000000,1000000
2020-10-28 06:57:03.781000,9.18677,9.18283,1000000,1000000
2020-10-28 06:57:04.387000,9.18664,9.18282,1000000,1000000
2020-10-28 06:57:04.781000,9.18664,9.18272,1000000,1000000
2020-10-28 06:57:05.348000,9.18664,9.18292,1000000,1000000
2020-10-28 06:57:05.811000,9.18664,9.18282,1000000,1000000
2020-10-28 06:57:05.912000,9.18664,9.18252,1000000,1000000
2020-10-28 06:57:05.963000,9.18664,9.18262,1000000,1000000
2020-10-28 06:57:06.145000,9.18663,9.18283,1000000,1000000
2020-10-28 06:57:06.246000,9.18664,9.18302,1000000,1000000
2020-10-28 06:57:06.347000,9.18664,9.18312,1000000,1000000
2020-10-28 06:57:06.398000,9.18664,9.18302,1000000,1000000
2020-10-28 06:57:06.448000,9.18664,9.18312,1000000,1000000
2020-10-28 06:57:06.549000,9.18664,9.18272,1000000,1000000
2020-10-28 06:57:06.599000,9.18664,9.18282,1000000,1000000
2020-10-28 06:57:06.917000,9.18691,9.18282,1000000,1000000
2020-10-28 06:57:06.968000,9.18691,9.18272,1000000,1000000
2020-10-28 06:57:07.593000,9.18669,9.18272,1000000,1000000
2020-10-28 06:57:07.795000,9.18669,9.18282,1000000,1000000
2020-10-28 06:57:07.902000,9.18668,9.18293,1000000,1000000
2020-10-28 06:57:08.021000,9.18669,9.18302,1000000,1000000
2020-10-28 06:57:09.063000,9.18669,9.18272,1000000,1000000
2020-10-28 06:57:09.482000,9.18633,9.18272,1000000,1000000
2020-10-28 06:57:09.533000,9.18633,9.18262,1000000,1000000
2020-10-28 06:57:10.021000,9.18632,9.18253,1000000,1000000
2020-10-28 06:57:10.143000,9.18633,9.18232,1000000,1000000
2020-10-28 06:57:11.022000,9.18633,9.18242,1000000,1000000
2020-10-28 06:57:11.174000,9.18638,9.18253,1000000,1000000
2020-10-28 06:57:11.893000,9.18638,9.18225,1000000,1000000
2020-10-28 06:57:11.944000,9.18637,9.1821,1000000,1000000
2020-10-28 06:57:12.774000,9.18646,9.18223,1000000,1000000
2020-10-28 06:57:13.469000,9.18631,9.18249,1000000,1000000
2020-10-28 06:57:14.175000,9.18639,9.18264,1000000,1000000
2020-10-28 06:57:14.744000,9.18661,9.18287,1000000,1000000
2020-10-28 06:57:14.896000,9.18687,9.18285,1000000,1000000
2020-10-28 06:57:14.947000,9.18726,9.1829,1000000,1000000
2020-10-28 06:57:15.505000,9.18738,9.1827,1000000,1500000
2020-10-28 06:57:15.606000,9.18738,9.1827,1000000,1000000
2020-10-28 06:57:15.657000,9.18752,9.1827,1000000,1000000
2020-10-28 06:57:15.707000,9.18751,9.18308,1000000,1000000
2020-10-28 06:57:15.808000,9.18751,9.18289,1000000,1000000
2020-10-28 06:57:16.571000,9.18738,9.18289,1370000,1000000
2020-10-28 06:57:16.672000,9.18688,9.18275,1000000,1000000
2020-10-28 06:57:16.774000,9.18651,9.18269,1000000,1000000
2020-10-28 06:57:17.162000,9.1865,9.18279,1000000,1000000
2020-10-28 06:57:17.741000,9.18667,9.18304,1000000,1000000
2020-10-28 06:57:17.791000,9.18688,9.18319,1000000,1000000
2020-10-28 06:57:17.842000,9.18717,9.18337,1000000,1000000
2020-10-28 06:57:17.892000,9.18682,9.18315,1000000,1000000
2020-10-28 06:57:17.943000,9.18721,9.18304,1000000,1000000
2020-10-28 06:57:18.048000,9.18722,9.18289,1000000,1000000
2020-10-28 06:57:18.099000,9.18718,9.1827,1000000,1000000
2020-10-28 06:57:18.637000,9.18745,9.18271,1000000,1000000
2020-10-28 06:57:18.738000,9.1877,9.18275,1000000,1000000
2020-10-28 06:57:18.788000,9.18782,9.18305,1500000,1000000
2020-10-28 06:57:18.889000,9.18717,9.18306,1000000,1000000
2020-10-28 06:57:18.939000,9.18718,9.18282,1000000,1000000
2020-10-28 06:57:19.191000,9.18698,9.18282,1000000,1000000
2020-10-28 06:57:19.297000,9.18698,9.18299,1000000,1000000
2020-10-28 06:57:19.398000,9.18698,9.18285,1000000,1000000
2020-10-28 06:57:19.678000,9.18718,9.18285,1000000,1000000
2020-10-28 06:57:19.728000,9.18728,9.18321,1000000,1000000
2020-10-28 06:57:19.879000,9.18718,9.18321,1000000,1000000
2020-10-28 06:57:20.337000,9.18708,9.18321,1000000,1000000
2020-10-28 06:57:20.493000,9.18708,9.18311,1000000,1000000
2020-10-28 06:57:20.917000,9.18718,9.18311,1000000,1000000
2020-10-28 06:57:21.059000,9.18708,9.18289,1000000,1000000
2020-10-28 06:57:21.109000,9.18707,9.18301,1000000,1000000
2020-10-28 06:57:21.373000,9.18697,9.18301,1000000,1000000
2020-10-28 06:57:21.424000,9.18711,9.18301,1000000,1000000
2020-10-28 06:57:21.891000,9.18708,9.183,1000000,1000000
2020-10-28 06:57:21.942000,9.18712,9.183,1000000,1000000
2020-10-28 06:57:22.042000,9.18698,9.183,1000000,1000000
2020-10-28 06:57:22.747000,9.18708,9.183,1000000,1000000
2020-10-28 06:57:23.285000,9.18712,9.183,1000000,1000000
2020-10-28 06:57:23.385000,9.1871,9.18314,1000000,1000000
2020-10-28 06:57:26.224000,9.1871,9.18325,1000000,1000000
2020-10-28 06:57:26.325000,9.18717,9.18341,1000000,1000000
2020-10-28 06:57:26.527000,9.18708,9.18341,1000000,1000000
2020-10-28 06:57:26.577000,9.18708,9.18326,1000000,1000000
2020-10-28 06:57:27.087000,9.18698,9.18326,1000000,1000000
2020-10-28 06:57:27.188000,9.18708,9.18326,1000000,1000000
2020-10-28 06:57:27.239000,9.1871,9.18326,1000000,1000000
2020-10-28 06:57:29.828000,9.18701,9.18336,1000000,1000000
2020-10-28 06:57:34.289000,9.18688,9.18289,1000000,1000000
2020-10-28 06:57:34.390000,9.18673,9.1826,1000000,1000000
2020-10-28 06:57:35.352000,9.18689,9.18258,1000000,1000000
2020-10-28 06:57:35.616000,9.18635,9.18246,1000000,1000000
2020-10-28 06:57:35.667000,9.18636,9.18235,1000000,1000000
2020-10-28 06:57:36.731000,9.18632,9.18251,1000000,1000000
2020-10-28 06:57:37.607000,9.18632,9.18264,1000000,1000000
2020-10-28 06:57:37.731000,9.18651,9.18262,1000000,1000000
2020-10-28 06:57:37.840000,9.1866,9.18259,1000000,1000000
2020-10-28 06:57:37.994000,9.18664,9.18273,1000000,1000000
2020-10-28 06:57:38.883000,9.18678,9.18302,1000000,1000000
2020-10-28 06:57:38.984000,9.18677,9.18322,1000000,1000000
2020-10-28 06:57:39.084000,9.18706,9.18352,1000000,1000000
2020-10-28 06:57:39.135000,9.18697,9.18344,1000000,1000000
2020-10-28 06:57:39.286000,9.18705,9.18333,1000000,1000000
2020-10-28 06:57:39.387000,9.18707,9.18312,1000000,1000000
2020-10-28 06:57:39.588000,9.18704,9.18288,1000000,1000000
2020-10-28 06:57:39.639000,9.18704,9.18275,1000000,1000000
2020-10-28 06:57:39.740000,9.18696,9.1823,1000000,1000000
2020-10-28 06:57:39.841000,9.18711,9.18238,1000000,1000000
2020-10-28 06:57:39.891000,9.18675,9.18227,1000000,1000000
2020-10-28 06:57:39.992000,9.18674,9.18275,1000000,1000000
2020-10-28 06:57:40.429000,9.18675,9.183,1000000,1000000
2020-10-28 06:57:40.530000,9.18616,9.18278,1000000,1000000
2020-10-28 06:57:40.649000,9.18619,9.18293,1000000,1000000
2020-10-28 06:57:40.699000,9.18608,9.18275,1000000,1000000
2020-10-28 06:57:40.900000,9.18625,9.18292,1000000,1000000
2020-10-28 06:57:41.102000,9.18673,9.18336,1500000,1000000
2020-10-28 06:57:41.203000,9.18673,9.18336,1000000,1000000
2020-10-28 06:57:41.840000,9.18708,9.18359,1000000,1000000
2020-10-28 06:57:41.941000,9.18774,9.18369,1000000,1000000
2020-10-28 06:57:41.992000,9.18732,9.18339,1000000,1000000
2020-10-28 06:57:42.244000,9.18751,9.18351,1000000,1000000
2020-10-28 06:57:42.569000,9.18739,9.18348,1000000,1000000
2020-10-28 06:57:42.872000,9.18752,9.18375,1000000,1000000
2020-10-28 06:57:42.973000,9.1876,9.1839,1000000,1000000
2020-10-28 06:57:43.023000,9.18797,9.18396,1000000,1000000
2020-10-28 06:57:43.074000,9.18797,9.18413,1000000,1000000
2020-10-28 06:57:43.124000,9.188,9.184,1000000,1000000
2020-10-28 06:57:43.175000,9.18805,9.18404,6750000,1000000
2020-10-28 06:57:43.276000,9.18785,9.1837,1000000,1000000
2020-10-28 06:57:43.327000,9.1877,9.18358,1000000,1000000
2020-10-28 06:57:43.428000,9.1874,9.18359,1000000,1000000
2020-10-28 06:57:43.529000,9.18727,9.18329,1000000,1000000
2020-10-28 06:57:43.781000,9.18733,9.18343,1000000,1000000
2020-10-28 06:57:44.807000,9.18753,9.18368,1000000,1000000
2020-10-28 06:57:44.908000,9.18754,9.18381,1000000,1000000
2020-10-28 06:57:45.421000,9.18751,9.1838,1000000,1000000
2020-10-28 06:57:46.233000,9.18766,9.18399,1000000,1000000
2020-10-28 06:57:46.667000,9.18762,9.18363,1000000,1000000
2020-10-28 06:57:46.718000,9.18783,9.18407,1000000,1000000
2020-10-28 06:57:46.869000,9.18738,9.18382,1000000,1000000
2020-10-28 06:57:47.589000,9.18729,9.18373,1000000,1000000
2020-10-28 06:57:47.690000,9.18736,9.18389,1000000,1000000
2020-10-28 06:57:48.334000,9.18729,9.184,1000000,1000000
2020-10-28 06:57:50.227000,9.18728,9.184,1000000,1000000
2020-10-28 06:57:50.328000,9.18697,9.18374,1000000,1000000
2020-10-28 06:57:50.513000,9.18677,9.18359,1000000,1000000
2020-10-28 06:57:50.664000,9.18676,9.18346,1000000,1000000
2020-10-28 06:57:50.715000,9.18706,9.18326,1000000,1500000
2020-10-28 06:57:50.765000,9.18708,9.18336,1000000,1000000
2020-10-28 06:57:50.866000,9.18723,9.18359,1000000,1000000
2020-10-28 06:57:51.132000,9.18726,9.1834,1000000,1000000
2020-10-28 06:57:51.233000,9.18729,9.18353,1000000,1000000
2020-10-28 06:57:51.628000,9.18698,9.18352,1000000,1000000
2020-10-28 06:57:52.023000,9.18707,9.18353,1000000,1000000
2020-10-28 06:57:52.125000,9.18706,9.18345,1000000,1000000
2020-10-28 06:57:52.175000,9.18698,9.18345,1000000,1000000
2020-10-28 06:57:52.415000,9.18688,9.18345,1000000,1000000
2020-10-28 06:57:52.516000,9.18687,9.18358,1000000,1000000
2020-10-28 06:57:53.362000,9.18698,9.18357,1000000,1000000
2020-10-28 06:57:54.563000,9.18688,9.18357,1000000,1000000
2020-10-28 06:57:54.715000,9.18705,9.18357,1000000,1000000
2020-10-28 06:57:54.766000,9.18689,9.18357,1000000,1000000
2020-10-28 06:57:58.524000,9.18706,9.18368,1000000,1000000
2020-10-28 06:57:58.826000,9.18727,9.18389,1000000,1000000
2020-10-28 06:57:58.977000,9.18738,9.18404,1000000,1000000
2020-10-28 06:57:59.142000,9.18727,9.18348,1000000,1120000
2020-10-28 06:57:59.243000,9.18724,9.18313,1000000,1000000
2020-10-28 06:57:59.344000,9.18723,9.18327,1000000,1000000
2020-10-28 06:57:59.495000,9.18695,9.18293,1000000,1000000
2020-10-28 06:57:59.596000,9.18701,9.18318,1000000,1000000
2020-10-28 06:57:59.646000,9.18695,9.18292,1000000,1500000
2020-10-28 06:57:59.747000,9.18692,9.18305,1000000,1000000
2020-10-28 06:57:59.848000,9.18693,9.18292,1000000,1000000
2020-10-28 06:57:59.949000,9.18678,9.18301,1000000,1000000
2020-10-28 06:58:00.410000,9.18662,9.18295,1000000,1000000
2020-10-28 06:58:01.599000,9.18655,9.18308,1000000,1000000
2020-10-28 06:58:02.503000,9.18664,9.18323,1000000,1000000
2020-10-28 06:58:02.946000,9.18647,9.18306,1000000,1000000
2020-10-28 06:58:03.047000,9.18689,9.18361,1000000,1000000
2020-10-28 06:58:03.097000,9.18722,9.18341,1500000,1000000
2020-10-28 06:58:03.148000,9.18705,9.18341,1000000,1000000
2020-10-28 06:58:03.249000,9.18743,9.18353,1000000,1000000
2020-10-28 06:58:03.299000,9.18805,9.18401,6250000,1000000
2020-10-28 06:58:03.350000,9.18805,9.18353,6250000,1500000
2020-10-28 06:58:03.400000,9.18805,9.18373,6250000,1000000
2020-10-28 06:58:03.504000,9.18782,9.18324,1000000,1500000
2020-10-28 06:58:03.555000,9.18783,9.18323,1000000,1000000
2020-10-28 06:58:03.605000,9.18784,9.18375,1000000,1000000
2020-10-28 06:58:03.757000,9.18786,9.1836,1000000,1000000
2020-10-28 06:58:03.857000,9.1876,9.18381,1000000,1000000
2020-10-28 06:58:03.958000,9.18735,9.18368,1000000,1000000
2020-10-28 06:58:04.059000,9.18739,9.18386,1000000,1000000
2020-10-28 06:58:04.160000,9.18728,9.18354,1000000,1000000
2020-10-28 06:58:04.210000,9.18733,9.18374,1000000,1000000
2020-10-28 06:58:04.261000,9.18729,9.18317,1000000,1000000
2020-10-28 06:58:04.312000,9.18738,9.18321,1000000,1000000
2020-10-28 06:58:04.363000,9.18707,9.18347,1000000,1000000
2020-10-28 06:58:04.464000,9.18703,9.18348,1000000,1000000
2020-10-28 06:58:04.565000,9.18684,9.18315,1000000,1000000
2020-10-28 06:58:04.669000,9.18718,9.18337,1000000,1000000
2020-10-28 06:58:04.720000,9.18717,9.18344,1000000,1000000
2020-10-28 06:58:04.871000,9.18718,9.18367,1000000,1000000
2020-10-28 06:58:04.972000,9.18717,9.18358,1000000,1000000
2020-10-28 06:58:05.022000,9.18708,9.18357,1000000,1000000
2020-10-28 06:58:05.123000,9.18727,9.18369,1000000,1000000
2020-10-28 06:58:05.174000,9.18738,9.18368,1000000,1000000
2020-10-28 06:58:05.307000,9.18738,9.18374,1000000,1000000
2020-10-28 06:58:07.190000,9.18721,9.18368,1000000,1000000
2020-10-28 06:58:10.793000,9.18723,9.18384,1000000,1000000
2020-10-28 06:58:10.903000,9.18737,9.18393,1000000,1000000
2020-10-28 06:58:11.393000,9.18738,9.18397,1000000,1000000
2020-10-28 06:58:11.494000,9.18747,9.18397,1000000,1000000
2020-10-28 06:58:11.595000,9.18728,9.18397,1000000,1000000
2020-10-28 06:58:11.746000,9.18728,9.18393,1000000,1000000
2020-10-28 06:58:11.948000,9.18738,9.18393,1000000,1000000
2020-10-28 06:58:12.049000,9.18748,9.18408,1000000,1000000
2020-10-28 06:58:12.099000,9.18757,9.18409,1000000,1000000
2020-10-28 06:58:12.294000,9.18747,9.18409,1000000,1000000
2020-10-28 06:58:12.624000,9.18738,9.18408,1000000,1000000
2020-10-28 06:58:12.854000,9.18748,9.18408,1000000,1000000
2020-10-28 06:58:13.106000,9.18738,9.18408,1000000,1000000
2020-10-28 06:58:13.376000,9.18764,9.18408,1000000,1000000
2020-10-28 06:58:13.528000,9.18779,9.18431,1000000,1000000
2020-10-28 06:58:13.680000,9.18758,9.1843,1000000,1000000
2020-10-28 06:58:13.730000,9.1878,9.1843,1000000,1000000
2020-10-28 06:58:13.882000,9.18805,9.18416,6000000,1000000
2020-10-28 06:58:13.982000,9.18804,9.18414,6250000,1000000
2020-10-28 06:58:14.083000,9.18805,9.18436,6250000,1000000
2020-10-28 06:58:14.134000,9.18805,9.18436,6000000,1000000
2020-10-28 06:58:14.235000,9.18805,9.18383,6250000,1000000
2020-10-28 06:58:14.335000,9.18748,9.18374,1000000,1000000
2020-10-28 06:58:14.436000,9.18756,9.18374,1000000,1000000
2020-10-28 06:58:14.487000,9.18775,9.1839,1000000,1000000
2020-10-28 06:58:14.588000,9.18773,9.18375,1000000,1250000
2020-10-28 06:58:14.688000,9.18805,9.18353,6250000,1000000
2020-10-28 06:58:14.840000,9.18805,9.1834,6250000,1000000
2020-10-28 06:58:14.941000,9.18804,9.18403,6250000,1000000
2020-10-28 06:58:14.991000,9.18801,9.18394,1250000,1000000
2020-10-28 06:58:15.093000,9.18804,9.18414,1250000,1000000
2020-10-28 06:58:15.560000,9.18777,9.18401,1000000,1250000
2020-10-28 06:58:15.611000,9.18777,9.18399,1000000,1000000
2020-10-28 06:58:15.764000,9.18754,9.18386,1000000,1250000
2020-10-28 06:58:16.302000,9.18801,9.18432,1250000,1000000
2020-10-28 06:58:16.403000,9.18791,9.1844,1250000,1000000
2020-10-28 06:58:16.504000,9.18805,9.18461,6000000,1000000
2020-10-28 06:58:16.605000,9.18805,9.18493,6000000,1000000
2020-10-28 06:58:16.655000,9.18805,9.1849,6000000,1000000
2020-10-28 06:58:16.706000,9.18805,9.18512,5620000,1000000
2020-10-28 06:58:16.756000,9.18805,9.18475,5620000,1000000
2020-10-28 06:58:16.807000,9.18805,9.18486,5620000,1000000
2020-10-28 06:58:16.908000,9.18804,9.18505,5620000,1000000
2020-10-28 06:58:17.009000,9.18805,9.18487,5620000,1000000
2020-10-28 06:58:17.160000,9.18805,9.18501,5620000,1000000
2020-10-28 06:58:17.210000,9.18805,9.18496,5620000,1000000
2020-10-28 06:58:17.412000,9.18805,9.18492,5620000,1000000
2020-10-28 06:58:17.513000,9.18805,9.18474,5620000,1000000
2020-10-28 06:58:17.563000,9.18805,9.18486,5620000,1000000
2020-10-28 06:58:17.614000,9.18801,9.18452,1000000,1000000
2020-10-28 06:58:17.665000,9.18798,9.18425,1000000,1000000
2020-10-28 06:58:17.917000,9.18834,9.18424,1000000,1000000
2020-10-28 06:58:17.968000,9.18844,9.18406,1000000,1000000
2020-10-28 06:58:18.019000,9.18844,9.18414,1000000,1000000
2020-10-28 06:58:18.120000,9.18805,9.18414,2250000,1000000
2020-10-28 06:58:18.171000,9.18805,9.18411,2250000,1000000
2020-10-28 06:58:18.222000,9.18802,9.18413,1000000,1000000
2020-10-28 06:58:18.424000,9.18787,9.18416,1000000,1000000
2020-10-28 06:58:18.525000,9.18785,9.18395,1000000,1000000
2020-10-28 06:58:18.701000,9.18803,9.18414,1000000,1000000
2020-10-28 06:58:18.904000,9.18805,9.18437,2250000,1000000
2020-10-28 06:58:19.032000,9.18805,9.18454,2250000,1000000
2020-10-28 06:58:19.083000,9.18804,9.18436,2250000,1000000
2020-10-28 06:58:19.133000,9.18794,9.1843,1000000,1000000
2020-10-28 06:58:19.285000,9.18773,9.18415,1000000,1000000
2020-10-28 06:58:19.638000,9.18773,9.18406,1000000,1000000
2020-10-28 06:58:19.789000,9.18788,9.1842,1000000,1000000
2020-10-28 06:58:20.140000,9.18788,9.18435,1000000,1000000
2020-10-28 06:58:20.443000,9.18793,9.18451,1000000,1000000
2020-10-28 06:58:21.591000,9.18802,9.18466,1000000,1000000
2020-10-28 06:58:22.497000,9.1879,9.18468,1000000,1000000
2020-10-28 06:58:22.598000,9.18798,9.18484,1000000,1000000
2020-10-28 06:58:22.700000,9.18805,9.18507,2250000,1000000
2020-10-28 06:58:23.666000,9.18805,9.18501,2250000,1000000
2020-10-28 06:58:23.717000,9.18805,9.18558,2250000,1000000
2020-10-28 06:58:23.818000,9.18805,9.18554,2250000,1000000
2020-10-28 06:58:23.868000,9.18804,9.18565,2250000,1000000
2020-10-28 06:58:23.919000,9.18805,9.18529,1800000,1000000
2020-10-28 06:58:24.020000,9.18805,9.18495,1050000,1000000
2020-10-28 06:58:24.121000,9.18805,9.18451,1050000,1000000
2020-10-28 06:58:24.222000,9.18804,9.18412,1050000,1000000
2020-10-28 06:58:24.273000,9.18804,9.18414,1050000,1000000
2020-10-28 06:58:24.374000,9.18805,9.18463,1050000,1000000
2020-10-28 06:58:24.858000,9.18805,9.18456,1050000,1000000
2020-10-28 06:58:24.959000,9.18781,9.18427,1000000,1000000
2020-10-28 06:58:25.010000,9.18774,9.18372,1000000,1000000
2020-10-28 06:58:25.061000,9.18761,9.18381,1000000,1000000
2020-10-28 06:58:25.449000,9.18787,9.18462,1000000,1000000
2020-10-28 06:58:25.558000,9.18804,9.18461,1550000,1000000
2020-10-28 06:58:25.609000,9.18805,9.18444,1050000,1000000
2020-10-28 06:58:25.710000,9.18805,9.18427,1050000,1000000
2020-10-28 06:58:25.761000,9.18804,9.18413,1050000,1000000
2020-10-28 06:58:25.811000,9.18804,9.18445,1050000,1000000
2020-10-28 06:58:25.862000,9.18805,9.18417,1050000,1000000
2020-10-28 06:58:25.963000,9.18805,9.18437,1050000,1000000
2020-10-28 06:58:26.064000,9.18805,9.18415,1050000,1000000
2020-10-28 06:58:26.117000,9.18782,9.18379,1000000,1500000
2020-10-28 06:58:26.168000,9.18787,9.18397,1000000,1000000
2020-10-28 06:58:26.420000,9.18787,9.18401,1000000,1000000
2020-10-28 06:58:26.819000,9.18776,9.18417,1000000,1000000
2020-10-28 06:58:27.449000,9.18757,9.18396,1000000,1000000
2020-10-28 06:58:27.797000,9.18758,9.18408,1000000,1000000
2020-10-28 06:58:29.141000,9.18777,9.1843,1000000,1000000
2020-10-28 06:58:29.293000,9.18797,9.18449,1000000,1000000
2020-10-28 06:58:29.394000,9.18805,9.18417,1050000,1000000
2020-10-28 06:58:29.495000,9.18805,9.18401,1050000,1000000
2020-10-28 06:58:29.596000,9.18804,9.18392,1050000,1000000
2020-10-28 06:58:29.646000,9.18805,9.18423,1050000,1000000
2020-10-28 06:58:30.316000,9.1879,9.18406,1000000,1000000
2020-10-28 06:58:30.719000,9.18766,9.18381,1000000,1000000
2020-10-28 06:58:31.174000,9.18781,9.18399,1000000,1000000
2020-10-28 06:58:31.497000,9.18781,9.18573,1000000,1000000
2020-10-28 06:58:31.548000,9.1878,9.18494,1000000,1500000
2020-10-28 06:58:31.648000,9.18781,9.18399,1000000,1000000
2020-10-28 06:58:31.951000,9.18788,9.18423,1000000,1000000
2020-10-28 06:58:32.958000,9.18775,9.18417,1000000,1000000
2020-10-28 06:58:33.879000,9.18792,9.18432,1000000,1000000
2020-10-28 06:58:35.753000,9.18776,9.18416,1000000,1000000
2020-10-28 06:58:35.905000,9.1876,9.1839,1000000,1000000
2020-10-28 06:58:35.955000,9.18738,9.18381,1000000,1000000
2020-10-28 06:58:36.006000,9.18758,9.1839,1000000,1000000
2020-10-28 06:58:36.057000,9.1876,9.1839,1000000,1000000
2020-10-28 06:58:36.108000,9.18758,9.1839,1000000,1000000
2020-10-28 06:58:36.210000,9.18748,9.1839,1000000,1000000
2020-10-28 06:58:36.311000,9.18751,9.18376,1000000,1000000
2020-10-28 06:58:36.362000,9.18739,9.1838,1000000,1000000
2020-10-28 06:58:37.307000,9.18712,9.18369,1000000,1000000
2020-10-28 06:58:39.457000,9.18693,9.18354,1000000,1000000
2020-10-28 06:58:39.558000,9.18699,9.18372,1000000,1000000
2020-10-28 06:58:39.760000,9.18722,9.18365,1000000,1000000
2020-10-28 06:58:40.682000,9.18724,9.18366,1000000,1000000
2020-10-28 06:58:40.834000,9.18759,9.18376,1000000,1000000
2020-10-28 06:58:41.104000,9.18788,9.18399,1000000,1000000
2020-10-28 06:58:41.691000,9.18794,9.18413,1000000,1000000
2020-10-28 06:58:41.792000,9.18781,9.18421,1000000,1000000
2020-10-28 06:58:42.053000,9.18797,9.18437,1300000,1000000
2020-10-28 06:58:42.312000,9.18797,9.18437,1000000,1000000
2020-10-28 06:58:42.363000,9.18794,9.18424,1000000,1000000
2020-10-28 06:58:42.413000,9.18793,9.18438,1000000,1000000
2020-10-28 06:58:42.464000,9.18803,9.18397,1000000,1500000
2020-10-28 06:58:42.565000,9.18801,9.18383,1000000,1000000
2020-10-28 06:58:42.960000,9.18801,9.18383,1300000,1000000
2020-10-28 06:58:43.061000,9.18794,9.18361,1000000,1000000
2020-10-28 06:58:43.111000,9.18788,9.18401,1000000,1000000
2020-10-28 06:58:43.162000,9.18787,9.18385,1000000,1000000
2020-10-28 06:58:44.178000,9.18773,9.18382,1000000,1100000
2020-10-28 06:58:44.548000,9.18773,9.18381,1000000,1000000
2020-10-28 06:58:44.650000,9.18743,9.18354,1000000,1000000
2020-10-28 06:58:44.852000,9.187,9.18344,1000000,1000000
2020-10-28 06:58:45.181000,9.18689,9.18335,1000000,1000000
2020-10-28 06:58:47.105000,9.18696,9.18351,1000000,1000000
2020-10-28 06:58:47.811000,9.18681,9.18335,1000000,1000000
2020-10-28 06:58:49.353000,9.18682,9.18353,1000000,1000000
2020-10-28 06:58:49.592000,9.18678,9.18353,1000000,1000000
2020-10-28 06:58:49.927000,9.18668,9.18353,1000000,1000000
2020-10-28 06:58:50.028000,9.18658,9.18341,1000000,1000000
2020-10-28 06:58:50.079000,9.18648,9.18341,1000000,1000000
2020-10-28 06:58:50.129000,9.18658,9.18341,1000000,1000000
2020-10-28 06:58:50.281000,9.18645,9.1832,1000000,1000000
2020-10-28 06:58:50.432000,9.18638,9.1832,1000000,1000000
2020-10-28 06:58:50.532000,9.18645,9.1832,1000000,1000000
2020-10-28 06:58:50.583000,9.18673,9.18317,1000000,1000000
2020-10-28 06:58:50.634000,9.18698,9.18308,1500000,1000000
2020-10-28 06:58:50.735000,9.18698,9.18323,1000000,1000000
2020-10-28 06:58:50.788000,9.18708,9.18323,1000000,1000000
2020-10-28 06:58:50.838000,9.18708,9.18333,1000000,1000000
2020-10-28 06:58:50.889000,9.18712,9.18334,1000000,1000000
2020-10-28 06:58:50.990000,9.18728,9.18342,1000000,1000000
2020-10-28 06:58:51.041000,9.18638,9.18314,1000000,1000000
2020-10-28 06:58:51.091000,9.18638,9.18297,1000000,1000000
2020-10-28 06:58:51.192000,9.18658,9.18315,1000000,1000000
2020-10-28 06:58:51.243000,9.18658,9.18333,1000000,1000000
2020-10-28 06:58:51.344000,9.18648,9.18333,1000000,1000000
2020-10-28 06:58:51.495000,9.18638,9.18333,1000000,1000000
2020-10-28 06:58:52.101000,9.18628,9.18329,1000000,1000000
2020-10-28 06:58:52.415000,9.18628,9.18316,1000000,1000000
2020-10-28 06:58:52.466000,9.18648,9.18316,1000000,1000000
2020-10-28 06:58:52.812000,9.18638,9.18316,1000000,1000000
2020-10-28 06:58:52.913000,9.18647,9.18317,1000000,1000000
2020-10-28 06:58:53.013000,9.18658,9.18316,1000000,1000000
2020-10-28 06:58:53.114000,9.18674,9.18316,1000000,1000000
2020-10-28 06:58:53.165000,9.18664,9.18302,1000000,1000000
2020-10-28 06:58:53.215000,9.18655,9.18315,1000000,1000000
2020-10-28 06:58:53.321000,9.18655,9.18318,1000000,1000000
2020-10-28 06:58:53.523000,9.18672,9.18331,1000000,1000000
2020-10-28 06:58:53.900000,9.18678,9.18352,1500000,1000000
2020-10-28 06:58:54.052000,9.18657,9.18336,1000000,1000000
2020-10-28 06:58:54.327000,9.18676,9.18345,1000000,1000000
2020-10-28 06:58:55.104000,9.18668,9.18345,1000000,1000000
2020-10-28 06:58:55.777000,9.18676,9.18345,1000000,1000000
2020-10-28 06:58:56.085000,9.18658,9.18345,1000000,1000000
2020-10-28 06:58:56.482000,9.18676,9.18345,1000000,1000000
2020-10-28 06:58:56.533000,9.18657,9.18346,1000000,1000000
2020-10-28 06:58:57.002000,9.18668,9.18345,1000000,1000000
2020-10-28 06:58:57.207000,9.18658,9.18345,1000000,1000000
2020-10-28 06:58:57.258000,9.18668,9.18345,1000000,1000000
2020-10-28 06:58:57.409000,9.18658,9.18345,1000000,1000000
2020-10-28 06:58:57.560000,9.18667,9.18346,1000000,1000000
2020-10-28 06:58:57.611000,9.18656,9.18335,1000000,1000000
2020-10-28 06:58:57.661000,9.18653,9.18322,1000000,1000000
2020-10-28 06:58:57.992000,9.18648,9.18322,1000000,1000000
2020-10-28 06:58:59.653000,9.18646,9.18324,1000000,1000000
2020-10-28 06:58:59.860000,9.18638,9.18324,1000000,1000000
2020-10-28 06:58:59.910000,9.18627,9.1831,1000000,1000000
2020-10-28 06:58:59.961000,9.1863,9.1831,1000000,1000000
2020-10-28 06:59:00.012000,9.18627,9.1831,1000000,1000000
2020-10-28 06:59:00.062000,9.18631,9.18309,1000000,1000000
2020-10-28 06:59:00.213000,9.18648,9.1833,1000000,1000000
2020-10-28 06:59:00.264000,9.18653,9.18322,1000000,1000000
2020-10-28 06:59:00.365000,9.18667,9.18302,1000000,1000000
2020-10-28 06:59:00.632000,9.18654,9.18301,1000000,1000000
2020-10-28 06:59:00.733000,9.18643,9.183,1000000,1000000
2020-10-28 06:59:00.783000,9.18628,9.18279,1000000,1000000
2020-10-28 06:59:02.213000,9.18611,9.18276,1000000,1000000
2020-10-28 06:59:04.042000,9.18573,9.18245,1000000,1000000
2020-10-28 06:59:04.143000,9.18604,9.18247,1000000,1000000
2020-10-28 06:59:04.194000,9.18636,9.18258,1000000,1000000
2020-10-28 06:59:04.295000,9.1869,9.18274,1000000,1000000
2020-10-28 06:59:05.181000,9.1869,9.18292,1000000,1000000
2020-10-28 06:59:05.282000,9.18692,9.18306,1000000,1000000
2020-10-28 06:59:05.332000,9.18708,9.18292,1000000,1000000
2020-10-28 06:59:05.433000,9.18718,9.18292,1500000,1000000
2020-10-28 06:59:06.351000,9.18708,9.18292,1000000,1000000
2020-10-28 06:59:06.748000,9.18718,9.18292,1500000,1000000
2020-10-28 06:59:06.849000,9.18698,9.1828,1000000,1000000
2020-10-28 06:59:08.442000,9.18687,9.18282,1000000,1000000
2020-10-28 06:59:08.543000,9.18687,9.18281,1000000,1000000
2020-10-28 06:59:08.885000,9.18711,9.18302,1000000,1000000
2020-10-28 06:59:08.986000,9.18711,9.18299,1000000,1000000
2020-10-28 06:59:09.086000,9.18726,9.18298,1000000,1000000
2020-10-28 06:59:09.137000,9.18728,9.1832,1000000,1000000
2020-10-28 06:59:09.238000,9.18715,9.18347,1000000,1000000
2020-10-28 06:59:09.439000,9.18752,9.18356,1000000,1000000
2020-10-28 06:59:09.540000,9.18713,9.18351,1000000,1000000
2020-10-28 06:59:09.876000,9.18743,9.18364,1000000,1000000
2020-10-28 06:59:10.086000,9.18728,9.18407,1000000,1500000
2020-10-28 06:59:10.137000,9.18738,9.18375,1000000,1000000
2020-10-28 06:59:10.238000,9.18741,9.18347,1000000,1000000
2020-10-28 06:59:10.338000,9.18738,9.18312,1000000,1000000
2020-10-28 06:59:10.389000,9.18739,9.18326,1000000,1000000
2020-10-28 06:59:10.540000,9.18698,9.1836,1000000,1000000
2020-10-28 06:59:10.641000,9.18724,9.18333,1000000,1000000
2020-10-28 06:59:10.692000,9.18698,9.1836,1000000,1000000
2020-10-28 06:59:10.742000,9.18718,9.18329,1000000,1500000
2020-10-28 06:59:10.793000,9.18745,9.18313,1000000,1000000
2020-10-28 06:59:10.843000,9.18762,9.18341,1000000,1000000
2020-10-28 06:59:10.944000,9.18711,9.18348,1000000,1000000
2020-10-28 06:59:10.995000,9.18741,9.18299,1000000,1000000
2020-10-28 06:59:11.045000,9.18742,9.18322,1000000,1000000
2020-10-28 06:59:11.857000,9.18708,9.18322,1000000,1000000
2020-10-28 06:59:11.985000,9.18708,9.18327,1000000,1000000
2020-10-28 06:59:12.035000,9.18708,9.18309,1000000,1000000
2020-10-28 06:59:12.086000,9.18707,9.18282,1000000,1000000
2020-10-28 06:59:12.237000,9.18698,9.18281,1000000,1000000
2020-10-28 06:59:12.439000,9.18678,9.18281,1000000,1000000
2020-10-28 06:59:12.742000,9.18668,9.18281,1000000,1000000
2020-10-28 06:59:12.848000,9.18677,9.18282,1000000,1000000
2020-10-28 06:59:12.903000,9.18678,9.18291,1000000,1000000
2020-10-28 06:59:13.030000,9.18668,9.18291,1000000,1000000
2020-10-28 06:59:13.131000,9.18678,9.18291,1000000,1000000
2020-10-28 06:59:13.601000,9.18667,9.18292,1000000,1000000
2020-10-28 06:59:13.652000,9.18678,9.18291,1000000,1000000
2020-10-28 06:59:13.767000,9.18678,9.18301,1000000,1000000
2020-10-28 06:59:13.868000,9.18688,9.18301,1000000,1000000
2020-10-28 06:59:13.969000,9.18707,9.18302,1000000,1000000
2020-10-28 06:59:14.170000,9.18717,9.18302,1000000,1000000
2020-10-28 06:59:14.367000,9.18708,9.18301,1000000,1000000
2020-10-28 06:59:14.929000,9.18718,9.18301,1000000,1000000
2020-10-28 06:59:15.029000,9.18725,9.18301,1000000,1000000
2020-10-28 06:59:15.080000,9.18718,9.18301,1000000,1000000
2020-10-28 06:59:15.181000,9.18695,9.18293,1000000,1000000
2020-10-28 06:59:15.450000,9.18678,9.18293,1000000,1000000
2020-10-28 06:59:15.554000,9.18678,9.18273,1000000,1000000
2020-10-28 06:59:15.946000,9.18674,9.18267,1000000,1000000
2020-10-28 06:59:16.047000,9.18655,9.1828,1000000,1000000
2020-10-28 06:59:16.248000,9.18639,9.18274,1000000,1000000
2020-10-28 06:59:17.469000,9.18649,9.18295,1000000,1000000
2020-10-28 06:59:19.119000,9.18658,9.18273,1000000,1000000
2020-10-28 06:59:19.308000,9.18664,9.18273,1000000,1000000
2020-10-28 06:59:20.675000,9.18638,9.18273,1000000,1000000
2020-10-28 06:59:21.100000,9.18648,9.18273,1000000,1000000
2020-10-28 06:59:21.440000,9.18664,9.18273,1000000,1000000
2020-10-28 06:59:21.908000,9.18642,9.18245,1000000,1000000
2020-10-28 06:59:23.089000,9.18656,9.1827,1000000,1000000
2020-10-28 06:59:23.341000,9.18668,9.18287,1000000,1000000
2020-10-28 06:59:23.492000,9.18659,9.18287,1000000,1000000
2020-10-28 06:59:23.603000,9.18631,9.1828,1000000,1000000
2020-10-28 06:59:25.962000,9.1862,9.18279,1000000,1000000
2020-10-28 06:59:26.274000,9.18606,9.18267,1000000,1000000
2020-10-28 06:59:27.089000,9.18585,9.18243,1000000,1000000
2020-10-28 06:59:27.559000,9.1861,9.18269,1000000,1000000
2020-10-28 06:59:28.895000,9.18636,9.18297,1000000,1000000
2020-10-28 06:59:28.945000,9.18668,9.18272,1500000,1000000
2020-10-28 06:59:28.996000,9.18671,9.18255,1000000,1000000
2020-10-28 06:59:29.097000,9.18676,9.18242,1000000,1000000
2020-10-28 06:59:29.248000,9.18662,9.18218,1000000,1000000
2020-10-28 06:59:29.298000,9.18663,9.18238,1000000,1000000
2020-10-28 06:59:29.399000,9.18664,9.18254,1000000,1000000
2020-10-28 06:59:29.500000,9.18681,9.18275,1000000,1000000
2020-10-28 06:59:30.179000,9.18683,9.18261,1000000,1000000
2020-10-28 06:59:30.229000,9.1869,9.18308,1000000,1000000
2020-10-28 06:59:30.330000,9.18687,9.18261,1000000,1000000
2020-10-28 06:59:30.381000,9.18698,9.18323,1000000,1000000
2020-10-28 06:59:30.431000,9.18691,9.18301,1000000,1000000
2020-10-28 06:59:30.532000,9.18692,9.18296,1000000,1000000
2020-10-28 06:59:30.740000,9.18687,9.18272,1000000,1000000
2020-10-28 06:59:30.791000,9.18687,9.18267,1000000,1000000
2020-10-28 06:59:30.995000,9.18699,9.18323,1000000,1000000
2020-10-28 06:59:32.602000,9.18698,9.18323,1000000,1000000
2020-10-28 06:59:32.703000,9.18688,9.18323,1000000,1000000
2020-10-28 06:59:32.754000,9.18667,9.18295,1000000,1000000
2020-10-28 06:59:32.957000,9.1866,9.18239,1000000,1000000
2020-10-28 06:59:33.108000,9.18662,9.18264,1000000,1000000
2020-10-28 06:59:33.229000,9.18659,9.1825,1000000,1000000
2020-10-28 06:59:33.438000,9.18658,9.1825,1000000,1000000
2020-10-28 06:59:33.952000,9.18648,9.1825,1000000,1000000
2020-10-28 06:59:34.304000,9.18638,9.1825,1000000,1000000
2020-10-28 06:59:34.558000,9.18648,9.1825,1000000,1000000
2020-10-28 06:59:35.132000,9.18645,9.18238,1000000,1000000
2020-10-28 06:59:37.552000,9.18643,9.18253,1000000,1000000
2020-10-28 06:59:39.255000,9.1864,9.18237,1000000,1000000
2020-10-28 06:59:43.318000,9.18643,9.1824,1000000,1000000
2020-10-28 06:59:44.741000,9.18638,9.1824,1000000,1000000
2020-10-28 06:59:44.792000,9.18612,9.18209,1000000,1000000
2020-10-28 06:59:45.048000,9.18615,9.18225,1000000,1000000
2020-10-28 06:59:46.104000,9.18603,9.18225,1000000,1000000
2020-10-28 06:59:46.383000,9.18581,9.18204,1000000,1000000
2020-10-28 06:59:46.848000,9.18554,9.18189,1000000,1000000
2020-10-28 06:59:46.999000,9.18576,9.18214,1000000,1000000
2020-10-28 06:59:47.100000,9.18576,9.18187,1000000,1000000
2020-10-28 06:59:47.373000,9.18578,9.18205,1000000,1000000
2020-10-28 06:59:50.148000,9.18526,9.18156,1000000,1000000
2020-10-28 06:59:50.199000,9.18563,9.18178,1500000,1000000
2020-10-28 06:59:50.300000,9.18563,9.18178,1000000,1000000
2020-10-28 06:59:50.400000,9.18569,9.18191,1000000,1000000
2020-10-28 06:59:50.501000,9.18554,9.18174,1000000,1000000
2020-10-28 06:59:51.220000,9.18528,9.18174,1000000,1000000
2020-10-28 06:59:51.529000,9.18528,9.18181,1000000,1000000
2020-10-28 06:59:51.984000,9.18538,9.18181,1000000,1000000
2020-10-28 06:59:53.519000,9.18528,9.18181,1000000,1000000
2020-10-28 06:59:54.770000,9.18518,9.18181,1000000,1000000
2020-10-28 06:59:54.820000,9.18528,9.18181,1000000,1000000
2020-10-28 06:59:54.921000,9.18518,9.18181,1000000,1000000
2020-10-28 06:59:54.971000,9.18528,9.18181,1000000,1000000
2020-10-28 06:59:55.022000,9.18538,9.18181,1000000,1000000
2020-10-28 06:59:55.223000,9.18548,9.18181,1000000,1000000
2020-10-28 06:59:55.274000,9.18538,9.18181,1000000,1000000
2020-10-28 06:59:55.324000,9.18548,9.18181,1000000,1000000
2020-10-28 06:59:55.375000,9.18538,9.18181,1000000,1000000
2020-10-28 06:59:55.476000,9.18548,9.18181,1000000,1000000
2020-10-28 06:59:55.526000,9.18528,9.18181,1000000,1000000
2020-10-28 06:59:55.627000,9.18518,9.18181,1000000,1000000
2020-10-28 06:59:55.728000,9.18507,9.18182,1000000,1000000
2020-10-28 06:59:55.779000,9.18568,9.18181,1000000,1000000
2020-10-28 06:59:55.879000,9.18553,9.18154,1000000,1000000
2020-10-28 06:59:55.980000,9.18597,9.18145,1000000,1500000
2020-10-28 06:59:56.031000,9.18597,9.18145,1000000,1000000
2020-10-28 06:59:56.134000,9.186,9.18182,1000000,1000000
2020-10-28 06:59:56.886000,9.18558,9.18182,1000000,1000000
2020-10-28 06:59:56.987000,9.18558,9.18198,1000000,1000000
2020-10-28 06:59:57.293000,9.18548,9.18198,1000000,1000000
2020-10-28 06:59:57.922000,9.18558,9.18198,1000000,1000000
2020-10-28 06:59:58.003000,9.18568,9.18198,1000000,1000000
2020-10-28 06:59:58.054000,9.18558,9.18198,1000000,1000000
2020-10-28 06:59:58.104000,9.18608,9.18214,1000000,1000000
2020-10-28 06:59:58.624000,9.18598,9.18214,1000000,1000000
2020-10-28 06:59:58.725000,9.18588,9.18214,1000000,1000000
2020-10-28 06:59:58.917000,9.18587,9.18186,1000000,1000000
2020-10-28 06:59:58.968000,9.18588,9.18181,1000000,1000000
2020-10-28 06:59:59.068000,9.18598,9.18216,1000000,1000000
2020-10-28 06:59:59.571000,9.18588,9.18216,1000000,1000000
2020-10-28 06:59:59.722000,9.18578,9.18216,1000000,1000000
2020-10-28 06:59:59.951000,9.18568,9.18216,1000000,1000000
2020-10-28 07:00:00.002000,9.18558,9.18192,1000000,1000000
2020-10-28 07:00:00.103000,9.18568,9.1819,1000000,1000000
2020-10-28 07:00:00.153000,9.18548,9.18184,1000000,1000000
2020-10-28 07:00:00.254000,9.18535,9.18199,1000000,1000000
2020-10-28 07:00:00.304000,9.18581,9.18219,1000000,1000000
2020-10-28 07:00:00.355000,9.18586,9.18218,1000000,1000000
2020-10-28 07:00:00.456000,9.18664,9.182,1000000,1000000
2020-10-28 07:00:00.607000,9.18648,9.182,1000000,1000000
2020-10-28 07:00:00.708000,9.18605,9.18194,1000000,1000000
2020-10-28 07:00:00.758000,9.18604,9.18169,1000000,1000000
2020-10-28 07:00:00.977000,9.18606,9.18199,1000000,1000000
2020-10-28 07:00:01.312000,9.18579,9.18189,1000000,1000000
2020-10-28 07:00:01.362000,9.18565,9.18157,1000000,1000000
2020-10-28 07:00:01.464000,9.18565,9.18166,1000000,1000000
2020-10-28 07:00:01.616000,9.18565,9.18157,1000000,1000000
2020-10-28 07:00:01.972000,9.18513,9.18146,1000000,1000000
2020-10-28 07:00:02.074000,9.18513,9.18129,1000000,1000000
2020-10-28 07:00:02.276000,9.18516,9.18156,1000000,1000000
2020-10-28 07:00:02.377000,9.18505,9.18117,1000000,1000000
2020-10-28 07:00:03.128000,9.1848,9.18087,1000000,1000000
2020-10-28 07:00:03.279000,9.18465,9.18072,1000000,1000000
2020-10-28 07:00:03.380000,9.18465,9.18089,1000000,1000000
2020-10-28 07:00:03.582000,9.18434,9.18073,1000000,1000000
2020-10-28 07:00:03.683000,9.18449,9.18104,1000000,1000000
2020-10-28 07:00:03.733000,9.1846,9.18096,1000000,1000000
2020-10-28 07:00:03.885000,9.18446,9.18072,1000000,1000000
2020-10-28 07:00:03.935000,9.18444,9.18103,1000000,1000000
2020-10-28 07:00:04.042000,9.18435,9.18075,1000000,1000000
2020-10-28 07:00:04.143000,9.18446,9.1809,1000000,1000000
2020-10-28 07:00:04.295000,9.18429,9.18069,1000000,1000000
2020-10-28 07:00:04.547000,9.18408,9.18069,1000000,1000000
2020-10-28 07:00:04.991000,9.18398,9.18043,1000000,1000000
2020-10-28 07:00:05.095000,9.18399,9.18043,1000000,1000000
2020-10-28 07:00:05.146000,9.18408,9.18065,1000000,1000000
2020-10-28 07:00:06.239000,9.18378,9.18065,1000000,1000000
2020-10-28 07:00:06.705000,9.18368,9.18065,1000000,1000000
2020-10-28 07:00:06.818000,9.18358,9.18065,1000000,1000000
2020-10-28 07:00:06.918000,9.18348,9.18037,1000000,1000000
2020-10-28 07:00:07.019000,9.18348,9.18054,1000000,1000000
2020-10-28 07:00:07.289000,9.18328,9.18054,1000000,1000000
2020-10-28 07:00:07.339000,9.18328,9.18028,1000000,1000000
2020-10-28 07:00:07.743000,9.18318,9.18028,1000000,1000000
2020-10-28 07:00:08.137000,9.18328,9.18028,1000000,1000000
2020-10-28 07:00:08.246000,9.18318,9.18028,1000000,1000000
2020-10-28 07:00:08.347000,9.18308,9.18005,1000000,1000000
2020-10-28 07:00:08.649000,9.18307,9.17978,1000000,1000000
2020-10-28 07:00:09.540000,9.18317,9.17978,1000000,1000000
2020-10-28 07:00:09.674000,9.18308,9.17977,1000000,1000000
2020-10-28 07:00:10.201000,9.18288,9.17977,1000000,1000000
2020-10-28 07:00:11.027000,9.1835,9.17977,1000000,1000000
2020-10-28 07:00:11.152000,9.18374,9.17992,1000000,1000000
2020-10-28 07:00:11.203000,9.18377,9.17985,1000000,1000000
2020-10-28 07:00:11.253000,9.18388,9.18016,1000000,1000000
2020-10-28 07:00:11.304000,9.18398,9.1802,1000000,1000000
2020-10-28 07:00:11.579000,9.18401,9.18021,1000000,1000000
2020-10-28 07:00:11.730000,9.18401,9.18024,1000000,1000000
2020-10-28 07:00:12.868000,9.18401,9.18056,1000000,1000000
2020-10-28 07:00:13.812000,9.18402,9.18033,1000000,1000000
2020-10-28 07:00:13.913000,9.18398,9.18009,1000000,1000000
2020-10-28 07:00:14.013000,9.18402,9.18022,1000000,1000000
2020-10-28 07:00:14.119000,9.18402,9.18032,1000000,1000000
2020-10-28 07:00:14.171000,9.18401,9.18023,1000000,1000000
2020-10-28 07:00:14.271000,9.18401,9.18033,1000000,1000000
2020-10-28 07:00:14.372000,9.18402,9.18039,1000000,1000000
2020-10-28 07:00:14.635000,9.18402,9.18022,1000000,1000000
2020-10-28 07:00:15.038000,9.18402,9.18012,1000000,1500000
2020-10-28 07:00:15.197000,9.18398,9.18012,1000000,1000000
2020-10-28 07:00:15.302000,9.18388,9.18012,1000000,1000000
2020-10-28 07:00:15.967000,9.18398,9.18012,1000000,1000000
2020-10-28 07:00:16.090000,9.18388,9.18012,1000000,1000000
2020-10-28 07:00:16.341000,9.18378,9.17978,1000000,1000000
2020-10-28 07:00:16.442000,9.18367,9.17979,1000000,1000000
2020-10-28 07:00:16.493000,9.18358,9.17956,1000000,1000000
2020-10-28 07:00:16.543000,9.18362,9.17962,1000000,1000000
2020-10-28 07:00:16.594000,9.18358,9.17956,1000000,1000000
2020-10-28 07:00:16.644000,9.18361,9.17963,1000000,1000000
2020-10-28 07:00:16.729000,9.18358,9.17956,1000000,1000000
2020-10-28 07:00:16.780000,9.18348,9.17956,1000000,1000000
2020-10-28 07:00:16.932000,9.18338,9.17956,1000000,1000000
2020-10-28 07:00:16.982000,9.18348,9.17956,1000000,1000000
2020-10-28 07:00:17.133000,9.18338,9.17956,1000000,1000000
2020-10-28 07:00:17.243000,9.18328,9.17956,1000000,1000000
2020-10-28 07:00:17.423000,9.18337,9.17957,1000000,1000000
2020-10-28 07:00:17.524000,9.18328,9.17956,1000000,1000000
2020-10-28 07:00:17.635000,9.18318,9.17931,1000000,1000000
2020-10-28 07:00:17.686000,9.18297,9.17932,1000000,1000000
2020-10-28 07:00:17.736000,9.18318,9.17931,1000000,1000000
2020-10-28 07:00:17.946000,9.18332,9.17931,1000000,1000000
2020-10-28 07:00:17.996000,9.18301,9.17929,1000000,1000000
2020-10-28 07:00:18.198000,9.18301,9.17932,1000000,1000000
2020-10-28 07:00:18.299000,9.183,9.17943,1000000,1000000
2020-10-28 07:00:18.400000,9.18301,9.17932,1000000,1000000
2020-10-28 07:00:18.665000,9.18301,9.17929,1000000,1000000
2020-10-28 07:00:19.011000,9.183,9.17933,1000000,1000000
2020-10-28 07:00:19.112000,9.18318,9.17953,1000000,1000000
2020-10-28 07:00:19.857000,9.18335,9.17962,1000000,1000000
2020-10-28 07:00:21.938000,9.18327,9.17945,1000000,1000000
2020-10-28 07:00:23.428000,9.18328,9.17972,1000000,1000000
2020-10-28 07:00:24.224000,9.18328,9.17982,1000000,1000000
2020-10-28 07:00:24.325000,9.18328,9.17972,1000000,1000000
2020-10-28 07:00:25.765000,9.18328,9.17982,1000000,1000000
2020-10-28 07:00:27.054000,9.18327,9.17973,1000000,1000000
2020-10-28 07:00:28.265000,9.18328,9.17952,1000000,1000000
2020-10-28 07:00:28.315000,9.18303,9.17942,1000000,1000000
2020-10-28 07:00:28.416000,9.18303,9.17972,1000000,1000000
2020-10-28 07:00:28.706000,9.18325,9.17983,1000000,1000000
2020-10-28 07:00:28.908000,9.18326,9.17972,1000000,1000000
2020-10-28 07:00:29.010000,9.18326,9.17982,1000000,1000000
2020-10-28 07:00:29.060000,9.18326,9.17972,1000000,1000000
2020-10-28 07:00:29.111000,9.18326,9.17953,1000000,1000000
2020-10-28 07:00:30.162000,9.18311,9.17971,1000000,1000000
2020-10-28 07:00:34.150000,9.18336,9.17996,1000000,1000000
2020-10-28 07:00:34.251000,9.18351,9.18017,1000000,1000000
2020-10-28 07:00:34.352000,9.18372,9.18043,1000000,1000000
2020-10-28 07:00:34.402000,9.18387,9.18043,1000000,1000000
2020-10-28 07:00:34.629000,9.18368,9.18033,1000000,1000000
2020-10-28 07:00:34.679000,9.18365,9.18019,1000000,1000000
2020-10-28 07:00:36.498000,9.18367,9.18045,1000000,1000000
2020-10-28 07:00:38.102000,9.18385,9.18066,1000000,1000000
2020-10-28 07:00:38.719000,9.18365,9.18045,1000000,1000000
2020-10-28 07:00:39.443000,9.18365,9.18053,1000000,1000000
2020-10-28 07:00:40.541000,9.18366,9.18062,1000000,1000000
2020-10-28 07:00:40.743000,9.18366,9.18072,1000000,1000000
2020-10-28 07:00:40.945000,9.18366,9.18062,1000000,1000000
2020-10-28 07:00:42.370000,9.18365,9.18073,1000000,1000000
2020-10-28 07:00:42.796000,9.18366,9.18062,1000000,1000000
2020-10-28 07:00:42.897000,9.18366,9.18052,1000000,1000000
2020-10-28 07:00:44.763000,9.18365,9.18045,1000000,1000000
2020-10-28 07:00:44.814000,9.18366,9.18052,1000000,1000000
2020-10-28 07:00:45.346000,9.18366,9.18044,1000000,1000000
2020-10-28 07:00:46.793000,9.1835,9.18028,1000000,1000000
2020-10-28 07:00:47.752000,9.18353,9.18038,1000000,1000000
2020-10-28 07:00:49.094000,9.1834,9.18029,1000000,1000000
2020-10-28 07:00:51.007000,9.18363,9.18052,1000000,1000000
2020-10-28 07:00:52.507000,9.18359,9.18056,1000000,1000000
2020-10-28 07:00:54.165000,9.1838,9.18072,1000000,1000000
2020-10-28 07:00:57.828000,9.1838,9.18092,1000000,1000000
2020-10-28 07:00:58.268000,9.1838,9.18072,1000000,1500000
2020-10-28 07:00:59.927000,9.18377,9.18073,1000000,1000000
2020-10-28 07:01:00.142000,9.1838,9.18072,1000000,1000000
2020-10-28 07:01:00.193000,9.18364,9.18082,1000000,1000000
2020-10-28 07:01:00.244000,9.18364,9.18072,1000000,1000000
2020-10-28 07:01:00.295000,9.18342,9.18062,1000000,1000000
2020-10-28 07:01:00.396000,9.18342,9.18052,1000000,1000000
2020-10-28 07:01:00.684000,9.18338,9.18042,1000000,1000000
2020-10-28 07:01:00.735000,9.18338,9.18054,1000000,1000000
2020-10-28 07:01:00.887000,9.18353,9.18062,1000000,1000000
2020-10-28 07:01:01.029000,9.18348,9.18054,1000000,1000000
2020-10-28 07:01:01.182000,9.18353,9.18062,1000000,1000000
2020-10-28 07:01:01.578000,9.18348,9.18054,1000000,1000000
2020-10-28 07:01:01.629000,9.18353,9.18062,1000000,1000000
2020-10-28 07:01:02.563000,9.18352,9.18073,1000000,1000000
2020-10-28 07:01:03.621000,9.18343,9.18057,1000000,1000000
2020-10-28 07:01:03.672000,9.18343,9.18083,1000000,1000000
2020-10-28 07:01:03.723000,9.18343,9.18063,1000000,1000000
2020-10-28 07:01:03.824000,9.18344,9.18072,1000000,1000000
2020-10-28 07:01:03.965000,9.18343,9.18063,1000000,1000000
2020-10-28 07:01:04.120000,9.18338,9.18055,1000000,1000000
2020-10-28 07:01:04.221000,9.18344,9.18062,1000000,1000000
2020-10-28 07:01:04.424000,9.18338,9.18055,1000000,1000000
2020-10-28 07:01:04.475000,9.18328,9.18055,1000000,1000000
2020-10-28 07:01:04.775000,9.18338,9.18055,1000000,1000000
2020-10-28 07:01:07.070000,9.18328,9.18055,1000000,1000000
2020-10-28 07:01:09.268000,9.18312,9.18032,1000000,1000000
2020-10-28 07:01:09.318000,9.18296,9.18052,1000000,1000000
2020-10-28 07:01:09.369000,9.18296,9.18042,1000000,1000000
2020-10-28 07:01:09.469000,9.18288,9.18015,1000000,1000000
2020-10-28 07:01:09.520000,9.18278,9.18012,1000000,1000000
2020-10-28 07:01:09.621000,9.18264,9.17996,1000000,1000000
2020-10-28 07:01:09.672000,9.18241,9.17974,1000000,1000000
2020-10-28 07:01:09.848000,9.18217,9.17972,1000000,1000000
2020-10-28 07:01:09.949000,9.18232,9.17972,1000000,1000000
2020-10-28 07:01:10.050000,9.18236,9.17963,1000000,1000000
2020-10-28 07:01:10.158000,9.18237,9.17972,1000000,1000000
2020-10-28 07:01:10.259000,9.18218,9.17973,1000000,1000000
2020-10-28 07:01:10.411000,9.18219,9.17952,1000000,1000000
2020-10-28 07:01:10.564000,9.18219,9.17942,1000000,1000000
2020-10-28 07:01:10.922000,9.18219,9.17932,1000000,1000000
2020-10-28 07:01:11.264000,9.18205,9.17932,1000000,1000000
2020-10-28 07:01:12.229000,9.18205,9.17952,1000000,1000000
2020-10-28 07:01:13.508000,9.18219,9.17952,1000000,1000000
2020-10-28 07:01:13.558000,9.18202,9.17983,1000000,1000000
2020-10-28 07:01:13.609000,9.18222,9.17992,1000000,1000000
2020-10-28 07:01:13.710000,9.18199,9.18002,1000000,1000000
2020-10-28 07:01:13.761000,9.18199,9.17962,1000000,1000000
2020-10-28 07:01:13.862000,9.18198,9.17953,1000000,1000000
2020-10-28 07:01:13.986000,9.18176,9.17942,1000000,1000000
2020-10-28 07:01:14.036000,9.18192,9.17952,1000000,1000000
2020-10-28 07:01:14.087000,9.18192,9.17962,1000000,1000000
2020-10-28 07:01:14.137000,9.18202,9.17952,1000000,1000000
2020-10-28 07:01:14.339000,9.18201,9.17943,1000000,1000000
2020-10-28 07:01:14.664000,9.18202,9.17932,1000000,1000000
2020-10-28 07:01:14.825000,9.18202,9.17942,1000000,1000000
2020-10-28 07:01:14.939000,9.18202,9.17932,1000000,1000000
2020-10-28 07:01:15.709000,9.18202,9.17952,1000000,1000000
2020-10-28 07:01:15.903000,9.18202,9.17962,1000000,1000000
2020-10-28 07:01:15.954000,9.18201,9.17953,1000000,1000000
2020-10-28 07:01:16.288000,9.18201,9.17943,1000000,1000000
2020-10-28 07:01:16.445000,9.18202,9.17952,1000000,1000000
2020-10-28 07:01:16.975000,9.18202,9.17962,1000000,1000000
2020-10-28 07:01:18.467000,9.18202,9.17952,1000000,1000000
2020-10-28 07:01:18.678000,9.18202,9.17962,1000000,1000000
2020-10-28 07:01:18.780000,9.18202,9.17972,1000000,1000000
2020-10-28 07:01:18.881000,9.18202,9.17962,1000000,1000000
2020-10-28 07:01:18.932000,9.18201,9.17953,1000000,1000000
2020-10-28 07:01:19.083000,9.18191,9.17943,1000000,1000000
2020-10-28 07:01:19.184000,9.18192,9.17952,1000000,1000000
2020-10-28 07:01:19.235000,9.18224,9.17972,1500000,1000000
2020-10-28 07:01:19.335000,9.18224,9.17952,1000000,1000000
2020-10-28 07:01:19.386000,9.18215,9.17942,1000000,1000000
2020-10-28 07:01:19.517000,9.18215,9.17952,1000000,1000000
2020-10-28 07:01:19.618000,9.18215,9.17962,1000000,1000000
2020-10-28 07:01:19.669000,9.18215,9.17952,1000000,1000000
2020-10-28 07:01:20.014000,9.18215,9.17962,1000000,1000000
2020-10-28 07:01:20.147000,9.18214,9.17953,1000000,1000000
2020-10-28 07:01:20.833000,9.18215,9.17922,1000000,1000000
2020-10-28 07:01:20.884000,9.18186,9.17902,1000000,1000000
2020-10-28 07:01:20.985000,9.18161,9.17903,1000000,1000000
2020-10-28 07:01:21.582000,9.18148,9.17902,1000000,1000000
2020-10-28 07:01:21.733000,9.18148,9.17912,1000000,1000000
2020-10-28 07:01:22.005000,9.18148,9.17932,1000000,1000000
2020-10-28 07:01:22.161000,9.18148,9.17912,1000000,1000000
2020-10-28 07:01:22.387000,9.18162,9.17922,1000000,1000000
2020-10-28 07:01:22.438000,9.18183,9.17933,1000000,1000000
2020-10-28 07:01:22.489000,9.18184,9.17952,1000000,1000000
2020-10-28 07:01:22.590000,9.18185,9.17972,1000000,1000000
2020-10-28 07:01:22.841000,9.18184,9.17983,1000000,1000000
2020-10-28 07:01:22.956000,9.18185,9.17992,1000000,1000000
2020-10-28 07:01:23.096000,9.1817,9.17983,1000000,1000000
2020-10-28 07:01:23.147000,9.1819,9.17982,1000000,1000000
2020-10-28 07:01:23.248000,9.1819,9.17972,1000000,1000000
2020-10-28 07:01:23.349000,9.1819,9.17952,1000000,1000000
2020-10-28 07:01:23.705000,9.1819,9.17932,1000000,1000000
2020-10-28 07:01:24.081000,9.1819,9.17942,1000000,1000000
2020-10-28 07:01:24.182000,9.1819,9.17932,1000000,1000000
2020-10-28 07:01:24.233000,9.18189,9.17953,1000000,1000000
2020-10-28 07:01:24.284000,9.1819,9.17942,1000000,1000000
2020-10-28 07:01:24.385000,9.18177,9.17943,1000000,1000000
2020-10-28 07:01:24.487000,9.18178,9.17952,1000000,1000000
2020-10-28 07:01:24.631000,9.18177,9.17993,1000000,1000000
2020-10-28 07:01:24.783000,9.18178,9.17982,1000000,1000000
2020-10-28 07:01:24.884000,9.18178,9.17972,1000000,1000000
2020-10-28 07:01:24.990000,9.18177,9.17983,1000000,1000000
2020-10-28 07:01:25.041000,9.18177,9.17973,1000000,1000000
2020-10-28 07:01:25.091000,9.18178,9.17982,1000000,1000000
2020-10-28 07:01:25.293000,9.18178,9.17972,1000000,1000000
2020-10-28 07:01:25.452000,9.18199,9.17992,1000000,1000000
2020-10-28 07:01:25.503000,9.18185,9.18023,1000000,1000000
2020-10-28 07:01:25.604000,9.1821,9.18012,1000000,1000000
2020-10-28 07:01:25.856000,9.1821,9.18022,1000000,1000000
2020-10-28 07:01:25.907000,9.18223,9.18023,1000000,1000000
2020-10-28 07:01:26.007000,9.18248,9.18022,1000000,1000000
2020-10-28 07:01:26.058000,9.18266,9.18042,1500000,1000000
2020-10-28 07:01:26.159000,9.18286,9.18032,1000000,1000000
2020-10-28 07:01:26.210000,9.18271,9.18042,1000000,1000000
2020-10-28 07:01:26.261000,9.18271,9.18022,1000000,1000000
2020-10-28 07:01:26.449000,9.18271,9.18032,1000000,1000000
2020-10-28 07:01:26.550000,9.18287,9.18062,1000000,1000000
2020-10-28 07:01:26.600000,9.18287,9.18052,1000000,1000000
2020-10-28 07:01:26.651000,9.18287,9.18062,1000000,1000000
2020-10-28 07:01:26.701000,9.18287,9.18042,1000000,1000000
2020-10-28 07:01:26.880000,9.1831,9.18042,1000000,1000000
2020-10-28 07:01:26.931000,9.1831,9.18052,1000000,1000000
2020-10-28 07:01:27.032000,9.18309,9.18063,1000000,1000000
2020-10-28 07:01:27.082000,9.1831,9.18032,1000000,1000000
2020-10-28 07:01:27.133000,9.18317,9.18032,1000000,1000000
2020-10-28 07:01:27.552000,9.18317,9.18052,1000000,1000000
2020-10-28 07:01:27.603000,9.18317,9.18032,1000000,1000000
2020-10-28 07:01:28.113000,9.18317,9.18052,1000000,1000000
2020-10-28 07:01:28.163000,9.18317,9.18022,1000000,1000000
2020-10-28 07:01:28.214000,9.18325,9.18012,1000000,1000000
2020-10-28 07:01:28.315000,9.1831,9.18012,1000000,1000000
2020-10-28 07:01:28.531000,9.1831,9.18002,1000000,1000000
2020-10-28 07:01:28.672000,9.1831,9.18022,1000000,1000000
2020-10-28 07:01:28.722000,9.1831,9.18002,1000000,1000000
2020-10-28 07:01:28.823000,9.18318,9.18003,1000000,1000000
2020-10-28 07:01:28.974000,9.18318,9.18022,1000000,1000000
2020-10-28 07:01:29.075000,9.18325,9.18022,1000000,1000000
2020-10-28 07:01:29.176000,9.18323,9.18022,1000000,1000000
2020-10-28 07:01:30.237000,9.18322,9.18033,1000000,1000000
2020-10-28 07:01:30.524000,9.18323,9.18042,1000000,1000000
2020-10-28 07:01:30.625000,9.18335,9.18062,1000000,1000000
2020-10-28 07:01:30.776000,9.18334,9.18073,1000000,1000000
2020-10-28 07:01:30.827000,9.18335,9.18062,1000000,1000000
2020-10-28 07:01:31.112000,9.18335,9.18052,1000000,1000000
2020-10-28 07:01:31.163000,9.18334,9.18033,1000000,1000000
2020-10-28 07:01:31.214000,9.18335,9.18062,1000000,1000000
2020-10-28 07:01:31.265000,9.18324,9.18043,1000000,1000000
2020-10-28 07:01:31.316000,9.18341,9.18052,1000000,1000000
2020-10-28 07:01:31.416000,9.18341,9.18042,1000000,1000000
2020-10-28 07:01:31.467000,9.18341,9.18062,1000000,1000000
2020-10-28 07:01:31.795000,9.1834,9.18053,1000000,1000000
2020-10-28 07:01:31.896000,9.18334,9.18042,1000000,1000000
2020-10-28 07:01:31.946000,9.18334,9.18052,1000000,1000000
2020-10-28 07:01:32.047000,9.18334,9.18062,1000000,1000000
2020-10-28 07:01:32.098000,9.18334,9.18052,1000000,1000000
2020-10-28 07:01:32.493000,9.18334,9.18032,1000000,1000000
2020-10-28 07:01:32.543000,9.18312,9.18033,1000000,1000000
2020-10-28 07:01:32.597000,9.18327,9.18033,1000000,1000000
2020-10-28 07:01:32.748000,9.18328,9.18052,1000000,1000000
2020-10-28 07:01:33.484000,9.18328,9.18042,1000000,1000000
2020-10-28 07:01:33.585000,9.18328,9.18022,1000000,1000000
2020-10-28 07:01:34.216000,9.18327,9.18033,1000000,1000000
2020-10-28 07:01:34.266000,9.18352,9.18039,1000000,1000000
2020-10-28 07:01:34.319000,9.18374,9.18067,1500000,1000000
2020-10-28 07:01:34.420000,9.1835,9.18047,1000000,1000000
2020-10-28 07:01:34.521000,9.1835,9.18052,1000000,1000000
2020-10-28 07:01:34.572000,9.18349,9.18048,1000000,1000000
2020-10-28 07:01:34.831000,9.18359,9.18055,1000000,1000000
2020-10-28 07:01:34.882000,9.18353,9.18035,1000000,1000000
2020-10-28 07:01:34.932000,9.18353,9.18042,1000000,1000000
2020-10-28 07:01:34.983000,9.18361,9.18044,1000000,1000000
2020-10-28 07:01:35.134000,9.18361,9.18052,1000000,1000000
2020-10-28 07:01:35.271000,9.18361,9.18062,1000000,1000000
2020-10-28 07:01:35.372000,9.18343,9.18052,1000000,1000000
2020-10-28 07:01:35.524000,9.18343,9.18062,1000000,1000000
2020-10-28 07:01:35.732000,9.18343,9.18052,1000000,1000000
2020-10-28 07:01:36.354000,9.18343,9.18042,1000000,1000000
2020-10-28 07:01:36.405000,9.18343,9.18052,1000000,1000000
2020-10-28 07:01:36.881000,9.18342,9.18063,1000000,1000000
2020-10-28 07:01:36.982000,9.18343,9.18072,1000000,1000000
2020-10-28 07:01:37.545000,9.18343,9.18052,1000000,1000000
2020-10-28 07:01:37.684000,9.18342,9.18039,1000000,1000000
2020-10-28 07:01:38.054000,9.18343,9.18062,1000000,1000000
2020-10-28 07:01:38.105000,9.18343,9.18038,1000000,1000000
2020-10-28 07:01:38.608000,9.18343,9.18042,1000000,1000000
2020-10-28 07:01:38.659000,9.18343,9.18038,1000000,1000000
2020-10-28 07:01:39.172000,9.18343,9.18042,1000000,1000000
2020-10-28 07:01:39.223000,9.18343,9.18038,1000000,1000000
2020-10-28 07:01:39.273000,9.18333,9.18035,1000000,1000000
2020-10-28 07:01:39.324000,9.18363,9.18044,1000000,1000000
2020-10-28 07:01:39.526000,9.18341,9.18021,1000000,1000000
2020-10-28 07:01:41.394000,9.18318,9.18,1000000,1000000
2020-10-28 07:01:41.495000,9.18321,9.18025,1000000,1000000
2020-10-28 07:01:42.498000,9.18298,9.18,1000000,1000000
2020-10-28 07:01:42.599000,9.1828,9.17971,1000000,1000000
2020-10-28 07:01:42.650000,9.1828,9.17961,1000000,1000000
2020-10-28 07:01:46.503000,9.18297,9.17982,1000000,1000000
2020-10-28 07:01:46.604000,9.18267,9.17977,1000000,1000000
2020-10-28 07:01:48.970000,9.18253,9.17963,1000000,1000000
2020-10-28 07:01:49.953000,9.18244,9.17954,1000000,1000000
2020-10-28 07:01:50.812000,9.18261,9.17965,1000000,1000000
2020-10-28 07:01:50.862000,9.18282,9.17992,1000000,1000000
2020-10-28 07:01:51.019000,9.18268,9.17973,1000000,1000000
2020-10-28 07:01:51.526000,9.18284,9.17993,1000000,1000000
2020-10-28 07:01:51.858000,9.18274,9.17979,1000000,1000000
2020-10-28 07:01:53.452000,9.18261,9.17965,1000000,1000000
2020-10-28 07:01:59.610000,9.18261,9.17972,1000000,1000000
2020-10-28 07:01:59.661000,9.18286,9.17983,1000000,1000000
2020-10-28 07:01:59.761000,9.18286,9.17992,1000000,1000000
2020-10-28 07:01:59.812000,9.18286,9.17983,1000000,1000000
2020-10-28 07:02:00.903000,9.18261,9.17972,1000000,1000000
2020-10-28 07:02:00.953000,9.18261,9.17964,1000000,1000000
2020-10-28 07:02:04.566000,9.18251,9.17953,1000000,1000000
2020-10-28 07:02:05.224000,9.18251,9.17963,1000000,1000000
2020-10-28 07:02:05.325000,9.18252,9.17946,1000000,1000000
2020-10-28 07:02:05.426000,9.18244,9.17942,1000000,1000000
2020-10-28 07:02:05.527000,9.18228,9.17939,1000000,1000000
2020-10-28 07:02:05.629000,9.18191,9.17915,1000000,1000000
2020-10-28 07:02:05.781000,9.18187,9.17873,1000000,1500000
2020-10-28 07:02:06.074000,9.18188,9.17862,1500000,1000000
2020-10-28 07:02:06.175000,9.18163,9.17852,1000000,1000000
2020-10-28 07:02:06.571000,9.18163,9.17842,1000000,1000000
2020-10-28 07:02:06.687000,9.18163,9.17852,1000000,1000000
2020-10-28 07:02:06.935000,9.18163,9.17862,1000000,1000000
2020-10-28 07:02:07.490000,9.18163,9.17852,1000000,1000000
2020-10-28 07:02:07.541000,9.18146,9.17813,1000000,1500000
2020-10-28 07:02:07.591000,9.18117,9.17814,1000000,1000000
2020-10-28 07:02:07.642000,9.18121,9.17796,1000000,1000000
2020-10-28 07:02:08.022000,9.18118,9.17796,1000000,1000000
2020-10-28 07:02:08.123000,9.18106,9.17783,1000000,1000000
2020-10-28 07:02:08.339000,9.18091,9.17757,1000000,1000000
2020-10-28 07:02:08.980000,9.18068,9.17735,1000000,1000000
2020-10-28 07:02:09.081000,9.18045,9.17716,1000000,1000000
2020-10-28 07:02:09.197000,9.18039,9.17717,1000000,1000000
2020-10-28 07:02:09.503000,9.18039,9.17762,1000000,1000000
2020-10-28 07:02:09.633000,9.18038,9.17773,1000000,1000000
2020-10-28 07:02:10.032000,9.18038,9.17763,1000000,1000000
2020-10-28 07:02:10.262000,9.1806,9.17792,1000000,1000000
2020-10-28 07:02:10.363000,9.18047,9.17802,1000000,1000000
2020-10-28 07:02:10.464000,9.18071,9.17812,1000000,1000000
2020-10-28 07:02:10.515000,9.18057,9.17832,1000000,1000000
2020-10-28 07:02:10.616000,9.18066,9.17823,1000000,1000000
2020-10-28 07:02:10.998000,9.18067,9.17782,1000000,1000000
2020-10-28 07:02:11.099000,9.18083,9.17803,1000000,1000000
2020-10-28 07:02:11.251000,9.18084,9.17812,1000000,1000000
2020-10-28 07:02:11.352000,9.1806,9.17802,1000000,1000000
2020-10-28 07:02:11.679000,9.18051,9.17772,1000000,1000000
2020-10-28 07:02:11.730000,9.18053,9.17762,1000000,1000000
2020-10-28 07:02:11.882000,9.18053,9.17752,1000000,1000000
2020-10-28 07:02:12.529000,9.18053,9.17762,1000000,1000000
2020-10-28 07:02:12.873000,9.18053,9.17782,1000000,1000000
2020-10-28 07:02:12.924000,9.18076,9.17782,1000000,1000000
2020-10-28 07:02:13.025000,9.1806,9.17762,1000000,1000000
2020-10-28 07:02:13.867000,9.1806,9.17772,1000000,1000000
2020-10-28 07:02:13.969000,9.1806,9.17752,1000000,1500000
2020-10-28 07:02:14.738000,9.18059,9.17772,1000000,1000000
2020-10-28 07:02:14.936000,9.1806,9.17792,1000000,1000000
2020-10-28 07:02:15.036000,9.18077,9.17802,1000000,1000000
2020-10-28 07:02:15.087000,9.18093,9.17803,1000000,1000000
2020-10-28 07:02:15.138000,9.18093,9.17793,1000000,1000000
2020-10-28 07:02:15.188000,9.18074,9.17792,1000000,1000000
2020-10-28 07:02:15.289000,9.18081,9.17802,1000000,1000000
2020-10-28 07:02:15.340000,9.18081,9.17796,1000000,1000000
2020-10-28 07:02:15.491000,9.18064,9.17782,1000000,1000000
2020-10-28 07:02:15.592000,9.18072,9.17786,1000000,1000000
2020-10-28 07:02:15.770000,9.18076,9.17782,1000000,1000000
2020-10-28 07:02:16.313000,9.18076,9.17772,1000000,1000000
2020-10-28 07:02:16.364000,9.18076,9.17782,1000000,1000000
2020-10-28 07:02:16.617000,9.18075,9.17773,1000000,1000000
2020-10-28 07:02:16.718000,9.18091,9.17772,1000000,1000000
2020-10-28 07:02:16.869000,9.18091,9.17812,1000000,1000000
2020-10-28 07:02:16.920000,9.1809,9.17793,1000000,1000000
2020-10-28 07:02:16.972000,9.18091,9.17782,1000000,1000000
2020-10-28 07:02:17.073000,9.18135,9.17832,1000000,1000000
2020-10-28 07:02:17.124000,9.1815,9.17846,1000000,1000000
2020-10-28 07:02:17.174000,9.1815,9.17862,1000000,1000000
2020-10-28 07:02:17.225000,9.18165,9.17863,1000000,1500000
2020-10-28 07:02:17.275000,9.18166,9.17872,1000000,1000000
2020-10-28 07:02:17.376000,9.18191,9.17886,1000000,1000000
2020-10-28 07:02:18.212000,9.18191,9.17892,1000000,1000000
2020-10-28 07:02:18.325000,9.18191,9.17922,1000000,1000000
2020-10-28 07:02:18.426000,9.18191,9.17902,1000000,1000000
2020-10-28 07:02:18.477000,9.18213,9.17919,1000000,1000000
2020-10-28 07:02:18.594000,9.18232,9.17936,1000000,1000000
2020-10-28 07:02:21.853000,9.18233,9.17942,1000000,1000000
2020-10-28 07:02:21.954000,9.18251,9.1796,1000000,1000000
2020-10-28 07:02:22.055000,9.1826,9.17974,1000000,1000000
2020-10-28 07:02:22.159000,9.18275,9.17994,1000000,1000000
2020-10-28 07:02:22.468000,9.18289,9.18012,1000000,1000000
2020-10-28 07:02:22.519000,9.18281,9.17993,1000000,1000000
2020-10-28 07:02:23.083000,9.18301,9.18012,1000000,1000000
2020-10-28 07:02:23.184000,9.18333,9.18026,1000000,1000000
2020-10-28 07:02:23.335000,9.18312,9.18015,1000000,1000000
2020-10-28 07:02:23.436000,9.18307,9.18009,1000000,1000000
2020-10-28 07:02:23.487000,9.18307,9.17995,1000000,1500000
2020-10-28 07:02:23.588000,9.18303,9.18007,1000000,1000000
2020-10-28 07:02:24.183000,9.18312,9.18028,1000000,1000000
2020-10-28 07:02:24.554000,9.18325,9.18044,1000000,1000000
2020-10-28 07:02:28.967000,9.18311,9.18027,1000000,1000000
2020-10-28 07:02:29.836000,9.1831,9.18043,1000000,1000000
2020-10-28 07:02:29.886000,9.1831,9.18033,1000000,1000000
2020-10-28 07:02:29.937000,9.18327,9.18034,1000000,1000000
2020-10-28 07:02:30.088000,9.18328,9.18042,1000000,1000000
2020-10-28 07:02:30.189000,9.18313,9.18062,1000000,1000000
2020-10-28 07:02:30.456000,9.18313,9.18052,1000000,1000000
2020-10-28 07:02:30.556000,9.18313,9.18032,1000000,1000000
2020-10-28 07:02:30.607000,9.18313,9.18052,1000000,1000000
2020-10-28 07:02:30.657000,9.18312,9.18033,1000000,1000000
2020-10-28 07:02:30.708000,9.18313,9.18022,1000000,1000000
2020-10-28 07:02:30.759000,9.18313,9.18032,1000000,1000000
2020-10-28 07:02:31.482000,9.18313,9.18042,1000000,1000000
2020-10-28 07:02:31.532000,9.18313,9.18032,1000000,1000000
2020-10-28 07:02:31.748000,9.18313,9.18052,1000000,1000000
2020-10-28 07:02:32.335000,9.18313,9.18072,1000000,1000000
2020-10-28 07:02:33.156000,9.18313,9.18062,1000000,1000000
2020-10-28 07:02:33.207000,9.18313,9.18072,1000000,1000000
2020-10-28 07:02:33.915000,9.18313,9.18062,1000000,1000000
2020-10-28 07:02:34.592000,9.18312,9.18073,1000000,1000000
2020-10-28 07:02:35.380000,9.18313,9.18062,1000000,1000000
2020-10-28 07:02:35.439000,9.18313,9.18052,1000000,1000000
2020-10-28 07:02:35.872000,9.18313,9.18072,1000000,1000000
2020-10-28 07:02:35.973000,9.18355,9.18063,1000000,1000000
2020-10-28 07:02:36.024000,9.18362,9.18062,1000000,1000000
2020-10-28 07:02:36.125000,9.18364,9.18073,1000000,1000000
2020-10-28 07:02:36.175000,9.18399,9.18093,1000000,1000000
2020-10-28 07:02:36.457000,9.18399,9.18102,1000000,1000000
2020-10-28 07:02:36.508000,9.18399,9.18093,1000000,1000000
2020-10-28 07:02:36.715000,9.18411,9.18111,1000000,1000000
2020-10-28 07:02:37.242000,9.18406,9.18093,1000000,1000000
2020-10-28 07:02:37.444000,9.18417,9.18129,1000000,1000000
2020-10-28 07:02:38.187000,9.18417,9.18132,1000000,1000000
2020-10-28 07:02:40.225000,9.18417,9.18142,1000000,1000000
2020-10-28 07:02:40.276000,9.18433,9.18152,1000000,1000000
2020-10-28 07:02:40.377000,9.18433,9.18142,1000000,1000000
2020-10-28 07:02:40.427000,9.18415,9.18152,1000000,1000000
2020-10-28 07:02:40.478000,9.18415,9.18142,1000000,1000000
2020-10-28 07:02:40.529000,9.18415,9.18152,1000000,1000000
2020-10-28 07:02:40.579000,9.18421,9.18152,1000000,1000000
2020-10-28 07:02:40.630000,9.18407,9.18132,1000000,1000000
2020-10-28 07:02:40.681000,9.18407,9.18142,1000000,1000000
2020-10-28 07:02:40.731000,9.18421,9.18132,1000000,1000000
2020-10-28 07:02:41.492000,9.18421,9.18142,1000000,1000000
2020-10-28 07:02:41.744000,9.18438,9.18149,1000000,1000000
2020-10-28 07:02:42.042000,9.18438,9.18152,1000000,1000000
2020-10-28 07:02:42.143000,9.18432,9.18165,1000000,1000000
2020-10-28 07:02:42.295000,9.18443,9.18202,1000000,1000000
2020-10-28 07:02:42.345000,9.18443,9.18192,1000000,1000000
2020-10-28 07:02:42.396000,9.18443,9.18182,1000000,1000000
2020-10-28 07:02:42.515000,9.18443,9.18172,1000000,1000000
2020-10-28 07:02:42.565000,9.18435,9.18172,1000000,1000000
2020-10-28 07:02:42.717000,9.18435,9.18182,1000000,1000000
2020-10-28 07:02:43.114000,9.18435,9.18192,1000000,1000000
2020-10-28 07:02:43.550000,9.18435,9.18202,1000000,1000000
2020-10-28 07:02:43.681000,9.18428,9.18192,1000000,1000000
2020-10-28 07:02:45.119000,9.18428,9.18182,1000000,1000000
2020-10-28 07:02:45.233000,9.18427,9.18203,1000000,1000000
2020-10-28 07:02:45.283000,9.18442,9.18202,1000000,1000000
2020-10-28 07:02:46.692000,9.18442,9.18192,1000000,1000000
2020-10-28 07:02:47.394000,9.18442,9.18172,1000000,1000000
2020-10-28 07:02:48.523000,9.18444,9.18192,1000000,1000000
2020-10-28 07:02:48.624000,9.18444,9.18186,1000000,1000000
2020-10-28 07:02:48.725000,9.18435,9.18174,1000000,1000000
2020-10-28 07:02:49.742000,9.18447,9.18168,1000000,1000000
2020-10-28 07:02:49.797000,9.18426,9.18154,1000000,1100000
2020-10-28 07:02:49.847000,9.18425,9.18152,1000000,1000000
2020-10-28 07:02:51.594000,9.18437,9.18177,1000000,1000000
2020-10-28 07:02:53.127000,9.18429,9.18162,1000000,1000000
2020-10-28 07:02:53.178000,9.18433,9.18178,1000000,1000000
2020-10-28 07:02:53.279000,9.18433,9.1818,1000000,1000000
2020-10-28 07:02:53.501000,9.18417,9.18168,1000000,1000000
2020-10-28 07:02:53.551000,9.18459,9.18182,1100000,1000000
2020-10-28 07:02:53.602000,9.18467,9.18185,1100000,1000000
2020-10-28 07:02:53.703000,9.18464,9.18193,1100000,1000000
2020-10-28 07:02:53.754000,9.18478,9.18189,1300000,1000000
2020-10-28 07:02:53.804000,9.18491,9.18203,1300000,1500000
2020-10-28 07:02:54.616000,9.18494,9.18229,1300000,1000000
2020-10-28 07:02:54.891000,9.18485,9.18203,1300000,1500000
2020-10-28 07:02:55.225000,9.18492,9.18228,1300000,1000000
2020-10-28 07:02:55.947000,9.1849,9.1823,1300000,1700000
2020-10-28 07:02:55.998000,9.18517,9.18326,1000000,1000000
2020-10-28 07:02:56.099000,9.18513,9.18315,1000000,1000000
2020-10-28 07:02:56.411000,9.18525,9.18321,1000000,1000000
2020-10-28 07:02:56.775000,9.18555,9.18333,1000000,1000000
2020-10-28 07:02:56.876000,9.18591,9.18309,1000000,1000000
2020-10-28 07:02:56.976000,9.18595,9.18297,1000000,1000000
2020-10-28 07:02:57.027000,9.18599,9.18311,1000000,1000000
2020-10-28 07:02:57.077000,9.18595,9.18296,1000000,1000000
2020-10-28 07:02:57.434000,9.18604,9.18314,1000000,1000000
2020-10-28 07:02:58.634000,9.18627,9.18305,1000000,1000000
2020-10-28 07:02:58.787000,9.18624,9.18322,1000000,1000000
2020-10-28 07:02:58.988000,9.18638,9.18343,1000000,1000000
2020-10-28 07:02:59.281000,9.1864,9.18348,1000000,1000000
2020-10-28 07:03:00.261000,9.18626,9.18327,1000000,1000000
2020-10-28 07:03:01.471000,9.18598,9.18311,1000000,1000000
2020-10-28 07:03:01.572000,9.18585,9.18299,1000000,1000000
2020-10-28 07:03:01.623000,9.18586,9.18281,1000000,1000000
2020-10-28 07:03:02.059000,9.18568,9.18275,1000000,1000000
2020-10-28 07:03:02.160000,9.18578,9.18286,1000000,1000000
2020-10-28 07:03:02.311000,9.18588,9.18286,1000000,1000000
2020-10-28 07:03:02.469000,9.18598,9.18286,1000000,1000000
2020-10-28 07:03:02.671000,9.18588,9.18286,1000000,1000000
2020-10-28 07:03:02.722000,9.18578,9.1827,1000000,1000000
2020-10-28 07:03:02.873000,9.18518,9.1827,1000000,1000000
2020-10-28 07:03:02.974000,9.18508,9.1827,1000000,1000000
2020-10-28 07:03:03.075000,9.18507,9.18268,1000000,1000000
2020-10-28 07:03:03.221000,9.18528,9.18267,1000000,1000000
2020-10-28 07:03:03.809000,9.18538,9.18267,1000000,1000000
2020-10-28 07:03:04.166000,9.18527,9.18268,1000000,1000000
2020-10-28 07:03:04.318000,9.18538,9.18267,1000000,1000000
2020-10-28 07:03:04.646000,9.18547,9.18283,1000000,1000000
2020-10-28 07:03:04.747000,9.18518,9.18267,1000000,1000000
2020-10-28 07:03:04.848000,9.18527,9.18268,1000000,1000000
2020-10-28 07:03:04.899000,9.18518,9.18267,1000000,1000000
2020-10-28 07:03:05,9.18528,9.18267,1000000,1000000
2020-10-28 07:03:05.100000,9.18538,9.18267,1000000,1000000
2020-10-28 07:03:05.845000,9.18518,9.18267,1000000,1000000
2020-10-28 07:03:05.896000,9.18528,9.18267,1000000,1000000
2020-10-28 07:03:05.997000,9.18527,9.18258,1000000,1000000
2020-10-28 07:03:06.047000,9.18518,9.18257,1000000,1000000
2020-10-28 07:03:06.148000,9.18508,9.18257,1000000,1000000
2020-10-28 07:03:06.377000,9.18518,9.18272,1000000,1000000
2020-10-28 07:03:06.428000,9.18528,9.18272,1000000,1000000
2020-10-28 07:03:06.579000,9.18528,9.18288,1000000,1000000
2020-10-28 07:03:06.917000,9.18518,9.18288,1000000,1000000
2020-10-28 07:03:06.968000,9.18517,9.18274,1000000,1000000
2020-10-28 07:03:07.220000,9.18518,9.18258,1000000,1000000
2020-10-28 07:03:07.421000,9.18527,9.18259,1000000,1000000
2020-10-28 07:03:07.623000,9.18518,9.18258,1000000,1000000
2020-10-28 07:03:07.674000,9.18528,9.18258,1000000,1000000
2020-10-28 07:03:07.724000,9.18518,9.18258,1000000,1000000
2020-10-28 07:03:08.468000,9.18527,9.18259,1000000,1000000
2020-10-28 07:03:08.962000,9.18518,9.18258,1000000,1000000
2020-10-28 07:03:09.114000,9.18507,9.18259,1000000,1000000
2020-10-28 07:03:09.717000,9.18488,9.18258,1000000,1000000
2020-10-28 07:03:09.768000,9.18488,9.1825,1000000,1000000
2020-10-28 07:03:09.818000,9.18448,9.1823,1000000,1000000
2020-10-28 07:03:09.869000,9.18448,9.18225,1000000,1000000
2020-10-28 07:03:09.970000,9.18448,9.18182,1000000,1000000
2020-10-28 07:03:10.020000,9.18398,9.18168,1000000,1000000
2020-10-28 07:03:10.171000,9.18388,9.18171,1000000,1500000
2020-10-28 07:03:10.273000,9.18348,9.18186,1000000,1500000
2020-10-28 07:03:10.424000,9.18358,9.18183,1000000,1500000
2020-10-28 07:03:10.631000,9.18347,9.18184,1000000,1500000
2020-10-28 07:03:10.732000,9.18338,9.18183,1000000,1500000
2020-10-28 07:03:10.884000,9.18318,9.18166,1000000,1500000
2020-10-28 07:03:11.036000,9.18308,9.18153,1000000,1000000
2020-10-28 07:03:11.137000,9.18307,9.18137,1000000,1500000
2020-10-28 07:03:11.238000,9.18297,9.18137,1000000,1500000
2020-10-28 07:03:11.541000,9.18308,9.18136,1000000,1000000
2020-10-28 07:03:11.800000,9.18318,9.18136,1000000,1000000
2020-10-28 07:03:12.103000,9.18307,9.18137,1000000,1000000
2020-10-28 07:03:12.220000,9.18318,9.18136,1000000,1000000
2020-10-28 07:03:12.321000,9.18348,9.18154,1000000,1000000
2020-10-28 07:03:12.372000,9.18318,9.18154,1000000,1000000
2020-10-28 07:03:12.536000,9.18308,9.18154,1000000,1000000
2020-10-28 07:03:12.850000,9.18318,9.18154,1000000,1000000
2020-10-28 07:03:13.180000,9.18308,9.18154,1000000,1000000
2020-10-28 07:03:13.284000,9.18298,9.18154,1000000,1250000
2020-10-28 07:03:14.109000,9.18308,9.18154,1000000,1000000
2020-10-28 07:03:14.638000,9.18298,9.18154,1000000,1000000
2020-10-28 07:03:15.295000,9.18278,9.18154,1000000,1000000
2020-10-28 07:03:15.345000,9.18278,9.18082,1000000,1000000
2020-10-28 07:03:16.398000,9.18268,9.18071,1000000,1000000
2020-10-28 07:03:16.550000,9.18318,9.18083,1000000,1000000
2020-10-28 07:03:16.601000,9.18337,9.18084,1000000,1000000
2020-10-28 07:03:16.701000,9.18362,9.18113,1000000,1000000
2020-10-28 07:03:16.802000,9.1841,9.18112,1000000,1000000
2020-10-28 07:03:16.853000,9.18432,9.18138,2500000,1000000
2020-10-28 07:03:16.954000,9.18432,9.18163,1000000,1000000
2020-10-28 07:03:17.055000,9.18432,9.1817,1000000,1000000
2020-10-28 07:03:17.156000,9.18408,9.18177,1000000,1000000
2020-10-28 07:03:17.648000,9.18418,9.18177,1000000,1000000
2020-10-28 07:03:17.749000,9.18408,9.18168,1000000,1000000
2020-10-28 07:03:17.902000,9.18418,9.18168,1000000,1000000
2020-10-28 07:03:17.953000,9.18408,9.18159,1000000,1000000
2020-10-28 07:03:18.003000,9.18417,9.1816,1000000,1000000
2020-10-28 07:03:18.816000,9.18427,9.1816,1000000,1000000
2020-10-28 07:03:18.929000,9.18432,9.18159,1000000,1000000
2020-10-28 07:03:18.980000,9.18428,9.18159,1000000,1000000
2020-10-28 07:03:19.644000,9.18408,9.18159,1000000,1000000
2020-10-28 07:03:19.745000,9.18418,9.18159,1000000,1000000
2020-10-28 07:03:19.795000,9.18408,9.18159,1000000,1000000
2020-10-28 07:03:19.846000,9.18408,9.18148,1000000,1000000
2020-10-28 07:03:19.897000,9.18408,9.18161,1000000,1000000
2020-10-28 07:03:19.998000,9.18398,9.18161,1000000,1000000
2020-10-28 07:03:20.100000,9.18378,9.18141,1000000,1000000
2020-10-28 07:03:20.151000,9.18378,9.18128,1000000,1000000
2020-10-28 07:03:20.330000,9.18368,9.18128,1000000,1000000
2020-10-28 07:03:20.482000,9.18368,9.18125,1000000,1000000
2020-10-28 07:03:20.533000,9.18357,9.18126,1000000,1000000
2020-10-28 07:03:20.634000,9.18377,9.18126,1000000,1000000
2020-10-28 07:03:20.685000,9.18358,9.18125,1000000,1000000
2020-10-28 07:03:20.837000,9.18357,9.18115,1000000,1000000
2020-10-28 07:03:20.938000,9.18348,9.18114,1000000,1000000
2020-10-28 07:03:21.039000,9.18338,9.18095,1000000,1000000
2020-10-28 07:03:21.090000,9.18328,9.18095,1000000,1000000
2020-10-28 07:03:21.140000,9.18338,9.18095,1000000,1000000
2020-10-28 07:03:21.667000,9.18348,9.18095,1000000,1000000
2020-10-28 07:03:21.768000,9.18338,9.18095,1000000,1000000
2020-10-28 07:03:21.891000,9.18348,9.18095,1000000,1000000
2020-10-28 07:03:22.146000,9.18338,9.18095,1000000,1000000
2020-10-28 07:03:23.415000,9.18358,9.18095,1000000,1000000
2020-10-28 07:03:23.745000,9.18368,9.18095,1000000,1000000
2020-10-28 07:03:24.823000,9.18347,9.18096,1000000,1000000
2020-10-28 07:03:25.076000,9.18357,9.18096,1000000,1000000
2020-10-28 07:03:25.127000,9.18348,9.18095,1000000,1000000
2020-10-28 07:03:25.556000,9.18328,9.18095,1000000,1000000
2020-10-28 07:03:25.607000,9.18318,9.18084,1000000,1000000
2020-10-28 07:03:25.657000,9.18308,9.18084,1000000,1000000
2020-10-28 07:03:25.708000,9.18308,9.1806,1000000,1000000
2020-10-28 07:03:25.759000,9.18308,9.18042,1000000,1000000
2020-10-28 07:03:25.975000,9.18318,9.18042,1000000,1000000
2020-10-28 07:03:26.177000,9.18308,9.18042,1000000,1000000
2020-10-28 07:03:26.379000,9.18328,9.18042,1000000,1000000
2020-10-28 07:03:26.429000,9.18328,9.18057,1000000,1000000
2020-10-28 07:03:26.485000,9.18338,9.18057,1000000,1000000
2020-10-28 07:03:26.788000,9.18338,9.18073,1000000,1000000
2020-10-28 07:03:26.838000,9.18348,9.18073,1000000,1000000
2020-10-28 07:03:26.889000,9.18337,9.18074,1000000,1000000
2020-10-28 07:03:27.040000,9.18327,9.18074,1000000,1000000
2020-10-28 07:03:27.141000,9.18328,9.18071,1000000,1000000
2020-10-28 07:03:27.242000,9.18318,9.18071,1000000,1000000
2020-10-28 07:03:27.576000,9.18328,9.18055,1000000,1000000
2020-10-28 07:03:27.627000,9.18337,9.18059,1000000,1000000
2020-10-28 07:03:27.829000,9.18337,9.18074,1000000,1000000
2020-10-28 07:03:27.879000,9.18347,9.18074,1000000,1000000
2020-10-28 07:03:27.930000,9.18337,9.18074,1000000,1000000
2020-10-28 07:03:29.598000,9.18328,9.18073,1000000,1000000
2020-10-28 07:03:30.332000,9.18338,9.18073,1000000,1000000
2020-10-28 07:03:30.574000,9.18348,9.18073,1500000,1000000
2020-10-28 07:03:30.675000,9.18372,9.18084,1000000,1000000
2020-10-28 07:03:30.725000,9.18372,9.1809,1000000,1000000
2020-10-28 07:03:30.776000,9.18407,9.1809,1000000,1000000
2020-10-28 07:03:30.826000,9.18387,9.18099,1000000,1000000
2020-10-28 07:03:30.927000,9.1842,9.18103,1000000,1000000
2020-10-28 07:03:31.532000,9.18418,9.18118,1000000,1000000
2020-10-28 07:03:31.583000,9.18417,9.18101,1000000,1000000
2020-10-28 07:03:31.633000,9.18419,9.18118,1000000,1000000
2020-10-28 07:03:31.834000,9.18397,9.18102,1000000,1000000
2020-10-28 07:03:32.277000,9.18403,9.18117,1500000,1000000
2020-10-28 07:03:33.603000,9.18398,9.18117,1000000,1000000
2020-10-28 07:03:34.214000,9.18397,9.18128,1000000,1000000
2020-10-28 07:03:34.872000,9.18408,9.18127,1000000,1000000
2020-10-28 07:03:36.619000,9.18402,9.18119,1000000,1000000
2020-10-28 07:03:37.788000,9.18408,9.18134,1000000,1000000
2020-10-28 07:03:37.923000,9.18378,9.18134,1000000,1000000
2020-10-28 07:03:37.973000,9.18368,9.18093,1000000,1000000
2020-10-28 07:03:38.024000,9.18372,9.18076,1000000,1000000
2020-10-28 07:03:38.074000,9.18358,9.18091,1000000,1000000
2020-10-28 07:03:38.125000,9.18378,9.18069,1000000,1000000
2020-10-28 07:03:38.176000,9.18348,9.18079,1000000,1000000
2020-10-28 07:03:38.277000,9.18358,9.18092,1000000,1000000
2020-10-28 07:03:38.328000,9.18358,9.18084,1000000,1000000
2020-10-28 07:03:38.378000,9.18358,9.18102,1000000,1000000
2020-10-28 07:03:38.481000,9.18357,9.1809,1000000,1000000
2020-10-28 07:03:38.583000,9.18357,9.1811,1000000,1000000
2020-10-28 07:03:38.915000,9.18368,9.18109,1000000,1000000
2020-10-28 07:03:39.020000,9.18378,9.18127,1000000,1000000
2020-10-28 07:03:39.222000,9.18388,9.18127,1000000,1000000
2020-10-28 07:03:39.409000,9.18378,9.18127,1000000,1000000
2020-10-28 07:03:39.589000,9.18388,9.18127,1000000,1000000
2020-10-28 07:03:39.982000,9.18378,9.18127,1000000,1000000
2020-10-28 07:03:40.042000,9.18378,9.18117,1000000,1000000
2020-10-28 07:03:40.093000,9.18387,9.18118,1000000,1000000
2020-10-28 07:03:40.350000,9.18378,9.18117,1000000,1000000
2020-10-28 07:03:41.443000,9.18398,9.18117,1000000,1000000
2020-10-28 07:03:42.562000,9.18405,9.18118,1000000,1000000
2020-10-28 07:03:43.014000,9.18398,9.18117,1000000,1000000
2020-10-28 07:03:43.369000,9.18388,9.18106,1000000,1000000
2020-10-28 07:03:43.419000,9.18348,9.18086,1000000,1000000
2020-10-28 07:03:43.520000,9.18328,9.18086,1000000,1000000
2020-10-28 07:03:43.676000,9.18348,9.18086,1000000,1000000
2020-10-28 07:03:44.027000,9.18367,9.18087,1000000,1000000
2020-10-28 07:03:44.254000,9.18358,9.18086,1000000,1000000
2020-10-28 07:03:45.079000,9.18375,9.18086,1000000,1000000
2020-10-28 07:03:45.245000,9.18358,9.18086,1000000,1000000
2020-10-28 07:03:45.989000,9.18367,9.18087,1000000,1000000
2020-10-28 07:03:46.090000,9.18375,9.18086,1000000,1000000
2020-10-28 07:03:46.474000,9.18347,9.18087,1000000,1000000
2020-10-28 07:03:46.878000,9.18357,9.18088,1000000,1000000
2020-10-28 07:03:47.008000,9.18348,9.18088,1000000,1000000
2020-10-28 07:03:48.582000,9.18357,9.18088,1000000,1000000
2020-10-28 07:03:53.125000,9.18371,9.18099,1000000,1000000
2020-10-28 07:03:53.176000,9.18386,9.18112,1000000,1000000
2020-10-28 07:03:53.226000,9.1839,9.18127,1000000,1000000
2020-10-28 07:03:53.327000,9.18431,9.18135,1000000,1000000
2020-10-28 07:03:54.307000,9.18438,9.18154,1000000,1000000
2020-10-28 07:03:54.458000,9.18459,9.18171,1000000,1000000
2020-10-28 07:03:56.388000,9.18443,9.18162,1000000,1000000
2020-10-28 07:03:58.583000,9.18459,9.18173,1000000,1000000
2020-10-28 07:04:00.057000,9.18482,9.18198,1000000,1000000
2020-10-28 07:04:00.159000,9.18482,9.18219,1000000,1000000
2020-10-28 07:04:00.259000,9.18505,9.18219,1000000,1000000
2020-10-28 07:04:01.708000,9.18498,9.18219,1000000,1000000
2020-10-28 07:04:01.759000,9.18505,9.18219,1000000,1000000
2020-10-28 07:04:03.192000,9.18505,9.18219,1500000,1000000
2020-10-28 07:04:03.831000,9.18505,9.18219,1500000,1000000
2020-10-28 07:04:04.388000,9.18505,9.18219,1500000,1000000
2020-10-28 07:04:04.772000,9.18448,9.18219,1000000,1000000
2020-10-28 07:04:04.823000,9.18448,9.18212,1000000,1000000
2020-10-28 07:04:04.873000,9.18447,9.18213,1500000,1000000
2020-10-28 07:04:05.118000,9.18448,9.18212,1000000,1000000
