time,ask,bid,ask_volume,bid_volume
2023-01-26 06:55:00.024000,9.88827,9.88368,1200000,1200000
2023-01-26 06:55:00.264000,9.88881,9.88317,1200000,1200000
2023-01-26 06:55:00.594000,9.88843,9.88279,1200000,1200000
2023-01-26 06:55:00.695000,9.88843,9.88303,1200000,1200000
2023-01-26 06:55:00.746000,9.88843,9.88279,1200000,1200000
2023-01-26 06:55:00.852000,9.88842,9.88281,1200000,1200000
2023-01-26 06:55:01.003000,9.88843,9.88279,1200000,1200000
2023-01-26 06:55:02.070000,9.88894,9.88324,1200000,1200000
2023-01-26 06:55:03.270000,9.88894,9.88362,1200000,1200000
2023-01-26 06:55:03.321000,9.88927,9.88363,1200000,1200000
2023-01-26 06:55:03.371000,9.88927,9.88392,1200000,1200000
2023-01-26 06:55:03.422000,9.88978,9.88414,1200000,1200000
2023-01-26 06:55:06.916000,9.89012,9.88464,1200000,1200000
2023-01-26 06:55:08.998000,9.89023,9.88456,1200000,1200000
2023-01-26 06:55:09.558000,9.89062,9.88471,1200000,1200000
2023-01-26 06:55:10.365000,9.89066,9.88471,1200000,1200000
2023-01-26 06:55:12.131000,9.891,9.88512,1600000,1200000
2023-01-26 06:55:12.283000,9.891,9.88512,1200000,1200000
2023-01-26 06:55:12.856000,9.89098,9.88512,1200000,1200000
2023-01-26 06:55:13.253000,9.89099,9.88513,1200000,1200000
2023-01-26 06:55:14.204000,9.891,9.88512,1600000,1200000
2023-01-26 06:55:14.860000,9.891,9.88512,1200000,1200000
2023-01-26 06:55:15.743000,9.89145,9.88551,1600000,1200000
2023-01-26 06:55:15.895000,9.89145,9.88551,1200000,1200000
2023-01-26 06:55:15.946000,9.89189,9.88592,1200000,1200000
2023-01-26 06:55:16.206000,9.89188,9.88592,1200000,1200000
2023-01-26 06:55:16.307000,9.89178,9.88592,1200000,1200000
2023-01-26 06:55:16.409000,9.89167,9.88592,1200000,1200000
2023-01-26 06:55:16.510000,9.89158,9.88592,1200000,1200000
2023-01-26 06:55:16.813000,9.89138,9.88592,1200000,1200000
2023-01-26 06:55:16.914000,9.89128,9.88557,1200000,1200000
2023-01-26 06:55:16.975000,9.89118,9.88557,1200000,1200000
2023-01-26 06:55:17.076000,9.89108,9.88557,1200000,1200000
2023-01-26 06:55:17.206000,9.89118,9.88557,1200000,1200000
2023-01-26 06:55:17.478000,9.89108,9.88557,1200000,1200000
2023-01-26 06:55:17.529000,9.89118,9.88557,1800000,1200000
2023-01-26 06:55:17.630000,9.89128,9.88557,1200000,1200000
2023-01-26 06:55:17.681000,9.89151,9.88557,1200000,1200000
2023-01-26 06:55:17.782000,9.89148,9.88557,1200000,1200000
2023-01-26 06:55:17.883000,9.89138,9.88557,1200000,1200000
2023-01-26 06:55:17.984000,9.89108,9.88557,1200000,1200000
2023-01-26 06:55:18.359000,9.89117,9.88558,1200000,1200000
2023-01-26 06:55:18.410000,9.89128,9.88557,1200000,1200000
2023-01-26 06:55:18.511000,9.89118,9.88557,1200000,1200000
2023-01-26 06:55:18.563000,9.89127,9.88557,1200000,1200000
2023-01-26 06:55:18.699000,9.89128,9.88557,1200000,1200000
2023-01-26 06:55:19.041000,9.89118,9.88557,1200000,1200000
2023-01-26 06:55:19.658000,9.89108,9.88557,1200000,1200000
2023-01-26 06:55:19.948000,9.89107,9.88557,1200000,1200000
2023-01-26 06:55:20.049000,9.89108,9.88557,1200000,1200000
2023-01-26 06:55:20.211000,9.89117,9.88557,1200000,1200000
2023-01-26 06:55:20.262000,9.89108,9.88557,1200000,1200000
2023-01-26 06:55:20.366000,9.89118,9.88557,1200000,1200000
2023-01-26 06:55:20.417000,9.89108,9.88557,1200000,1200000
2023-01-26 06:55:20.493000,9.89117,9.88557,1200000,1200000
2023-01-26 06:55:20.594000,9.89127,9.88558,1200000,1200000
2023-01-26 06:55:20.645000,9.89108,9.88557,1200000,1200000
2023-01-26 06:55:20.696000,9.89137,9.88558,1200000,1200000
2023-01-26 06:55:20.797000,9.89108,9.88516,1200000,1200000
2023-01-26 06:55:20.898000,9.89113,9.88516,1200000,1200000
2023-01-26 06:55:21.100000,9.89098,9.88516,1200000,1200000
2023-01-26 06:55:21.151000,9.89108,9.88516,1800000,1200000
2023-01-26 06:55:21.201000,9.89098,9.88516,1200000,1200000
2023-01-26 06:55:21.302000,9.89088,9.88516,1200000,1200000
2023-01-26 06:55:21.702000,9.89098,9.88516,1200000,1200000
2023-01-26 06:55:21.753000,9.89088,9.88516,1200000,1200000
2023-01-26 06:55:21.904000,9.89098,9.88516,1800000,1200000
2023-01-26 06:55:22.005000,9.89108,9.88516,1800000,1200000
2023-01-26 06:55:22.419000,9.89098,9.88516,1200000,1200000
2023-01-26 06:55:22.520000,9.89108,9.88516,1800000,1200000
2023-01-26 06:55:22.672000,9.89112,9.88517,1800000,1200000
2023-01-26 06:55:22.773000,9.89098,9.88516,1200000,1200000
2023-01-26 06:55:23.358000,9.89108,9.88516,1200000,1200000
2023-01-26 06:55:23.408000,9.89098,9.88516,1200000,1200000
2023-01-26 06:55:23.459000,9.89108,9.88516,1800000,1200000
2023-01-26 06:55:23.846000,9.89097,9.88517,1200000,1200000
2023-01-26 06:55:23.948000,9.89108,9.88516,1200000,1200000
2023-01-26 06:55:24.049000,9.89113,9.88516,1200000,1200000
2023-01-26 06:55:27.679000,9.89107,9.88516,1200000,1200000
2023-01-26 06:55:27.780000,9.89088,9.88516,1200000,1200000
2023-01-26 06:55:27.831000,9.89097,9.88517,1800000,1200000
2023-01-26 06:55:27.932000,9.89087,9.88517,1200000,1200000
2023-01-26 06:55:28.034000,9.89065,9.88477,1200000,1200000
2023-01-26 06:55:28.162000,9.89078,9.88516,1200000,1200000
2023-01-26 06:55:28.213000,9.89104,9.88516,1200000,1200000
2023-01-26 06:55:28.263000,9.89097,9.88517,1200000,1200000
2023-01-26 06:55:28.365000,9.89103,9.88517,1200000,1200000
2023-01-26 06:55:30.070000,9.89167,9.88542,1600000,1200000
2023-01-26 06:55:30.515000,9.89178,9.88578,1800000,1200000
2023-01-26 06:55:30.616000,9.89198,9.88578,1600000,1200000
2023-01-26 06:55:30.867000,9.89178,9.88578,1200000,1200000
2023-01-26 06:55:30.968000,9.89167,9.88579,1200000,1200000
2023-01-26 06:55:31.293000,9.89148,9.88578,1200000,1200000
2023-01-26 06:55:31.395000,9.89158,9.88578,1800000,1200000
2023-01-26 06:55:31.496000,9.89148,9.88578,1200000,1200000
2023-01-26 06:55:31.735000,9.89138,9.88578,1200000,1200000
2023-01-26 06:55:31.836000,9.89138,9.88579,1200000,1200000
2023-01-26 06:55:31.887000,9.89147,9.88579,1200000,1200000
2023-01-26 06:55:31.988000,9.89158,9.88579,1800000,1200000
2023-01-26 06:55:32.039000,9.89148,9.88579,1200000,1200000
2023-01-26 06:55:32.963000,9.89137,9.8858,1200000,1200000
2023-01-26 06:55:35.306000,9.89147,9.88579,1200000,1200000
2023-01-26 06:55:35.409000,9.89157,9.8858,1200000,1200000
2023-01-26 06:55:35.515000,9.89167,9.88579,1200000,1200000
2023-01-26 06:55:35.616000,9.89188,9.88579,1200000,1200000
2023-01-26 06:55:35.667000,9.89198,9.88579,1200000,1200000
2023-01-26 06:55:35.768000,9.89208,9.88579,1200000,1200000
2023-01-26 06:55:35.819000,9.89227,9.8858,1600000,1200000
2023-01-26 06:55:36.020000,9.89228,9.88579,1600000,1200000
2023-01-26 06:55:36.195000,9.89218,9.88593,1600000,1200000
2023-01-26 06:55:36.246000,9.89227,9.88582,1600000,1200000
2023-01-26 06:55:36.584000,9.89228,9.88578,1600000,1200000
2023-01-26 06:55:36.722000,9.89218,9.88578,1600000,1200000
2023-01-26 06:55:36.823000,9.89207,9.88579,1200000,1200000
2023-01-26 06:55:36.925000,9.89198,9.88578,1200000,1200000
2023-01-26 06:55:37.309000,9.89188,9.88578,1200000,1200000
2023-01-26 06:55:37.587000,9.89198,9.88578,1200000,1200000
2023-01-26 06:55:37.638000,9.89208,9.88578,1800000,1200000
2023-01-26 06:55:37.840000,9.89218,9.88578,2100000,1200000
2023-01-26 06:55:37.941000,9.89238,9.88615,1600000,1200000
2023-01-26 06:55:39.167000,9.89208,9.88615,1200000,1200000
2023-01-26 06:55:39.319000,9.89197,9.88616,1200000,1200000
2023-01-26 06:55:39.370000,9.89207,9.88616,1200000,1200000
2023-01-26 06:55:39.471000,9.89197,9.88616,1200000,1200000
2023-01-26 06:55:39.725000,9.89188,9.88615,1200000,1200000
2023-01-26 06:55:40.541000,9.89197,9.88615,1200000,1200000
2023-01-26 06:55:40.642000,9.89197,9.88616,1200000,1200000
2023-01-26 06:55:41.206000,9.89188,9.88615,1200000,1200000
2023-01-26 06:55:41.307000,9.89178,9.88615,1200000,1200000
2023-01-26 06:55:41.450000,9.89188,9.88615,1200000,1200000
2023-01-26 06:55:41.501000,9.89198,9.88615,1800000,1200000
2023-01-26 06:55:41.552000,9.89208,9.88615,1800000,1200000
2023-01-26 06:55:41.859000,9.89218,9.88615,1800000,1200000
2023-01-26 06:55:42.573000,9.89208,9.88615,1200000,1200000
2023-01-26 06:55:42.675000,9.89175,9.88598,1200000,1200000
2023-01-26 06:55:42.848000,9.89205,9.88599,1200000,1200000
2023-01-26 06:55:42.949000,9.89208,9.88598,1200000,1200000
2023-01-26 06:55:43.076000,9.89205,9.88599,1200000,1200000
2023-01-26 06:55:43.178000,9.89198,9.88598,1200000,1200000
2023-01-26 06:55:44.995000,9.89188,9.88598,1200000,1200000
2023-01-26 06:55:45.097000,9.89188,9.88604,1200000,1200000
2023-01-26 06:55:45.198000,9.89188,9.88601,1200000,1200000
2023-01-26 06:55:45.694000,9.89188,9.88604,1200000,1200000
2023-01-26 06:55:45.938000,9.89178,9.88604,1200000,1200000
2023-01-26 06:55:46.039000,9.89168,9.88601,1200000,1200000
2023-01-26 06:55:46.089000,9.89177,9.88602,1800000,1200000
2023-01-26 06:55:46.998000,9.89177,9.88605,1200000,1200000
2023-01-26 06:55:47.598000,9.89178,9.88601,1200000,1200000
2023-01-26 06:55:47.699000,9.89178,9.88604,1200000,1200000
2023-01-26 06:55:47.801000,9.89187,9.88605,1800000,1200000
2023-01-26 06:55:48.457000,9.89198,9.88604,1200000,1200000
2023-01-26 06:55:48.558000,9.89218,9.88626,1200000,1200000
2023-01-26 06:55:48.659000,9.89228,9.88626,1200000,1200000
2023-01-26 06:55:48.962000,9.89217,9.88627,1200000,1200000
2023-01-26 06:55:49.013000,9.89228,9.88626,1200000,1200000
2023-01-26 06:55:49.432000,9.89218,9.88626,1200000,1200000
2023-01-26 06:55:49.533000,9.89208,9.88626,1200000,1200000
2023-01-26 06:55:49.935000,9.89208,9.8863,1200000,1200000
2023-01-26 06:55:50.749000,9.89197,9.88631,1200000,1200000
2023-01-26 06:55:50.994000,9.89198,9.88631,1200000,1200000
2023-01-26 06:55:52.420000,9.89208,9.88631,1200000,1200000
2023-01-26 06:55:52.471000,9.89218,9.88631,1800000,1200000
2023-01-26 06:55:52.673000,9.89208,9.8863,1200000,1200000
2023-01-26 06:55:53.995000,9.89208,9.88631,1200000,1200000
2023-01-26 06:55:54.557000,9.89207,9.88631,1200000,1200000
2023-01-26 06:55:54.658000,9.89208,9.88631,1200000,1200000
2023-01-26 06:55:54.760000,9.89178,9.88637,1200000,1200000
2023-01-26 06:55:54.861000,9.89168,9.88637,1200000,1200000
2023-01-26 06:55:54.911000,9.89178,9.88637,1200000,1200000
2023-01-26 06:55:54.962000,9.89168,9.88637,1200000,1200000
2023-01-26 06:55:55.063000,9.89158,9.88637,1200000,1200000
2023-01-26 06:55:55.362000,9.89167,9.88638,1200000,1200000
2023-01-26 06:55:55.463000,9.89178,9.88637,1200000,1200000
2023-01-26 06:55:55.564000,9.89197,9.88638,1200000,1200000
2023-01-26 06:55:55.620000,9.89208,9.88637,1800000,1200000
2023-01-26 06:55:55.956000,9.89197,9.88638,1200000,1200000
2023-01-26 06:55:56.007000,9.89207,9.88638,1800000,1200000
2023-01-26 06:55:56.057000,9.89198,9.88637,1200000,1200000
2023-01-26 06:55:56.159000,9.89208,9.88637,1800000,1200000
2023-01-26 06:55:56.411000,9.89218,9.88637,1800000,1200000
2023-01-26 06:55:56.462000,9.89208,9.88637,1200000,1200000
2023-01-26 06:55:59.753000,9.89218,9.88637,1200000,1200000
2023-01-26 06:55:59.854000,9.89228,9.88637,1200000,1200000
2023-01-26 06:55:59.955000,9.89238,9.88637,1200000,1200000
2023-01-26 06:56:00.106000,9.89248,9.88637,1800000,1200000
2023-01-26 06:56:00.157000,9.89238,9.88637,1200000,1200000
2023-01-26 06:56:00.262000,9.89238,9.8865,1200000,1200000
2023-01-26 06:56:00.565000,9.89246,9.88651,1200000,1200000
2023-01-26 06:56:00.670000,9.89248,9.8865,1200000,1200000
2023-01-26 06:56:00.776000,9.89238,9.8865,1200000,1200000
2023-01-26 06:56:01.316000,9.89228,9.8865,1200000,1200000
2023-01-26 06:56:01.617000,9.89218,9.8865,1200000,1200000
2023-01-26 06:56:01.824000,9.89217,9.88655,1200000,1200000
2023-01-26 06:56:02.265000,9.89222,9.88654,1800000,1200000
2023-01-26 06:56:02.370000,9.89228,9.88654,1200000,1200000
2023-01-26 06:56:02.823000,9.89237,9.88654,1800000,1200000
2023-01-26 06:56:03.029000,9.89237,9.88655,1200000,1200000
2023-01-26 06:56:05.261000,9.89237,9.88654,1200000,1200000
2023-01-26 06:56:05.311000,9.89228,9.88654,1200000,1200000
2023-01-26 06:56:06.280000,9.89227,9.88654,1800000,1200000
2023-01-26 06:56:06.497000,9.89223,9.88654,1800000,1200000
2023-01-26 06:56:06.774000,9.89226,9.88654,1800000,1200000
2023-01-26 06:56:06.998000,9.89228,9.88654,1200000,1200000
2023-01-26 06:56:07.271000,9.89232,9.88654,1800000,1200000
2023-01-26 06:56:07.553000,9.89234,9.88654,1800000,1200000
2023-01-26 06:56:07.779000,9.89247,9.88654,1200000,1200000
2023-01-26 06:56:07.830000,9.89257,9.88655,1200000,1200000
2023-01-26 06:56:07.931000,9.89248,9.88654,1200000,1200000
2023-01-26 06:56:08.034000,9.89238,9.8865,1200000,1200000
2023-01-26 06:56:08.135000,9.89227,9.88651,1200000,1200000
2023-01-26 06:56:08.338000,9.89228,9.88612,1200000,1200000
2023-01-26 06:56:08.439000,9.89218,9.88612,1200000,1200000
2023-01-26 06:56:08.540000,9.89217,9.88612,1200000,1200000
2023-01-26 06:56:08.641000,9.89198,9.88612,1200000,1200000
2023-01-26 06:56:09.355000,9.89207,9.88612,1200000,1200000
2023-01-26 06:56:09.525000,9.89208,9.88612,1200000,1200000
2023-01-26 06:56:09.809000,9.89217,9.88612,1200000,1200000
2023-01-26 06:56:09.910000,9.89208,9.88612,1200000,1200000
2023-01-26 06:56:10.571000,9.89218,9.88612,1200000,1200000
2023-01-26 06:56:10.672000,9.89227,9.88612,1200000,1200000
2023-01-26 06:56:10.774000,9.89238,9.88612,1200000,1200000
2023-01-26 06:56:11.262000,9.89238,9.88636,1200000,1200000
2023-01-26 06:56:12.344000,9.89237,9.88636,1200000,1200000
2023-01-26 06:56:12.501000,9.89228,9.88636,1200000,1200000
2023-01-26 06:56:13.642000,9.89238,9.88636,1800000,1200000
2023-01-26 06:56:14.201000,9.89227,9.88637,1200000,1200000
2023-01-26 06:56:14.582000,9.89217,9.88637,1200000,1200000
2023-01-26 06:56:15.035000,9.89218,9.88631,1200000,1200000
2023-01-26 06:56:15.158000,9.89227,9.88632,1200000,1200000
2023-01-26 06:56:15.209000,9.89237,9.88632,1800000,1200000
2023-01-26 06:56:15.440000,9.89241,9.88631,1800000,1200000
2023-01-26 06:56:15.491000,9.89258,9.88631,1800000,1200000
2023-01-26 06:56:15.644000,9.89248,9.88631,1200000,1200000
2023-01-26 06:56:15.902000,9.89257,9.88631,1200000,1200000
2023-01-26 06:56:16.004000,9.89268,9.88631,1200000,1200000
2023-01-26 06:56:16.105000,9.89257,9.88632,1200000,1200000
2023-01-26 06:56:16.206000,9.89248,9.88631,1200000,1200000
2023-01-26 06:56:16.497000,9.89238,9.88631,1200000,1200000
2023-01-26 06:56:16.649000,9.89248,9.88631,1200000,1200000
2023-01-26 06:56:16.700000,9.89238,9.88631,1200000,1200000
2023-01-26 06:56:16.888000,9.89247,9.88631,1200000,1200000
2023-01-26 06:56:16.989000,9.89248,9.88631,1200000,1200000
2023-01-26 06:56:17.040000,9.89247,9.88627,1200000,1200000
2023-01-26 06:56:17.090000,9.89257,9.88627,2100000,1200000
2023-01-26 06:56:17.191000,9.89248,9.88669,1600000,1200000
2023-01-26 06:56:17.293000,9.89258,9.88669,1600000,1200000
2023-01-26 06:56:17.394000,9.89237,9.8867,1200000,1200000
2023-01-26 06:56:17.495000,9.89228,9.88669,1200000,1200000
2023-01-26 06:56:17.596000,9.89237,9.8867,1200000,1200000
2023-01-26 06:56:17.647000,9.89238,9.88666,1200000,1200000
2023-01-26 06:56:17.698000,9.89248,9.88666,2100000,1200000
2023-01-26 06:56:18.080000,9.89238,9.88666,1200000,1200000
2023-01-26 06:56:18.232000,9.89228,9.88666,1200000,1200000
2023-01-26 06:56:18.333000,9.89218,9.88666,1200000,1200000
2023-01-26 06:56:19.315000,9.89228,9.88666,1800000,1200000
2023-01-26 06:56:19.517000,9.89227,9.88668,1200000,1200000
2023-01-26 06:56:19.997000,9.89228,9.88668,1200000,1200000
2023-01-26 06:56:20.062000,9.89217,9.88669,1200000,1200000
2023-01-26 06:56:20.163000,9.89228,9.88668,1800000,1200000
2023-01-26 06:56:20.214000,9.89218,9.88634,1200000,1200000
2023-01-26 06:56:20.265000,9.89208,9.88634,1200000,1200000
2023-01-26 06:56:20.516000,9.89208,9.88637,1200000,1200000
2023-01-26 06:56:20.995000,9.89207,9.88641,1200000,1200000
2023-01-26 06:56:21.330000,9.89213,9.8864,1800000,1200000
2023-01-26 06:56:21.529000,9.89218,9.8864,1200000,1200000
2023-01-26 06:56:21.580000,9.89223,9.8864,1800000,1200000
2023-01-26 06:56:21.795000,9.89227,9.88641,1200000,1200000
2023-01-26 06:56:22.023000,9.89227,9.8864,1200000,1200000
2023-01-26 06:56:22.074000,9.89217,9.88641,1200000,1200000
2023-01-26 06:56:22.175000,9.89227,9.8864,2700000,1200000
2023-01-26 06:56:22.282000,9.89218,9.88641,1800000,1200000
2023-01-26 06:56:22.531000,9.8922,9.88641,1800000,1200000
2023-01-26 06:56:22.994000,9.89219,9.8864,1800000,1200000
2023-01-26 06:56:23.215000,9.89228,9.8864,1200000,1200000
2023-01-26 06:56:24.924000,9.89218,9.8864,1200000,1200000
2023-01-26 06:56:24.975000,9.89227,9.88641,1200000,1200000
2023-01-26 06:56:25.029000,9.89234,9.8864,1800000,1200000
2023-01-26 06:56:25.138000,9.89238,9.8864,1200000,1200000
2023-01-26 06:56:25.476000,9.8924,9.8864,1800000,1200000
2023-01-26 06:56:25.527000,9.89238,9.8864,1200000,1200000
2023-01-26 06:56:25.638000,9.89248,9.8864,2100000,1200000
2023-01-26 06:56:25.689000,9.89248,9.88664,1600000,1200000
2023-01-26 06:56:25.790000,9.89258,9.88664,1200000,1200000
2023-01-26 06:56:25.841000,9.89264,9.88664,1800000,1200000
2023-01-26 06:56:25.892000,9.89277,9.88665,1200000,1200000
2023-01-26 06:56:26.134000,9.89288,9.88664,1200000,1200000
2023-01-26 06:56:26.185000,9.89297,9.88672,2100000,1200000
2023-01-26 06:56:26.286000,9.89303,9.88695,1600000,1200000
2023-01-26 06:56:26.388000,9.89268,9.88694,1800000,1200000
2023-01-26 06:56:26.489000,9.89258,9.88694,1200000,1200000
2023-01-26 06:56:26.779000,9.89247,9.88695,1200000,1200000
2023-01-26 06:56:27.078000,9.89248,9.88696,1200000,1200000
2023-01-26 06:56:27.179000,9.89228,9.88696,1200000,1200000
2023-01-26 06:56:27.230000,9.89238,9.88696,1200000,1200000
2023-01-26 06:56:27.458000,9.89247,9.88696,1200000,1200000
2023-01-26 06:56:27.559000,9.89248,9.88696,1200000,1200000
2023-01-26 06:56:27.665000,9.89258,9.88696,1200000,1200000
2023-01-26 06:56:27.716000,9.89268,9.88696,1200000,1200000
2023-01-26 06:56:27.858000,9.89278,9.88712,1800000,1200000
2023-01-26 06:56:27.959000,9.89298,9.88712,1600000,1200000
2023-01-26 06:56:28.067000,9.89298,9.88712,1600000,1200000
2023-01-26 06:56:28.219000,9.89277,9.88713,1200000,1200000
2023-01-26 06:56:29.643000,9.89288,9.88712,1600000,1200000
2023-01-26 06:56:29.795000,9.89297,9.88713,1600000,1200000
2023-01-26 06:56:29.845000,9.89288,9.88712,1200000,1200000
2023-01-26 06:56:29.896000,9.89297,9.88713,2100000,1200000
2023-01-26 06:56:29.947000,9.89278,9.88712,1200000,1200000
2023-01-26 06:56:30.261000,9.89288,9.88712,1600000,1200000
2023-01-26 06:56:30.377000,9.89288,9.88699,1600000,1200000
2023-01-26 06:56:30.428000,9.89278,9.88699,1200000,1200000
2023-01-26 06:56:30.529000,9.89268,9.88699,1200000,1200000
2023-01-26 06:56:31.185000,9.89276,9.887,1200000,1200000
2023-01-26 06:56:31.286000,9.89288,9.88699,1600000,1200000
2023-01-26 06:56:31.773000,9.89288,9.88699,1600000,1200000
2023-01-26 06:56:32.629000,9.89328,9.88736,1600000,1200000
2023-01-26 06:56:33.372000,9.89328,9.88736,2100000,1200000
2023-01-26 06:56:33.880000,9.89328,9.88737,1600000,1200000
2023-01-26 06:56:33.981000,9.89333,9.88737,1600000,1200000
2023-01-26 06:56:34.032000,9.89308,9.88698,1200000,1200000
2023-01-26 06:56:34.234000,9.89327,9.88699,1600000,1200000
2023-01-26 06:56:34.335000,9.89317,9.88699,1200000,1200000
2023-01-26 06:56:34.436000,9.89318,9.88698,1600000,1200000
2023-01-26 06:56:35.896000,9.89327,9.88699,1600000,1200000
2023-01-26 06:56:37.011000,9.89348,9.88698,1600000,1200000
2023-01-26 06:56:37.976000,9.89318,9.88698,1200000,1200000
2023-01-26 06:56:38.189000,9.89317,9.88698,1200000,1200000
2023-01-26 06:56:38.290000,9.89308,9.88698,1600000,1200000
2023-01-26 06:56:38.755000,9.89308,9.88698,1600000,1200000
2023-01-26 06:56:39.442000,9.89317,9.88698,1600000,1200000
2023-01-26 06:56:39.675000,9.89317,9.88698,1600000,1200000
2023-01-26 06:56:40.941000,9.89307,9.88698,1600000,1200000
2023-01-26 06:56:41.143000,9.89318,9.88697,1600000,1200000
2023-01-26 06:56:41.731000,9.89298,9.88698,1600000,1200000
2023-01-26 06:56:43.119000,9.89328,9.88762,1600000,1200000
2023-01-26 06:56:43.220000,9.89343,9.8877,2100000,1200000
2023-01-26 06:56:43.271000,9.89343,9.8877,1800000,1200000
2023-01-26 06:56:43.321000,9.89343,9.88796,1800000,1200000
2023-01-26 06:56:43.372000,9.89438,9.88796,1200000,1200000
2023-01-26 06:56:43.423000,9.89438,9.88791,1200000,1200000
2023-01-26 06:56:43.473000,9.89428,9.88791,1200000,1200000
2023-01-26 06:56:43.625000,9.89428,9.88751,1200000,1200000
2023-01-26 06:56:43.676000,9.89418,9.88751,1200000,1200000
2023-01-26 06:56:43.777000,9.89398,9.88751,1600000,1200000
2023-01-26 06:56:44.239000,9.89367,9.88778,1200000,1200000
2023-01-26 06:56:44.375000,9.89377,9.88778,1200000,1200000
2023-01-26 06:56:44.519000,9.89377,9.88778,1600000,1200000
2023-01-26 06:56:44.670000,9.89368,9.8877,1600000,1200000
2023-01-26 06:56:44.771000,9.89368,9.8877,1600000,1200000
2023-01-26 06:56:44.872000,9.89378,9.8877,1200000,1200000
2023-01-26 06:56:45.024000,9.89378,9.88771,1200000,1200000
2023-01-26 06:56:45.125000,9.89368,9.88771,1200000,1200000
2023-01-26 06:56:45.389000,9.89388,9.88743,1800000,1200000
2023-01-26 06:56:45.440000,9.89377,9.88744,1200000,1200000
2023-01-26 06:56:45.591000,9.89368,9.88743,1200000,1200000
2023-01-26 06:56:45.793000,9.89357,9.88744,1200000,1200000
2023-01-26 06:56:45.895000,9.89317,9.88724,1200000,1200000
2023-01-26 06:56:45.945000,9.89328,9.88723,1200000,1200000
2023-01-26 06:56:45.996000,9.89318,9.88723,1200000,1200000
2023-01-26 06:56:46.097000,9.89307,9.88726,1200000,1200000
2023-01-26 06:56:46.198000,9.89298,9.88681,1200000,1200000
2023-01-26 06:56:46.300000,9.89308,9.88681,1200000,1200000
2023-01-26 06:56:46.401000,9.89298,9.88681,1200000,1200000
2023-01-26 06:56:46.503000,9.89308,9.88681,1200000,1200000
2023-01-26 06:56:46.604000,9.89278,9.88632,1200000,1200000
2023-01-26 06:56:46.654000,9.89277,9.88638,1200000,1200000
2023-01-26 06:56:46.705000,9.89288,9.88637,1200000,1200000
2023-01-26 06:56:46.756000,9.89298,9.88637,1200000,1200000
2023-01-26 06:56:46.857000,9.89298,9.88632,1200000,1200000
2023-01-26 06:56:46.908000,9.89287,9.88633,1200000,1200000
2023-01-26 06:56:47.009000,9.89297,9.88635,1200000,1200000
2023-01-26 06:56:47.059000,9.89288,9.88635,1200000,1200000
2023-01-26 06:56:47.110000,9.89298,9.88635,1200000,1200000
2023-01-26 06:56:47.161000,9.89307,9.88636,1600000,1200000
2023-01-26 06:56:47.502000,9.89308,9.88635,1200000,1200000
2023-01-26 06:56:49.639000,9.89318,9.88631,2100000,1200000
2023-01-26 06:56:49.852000,9.89328,9.88677,2100000,1200000
2023-01-26 06:56:49.995000,9.89328,9.88673,1600000,1200000
2023-01-26 06:56:50.563000,9.89348,9.88673,1800000,1200000
2023-01-26 06:56:50.664000,9.89348,9.88671,1200000,1200000
2023-01-26 06:56:50.917000,9.89337,9.88672,1200000,1200000
2023-01-26 06:56:51.503000,9.89328,9.88671,1200000,1200000
2023-01-26 06:56:51.661000,9.89338,9.88671,1800000,1200000
2023-01-26 06:56:51.765000,9.89328,9.88671,1200000,1200000
2023-01-26 06:56:52.392000,9.89318,9.88671,1200000,1200000
2023-01-26 06:56:52.684000,9.89328,9.88671,2700000,1200000
2023-01-26 06:56:54.635000,9.89328,9.88672,1200000,1200000
2023-01-26 06:56:54.735000,9.89327,9.88676,1200000,1200000
2023-01-26 06:56:55.009000,9.89327,9.88672,1200000,1200000
2023-01-26 06:56:55.111000,9.89278,9.88667,1200000,1200000
2023-01-26 06:56:55.215000,9.89311,9.88667,1200000,1200000
2023-01-26 06:56:55.771000,9.89316,9.88624,1200000,1200000
2023-01-26 06:56:55.827000,9.89278,9.88631,1200000,1200000
2023-01-26 06:56:56.021000,9.89312,9.88631,1200000,1200000
2023-01-26 06:56:56.530000,9.89312,9.88632,1200000,1200000
2023-01-26 06:56:56.581000,9.89338,9.8868,1200000,1200000
2023-01-26 06:56:56.632000,9.89341,9.8868,1800000,1200000
2023-01-26 06:56:56.682000,9.89341,9.88682,1800000,1200000
2023-01-26 06:56:56.733000,9.89388,9.88682,1200000,1200000
2023-01-26 06:56:56.784000,9.89397,9.88682,1200000,1200000
2023-01-26 06:56:56.885000,9.89398,9.88682,1200000,1600000
2023-01-26 06:56:56.986000,9.89398,9.88702,1200000,1200000
2023-01-26 06:56:57.087000,9.89338,9.88682,1200000,1800000
2023-01-26 06:56:57.138000,9.89365,9.88676,1200000,1800000
2023-01-26 06:56:57.239000,9.89365,9.88652,1200000,1200000
2023-01-26 06:56:57.290000,9.89365,9.88662,1200000,1200000
2023-01-26 06:56:57.391000,9.89388,9.88662,1600000,1200000
2023-01-26 06:56:57.442000,9.89388,9.88672,1600000,1200000
2023-01-26 06:56:57.543000,9.89378,9.88682,1600000,1200000
2023-01-26 06:56:57.795000,9.89368,9.8868,1200000,1200000
2023-01-26 06:56:57.896000,9.89328,9.8868,1200000,1200000
2023-01-26 06:56:57.947000,9.89348,9.8868,1200000,1200000
2023-01-26 06:56:58.048000,9.89368,9.8868,1200000,1200000
2023-01-26 06:56:58.099000,9.89376,9.8868,1600000,1200000
2023-01-26 06:56:58.149000,9.89368,9.8868,1200000,1200000
2023-01-26 06:56:58.612000,9.89358,9.8868,1200000,1200000
2023-01-26 06:56:59.021000,9.89348,9.88642,1200000,1200000
2023-01-26 06:56:59.122000,9.89311,9.88629,1200000,1600000
2023-01-26 06:56:59.223000,9.89311,9.88642,1200000,1200000
2023-01-26 06:56:59.677000,9.89347,9.88642,1200000,1200000
2023-01-26 06:56:59.778000,9.89354,9.8867,1200000,1200000
2023-01-26 06:56:59.879000,9.89355,9.8867,1200000,1200000
2023-01-26 06:57:00.015000,9.89368,9.88669,1200000,1200000
2023-01-26 06:57:00.116000,9.89317,9.88633,1200000,1600000
2023-01-26 06:57:00.268000,9.89318,9.88643,1200000,1200000
2023-01-26 06:57:00.369000,9.89317,9.88653,1200000,1200000
2023-01-26 06:57:00.513000,9.89328,9.88668,1600000,1200000
2023-01-26 06:57:00.563000,9.89329,9.88667,1200000,1200000
2023-01-26 06:57:00.614000,9.89369,9.88663,1200000,1200000
2023-01-26 06:57:00.665000,9.8937,9.8866,1200000,1200000
2023-01-26 06:57:00.715000,9.89368,9.88661,1200000,1200000
2023-01-26 06:57:00.816000,9.89369,9.88662,1200000,1200000
2023-01-26 06:57:01.027000,9.89388,9.88672,1600000,1200000
2023-01-26 06:57:01.157000,9.89373,9.88672,1200000,1200000
2023-01-26 06:57:01.208000,9.89372,9.88663,1200000,1200000
2023-01-26 06:57:01.259000,9.89373,9.88652,1200000,1200000
2023-01-26 06:57:01.309000,9.89388,9.88662,2100000,1200000
2023-01-26 06:57:01.427000,9.89378,9.88652,1600000,1800000
2023-01-26 06:57:01.478000,9.89378,9.88647,1600000,1200000
2023-01-26 06:57:01.745000,9.89377,9.88653,1600000,1200000
2023-01-26 06:57:01.846000,9.89368,9.88648,1200000,1200000
2023-01-26 06:57:01.896000,9.89377,9.88649,1600000,1200000
2023-01-26 06:57:02.017000,9.89372,9.88648,1200000,1200000
2023-01-26 06:57:02.118000,9.89377,9.88649,1600000,1200000
2023-01-26 06:57:02.346000,9.89368,9.88648,1200000,1200000
2023-01-26 06:57:02.447000,9.89377,9.88648,1200000,1200000
2023-01-26 06:57:02.548000,9.89378,9.88648,1350000,1200000
2023-01-26 06:57:02.774000,9.89378,9.88652,1350000,1200000
2023-01-26 06:57:02.994000,9.89378,9.88653,1350000,1200000
2023-01-26 06:57:03.297000,9.89378,9.88648,1350000,1200000
2023-01-26 06:57:03.667000,9.89388,9.88652,2100000,1200000
2023-01-26 06:57:03.717000,9.89378,9.88648,1350000,1200000
2023-01-26 06:57:03.768000,9.89368,9.88648,1200000,1600000
2023-01-26 06:57:03.919000,9.89358,9.88652,1200000,1600000
2023-01-26 06:57:04.308000,9.89368,9.88652,1200000,1600000
2023-01-26 06:57:04.785000,9.89373,9.88657,1200000,2100000
2023-01-26 06:57:04.886000,9.89368,9.88648,1200000,2100000
2023-01-26 06:57:05.039000,9.89373,9.88648,1200000,2100000
2023-01-26 06:57:05.192000,9.89372,9.88653,1200000,2100000
2023-01-26 06:57:05.343000,9.89373,9.88652,1200000,2100000
2023-01-26 06:57:05.461000,9.89368,9.88652,1200000,2100000
2023-01-26 06:57:05.511000,9.89368,9.88652,1200000,2100000
2023-01-26 06:57:05.702000,9.89368,9.88647,1200000,1600000
2023-01-26 06:57:05.924000,9.89368,9.88647,1200000,1600000
2023-01-26 06:57:06.459000,9.89373,9.88647,1200000,1600000
2023-01-26 06:57:07.274000,9.89373,9.88652,1200000,1600000
2023-01-26 06:57:08.339000,9.89387,9.88667,1200000,1600000
2023-01-26 06:57:08.513000,9.89378,9.88666,1200000,1600000
2023-01-26 06:57:08.564000,9.89398,9.88682,1200000,1600000
2023-01-26 06:57:08.665000,9.89398,9.88692,1200000,1200000
2023-01-26 06:57:08.871000,9.89397,9.88684,1200000,2100000
2023-01-26 06:57:08.995000,9.89407,9.88683,1200000,2100000
2023-01-26 06:57:09.278000,9.89408,9.88683,1200000,2100000
2023-01-26 06:57:09.380000,9.89398,9.88682,1200000,1600000
2023-01-26 06:57:09.828000,9.89408,9.88686,1200000,2250000
2023-01-26 06:57:09.936000,9.89422,9.88712,1800000,1200000
2023-01-26 06:57:10.037000,9.89378,9.88699,1200000,1200000
2023-01-26 06:57:10.138000,9.89367,9.88699,1200000,1200000
2023-01-26 06:57:10.311000,9.89358,9.88698,1600000,1200000
2023-01-26 06:57:10.412000,9.89348,9.88697,1200000,1200000
2023-01-26 06:57:11.114000,9.89348,9.88698,1200000,1200000
2023-01-26 06:57:11.263000,9.89358,9.88699,2100000,1200000
2023-01-26 06:57:11.364000,9.89368,9.88699,1600000,1200000
2023-01-26 06:57:11.465000,9.89338,9.88698,1200000,1200000
2023-01-26 06:57:11.566000,9.89328,9.88698,1600000,1200000
2023-01-26 06:57:11.717000,9.89348,9.88663,1600000,1200000
2023-01-26 06:57:11.768000,9.89318,9.88663,1200000,1200000
2023-01-26 06:57:11.819000,9.89318,9.88661,1200000,1200000
2023-01-26 06:57:11.870000,9.89314,9.88661,1800000,1200000
2023-01-26 06:57:12.075000,9.89333,9.88661,1800000,1200000
2023-01-26 06:57:12.177000,9.89328,9.88661,1200000,1200000
2023-01-26 06:57:12.466000,9.89318,9.88663,1200000,1200000
2023-01-26 06:57:12.625000,9.89328,9.88663,1800000,1200000
2023-01-26 06:57:12.865000,9.89298,9.88663,1200000,1200000
2023-01-26 06:57:12.915000,9.89308,9.88663,1200000,1200000
2023-01-26 06:57:12.966000,9.89298,9.88663,1200000,1200000
2023-01-26 06:57:13.067000,9.89298,9.88662,1200000,1200000
2023-01-26 06:57:13.219000,9.89308,9.88662,1800000,1200000
2023-01-26 06:57:13.270000,9.89316,9.88662,1800000,1200000
2023-01-26 06:57:13.321000,9.89307,9.88663,1200000,1200000
2023-01-26 06:57:13.538000,9.89298,9.88662,1200000,1200000
2023-01-26 06:57:13.654000,9.89297,9.88661,1200000,1200000
2023-01-26 06:57:13.705000,9.89308,9.8866,3600000,1200000
2023-01-26 06:57:13.806000,9.89298,9.8866,1200000,1200000
2023-01-26 06:57:14.088000,9.89288,9.8866,1200000,1200000
2023-01-26 06:57:14.138000,9.89298,9.8866,1800000,1200000
2023-01-26 06:57:14.189000,9.89288,9.8866,1200000,1200000
2023-01-26 06:57:14.290000,9.89288,9.88661,1200000,1200000
2023-01-26 06:57:15.265000,9.89277,9.88662,1200000,1200000
2023-01-26 06:57:16.144000,9.89287,9.88661,1800000,1200000
2023-01-26 06:57:16.245000,9.89298,9.88661,1800000,1200000
2023-01-26 06:57:16.399000,9.89297,9.88661,1200000,1200000
2023-01-26 06:57:16.450000,9.89288,9.88661,1200000,1200000
2023-01-26 06:57:16.634000,9.89288,9.8866,1200000,1200000
2023-01-26 06:57:17.089000,9.89278,9.8866,1200000,1200000
2023-01-26 06:57:17.139000,9.89288,9.8866,1200000,1200000
2023-01-26 06:57:17.240000,9.89292,9.8866,1800000,1200000
2023-01-26 06:57:17.291000,9.89298,9.8866,1200000,1200000
2023-01-26 06:57:17.342000,9.89307,9.8866,1800000,1200000
2023-01-26 06:57:17.553000,9.89328,9.8866,1200000,1200000
2023-01-26 06:57:17.604000,9.89317,9.88661,1200000,1200000
2023-01-26 06:57:17.780000,9.89328,9.8866,1800000,1200000
2023-01-26 06:57:18.236000,9.89332,9.8866,1800000,1200000
2023-01-26 06:57:18.290000,9.89338,9.8866,1200000,1200000
2023-01-26 06:57:18.355000,9.89328,9.8866,1200000,1200000
2023-01-26 06:57:18.456000,9.89328,9.88661,1200000,1200000
2023-01-26 06:57:18.753000,9.89337,9.88662,1800000,1200000
2023-01-26 06:57:18.804000,9.89336,9.88661,1800000,1200000
2023-01-26 06:57:19.085000,9.89338,9.88661,1200000,1200000
2023-01-26 06:57:19.869000,9.89337,9.88661,1200000,1200000
2023-01-26 06:57:20.022000,9.89328,9.8866,1200000,1200000
2023-01-26 06:57:20.123000,9.89338,9.8866,1800000,1200000
2023-01-26 06:57:20.328000,9.89327,9.88661,1200000,1200000
2023-01-26 06:57:20.567000,9.89327,9.8866,1800000,1200000
2023-01-26 06:57:20.861000,9.89335,9.88661,1800000,1200000
2023-01-26 06:57:21.063000,9.89335,9.88662,1800000,1200000
2023-01-26 06:57:21.114000,9.89338,9.88661,1200000,1200000
2023-01-26 06:57:21.215000,9.89343,9.88661,1800000,1200000
2023-01-26 06:57:21.328000,9.89348,9.88661,1200000,1200000
2023-01-26 06:57:22.236000,9.89348,9.88656,1200000,1200000
2023-01-26 06:57:22.287000,9.89358,9.88656,1800000,1200000
2023-01-26 06:57:22.337000,9.89358,9.88667,1200000,1200000
2023-01-26 06:57:22.438000,9.89348,9.88667,1200000,1200000
2023-01-26 06:57:22.865000,9.89348,9.8867,1200000,1200000
2023-01-26 06:57:23.034000,9.89348,9.88675,1200000,1200000
2023-01-26 06:57:23.315000,9.89337,9.88676,1200000,1200000
2023-01-26 06:57:23.421000,9.89328,9.88662,1200000,1200000
2023-01-26 06:57:23.855000,9.89318,9.88662,1200000,1200000
2023-01-26 06:57:23.956000,9.89308,9.88662,1200000,1200000
2023-01-26 06:57:24.058000,9.89298,9.88662,1200000,1200000
2023-01-26 06:57:24.215000,9.89298,9.88658,1200000,1200000
2023-01-26 06:57:24.639000,9.89298,9.88662,1200000,1200000
2023-01-26 06:57:25.354000,9.89307,9.88663,1800000,1200000
2023-01-26 06:57:25.506000,9.89298,9.88662,1200000,1200000
2023-01-26 06:57:25.557000,9.89308,9.88662,1800000,1200000
2023-01-26 06:57:25.658000,9.89298,9.88663,1200000,1200000
2023-01-26 06:57:25.759000,9.89307,9.88663,1200000,1200000
2023-01-26 06:57:26.064000,9.89307,9.88655,1200000,1200000
2023-01-26 06:57:27.035000,9.89308,9.88662,1200000,1200000
2023-01-26 06:57:27.485000,9.89317,9.88662,1200000,1200000
2023-01-26 06:57:27.586000,9.89318,9.88658,1200000,1200000
2023-01-26 06:57:28.452000,9.89328,9.88658,1800000,1200000
2023-01-26 06:57:28.709000,9.89338,9.88658,1200000,1200000
2023-01-26 06:57:28.810000,9.89328,9.88658,1200000,1200000
2023-01-26 06:57:28.861000,9.89337,9.88659,1200000,1200000
2023-01-26 06:57:29.465000,9.89327,9.88659,1200000,1200000
2023-01-26 06:57:30.034000,9.89328,9.88638,1200000,1200000
2023-01-26 06:57:30.186000,9.89338,9.88638,1800000,1200000
2023-01-26 06:57:30.771000,9.89338,9.88642,1200000,1200000
2023-01-26 06:57:30.872000,9.89356,9.88682,1200000,1200000
2023-01-26 06:57:31.074000,9.89397,9.88673,1600000,1200000
2023-01-26 06:57:31.155000,9.89398,9.88672,1200000,1600000
2023-01-26 06:57:31.220000,9.89398,9.88703,1200000,1800000
2023-01-26 06:57:31.356000,9.89388,9.88703,1200000,1800000
2023-01-26 06:57:31.519000,9.89398,9.88703,1200000,1800000
2023-01-26 06:57:31.620000,9.89403,9.88704,1200000,1800000
2023-01-26 06:57:31.670000,9.89398,9.88703,1200000,1800000
2023-01-26 06:57:31.772000,9.89398,9.88699,1200000,1800000
2023-01-26 06:57:31.822000,9.89377,9.887,1200000,1800000
2023-01-26 06:57:31.923000,9.89368,9.88699,1200000,1800000
2023-01-26 06:57:31.974000,9.89358,9.88665,1200000,1600000
2023-01-26 06:57:32.025000,9.89368,9.88665,1200000,1600000
2023-01-26 06:57:32.176000,9.89358,9.88665,1200000,1600000
2023-01-26 06:57:32.437000,9.89368,9.88665,1200000,1600000
2023-01-26 06:57:32.487000,9.89357,9.88666,1200000,1600000
2023-01-26 06:57:32.598000,9.89348,9.88665,1200000,1600000
2023-01-26 06:57:32.699000,9.89358,9.88665,1800000,1600000
2023-01-26 06:57:32.887000,9.89357,9.88623,1350000,2100000
2023-01-26 06:57:33.101000,9.89359,9.88632,1600000,1200000
2023-01-26 06:57:33.202000,9.89358,9.88643,1600000,1200000
2023-01-26 06:57:33.329000,9.89359,9.88642,1200000,1200000
2023-01-26 06:57:33.480000,9.89378,9.88642,1600000,1200000
2023-01-26 06:57:33.747000,9.89388,9.88671,1600000,1200000
2023-01-26 06:57:34.158000,9.89388,9.88705,1600000,1200000
2023-01-26 06:57:34.261000,9.89377,9.88706,1200000,1200000
2023-01-26 06:57:34.524000,9.89388,9.88705,2700000,1200000
2023-01-26 06:57:34.574000,9.89378,9.88705,1200000,1200000
2023-01-26 06:57:34.625000,9.89387,9.88654,1200000,1600000
2023-01-26 06:57:34.726000,9.89388,9.88654,1200000,1600000
2023-01-26 06:57:35.073000,9.89397,9.88663,1200000,1600000
2023-01-26 06:57:35.207000,9.89408,9.88697,2100000,1200000
2023-01-26 06:57:35.308000,9.89398,9.88697,1200000,1200000
2023-01-26 06:57:35.509000,9.89388,9.88697,1600000,1200000
2023-01-26 06:57:35.764000,9.89387,9.88698,1600000,1200000
2023-01-26 06:57:35.981000,9.89398,9.88697,1200000,1200000
2023-01-26 06:57:36.262000,9.89387,9.88698,1200000,1200000
2023-01-26 06:57:36.363000,9.89397,9.88698,1800000,1200000
2023-01-26 06:57:36.464000,9.89407,9.88697,1200000,1200000
2023-01-26 06:57:36.565000,9.89428,9.88697,2100000,1200000
2023-01-26 06:57:37.077000,9.89428,9.88702,1600000,1200000
2023-01-26 06:57:37.391000,9.89428,9.88702,1600000,1200000
2023-01-26 06:57:38.151000,9.89418,9.887,1350000,1200000
2023-01-26 06:57:39.217000,9.89438,9.88702,1600000,1200000
2023-01-26 06:57:39.318000,9.89437,9.88713,1600000,1200000
2023-01-26 06:57:40.128000,9.89438,9.88702,1600000,1200000
2023-01-26 06:57:40.834000,9.89437,9.88704,1600000,1200000
2023-01-26 06:57:40.885000,9.89438,9.88712,1600000,1200000
2023-01-26 06:57:41.217000,9.89438,9.88722,1600000,1200000
2023-01-26 06:57:41.268000,9.89448,9.88713,2100000,1200000
2023-01-26 06:57:41.369000,9.89438,9.88722,1600000,1200000
2023-01-26 06:57:41.420000,9.89438,9.88713,1600000,1200000
2023-01-26 06:57:41.521000,9.89437,9.88713,1600000,1200000
2023-01-26 06:57:41.572000,9.89438,9.88722,1600000,1200000
2023-01-26 06:57:41.734000,9.89438,9.88712,1600000,1800000
2023-01-26 06:57:41.913000,9.89438,9.88719,1600000,1200000
2023-01-26 06:57:42.058000,9.89437,9.88713,1600000,1200000
2023-01-26 06:57:42.777000,9.89437,9.88713,1600000,1200000
2023-01-26 06:57:43.441000,9.89428,9.88702,1600000,1800000
2023-01-26 06:57:43.492000,9.89428,9.88702,1600000,1200000
2023-01-26 06:57:43.694000,9.89428,9.88702,1200000,1200000
2023-01-26 06:57:43.929000,9.89427,9.88703,1600000,1200000
2023-01-26 06:57:44.131000,9.89428,9.88702,1600000,1200000
2023-01-26 06:57:44.333000,9.89438,9.88702,2100000,1200000
2023-01-26 06:57:45.026000,9.89428,9.88702,1600000,1200000
2023-01-26 06:57:45.379000,9.89437,9.88703,1350000,1350000
2023-01-26 06:57:45.531000,9.89428,9.88702,1200000,1350000
2023-01-26 06:57:45.632000,9.89427,9.88703,1600000,1200000
2023-01-26 06:57:45.783000,9.89437,9.88703,1350000,1350000
2023-01-26 06:57:46.314000,9.89438,9.88702,1600000,1200000
2023-01-26 06:57:46.421000,9.89438,9.88712,1600000,1200000
2023-01-26 06:57:46.523000,9.89448,9.88752,1600000,1200000
2023-01-26 06:57:46.624000,9.89448,9.88703,1600000,1200000
2023-01-26 06:57:47.027000,9.89438,9.88704,1600000,1200000
2023-01-26 06:57:47.128000,9.89428,9.88704,1200000,1200000
2023-01-26 06:57:47.280000,9.89417,9.88705,1200000,1200000
2023-01-26 06:57:47.381000,9.89427,9.88704,1600000,1200000
2023-01-26 06:57:47.533000,9.89437,9.88705,1600000,1200000
2023-01-26 06:57:48.171000,9.89378,9.88704,1200000,1200000
2023-01-26 06:57:48.272000,9.89368,9.88704,1200000,1200000
2023-01-26 06:57:48.430000,9.89368,9.88683,1200000,1200000
2023-01-26 06:57:48.947000,9.89378,9.88683,1200000,1200000
2023-01-26 06:57:49.068000,9.89398,9.88683,1600000,1200000
2023-01-26 06:57:49.118000,9.89388,9.88683,1200000,1200000
2023-01-26 06:57:49.472000,9.89397,9.88706,1600000,1200000
2023-01-26 06:57:49.573000,9.89388,9.88706,1200000,1200000
2023-01-26 06:57:49.674000,9.89378,9.88706,1200000,1200000
2023-01-26 06:57:49.725000,9.89386,9.88707,1200000,1200000
2023-01-26 06:57:49.775000,9.89378,9.88706,1200000,1200000
2023-01-26 06:57:50.031000,9.89388,9.88706,1200000,1200000
2023-01-26 06:57:51.084000,9.89377,9.88707,1200000,1200000
2023-01-26 06:57:51.134000,9.89368,9.8868,1200000,1200000
2023-01-26 06:57:51.185000,9.89377,9.88681,1200000,1200000
2023-01-26 06:57:51.236000,9.89407,9.88681,1600000,1200000
2023-01-26 06:57:51.348000,9.89408,9.8868,1600000,1200000
2023-01-26 06:57:51.985000,9.89417,9.88683,1600000,1200000
2023-01-26 06:57:52.086000,9.89418,9.88692,1600000,1200000
2023-01-26 06:57:52.187000,9.89418,9.88711,1600000,1200000
2023-01-26 06:57:52.554000,9.89408,9.88711,1600000,1200000
2023-01-26 06:57:52.769000,9.89408,9.88695,1600000,1200000
2023-01-26 06:57:53.478000,9.89398,9.88662,1600000,1350000
2023-01-26 06:57:54.041000,9.89388,9.88662,1200000,1350000
2023-01-26 06:57:54.092000,9.89398,9.88662,1600000,1350000
2023-01-26 06:57:54.596000,9.89408,9.88662,2100000,1600000
2023-01-26 06:57:54.698000,9.89398,9.88653,1800000,2100000
2023-01-26 06:57:54.799000,9.89388,9.88653,1200000,2100000
2023-01-26 06:57:54.849000,9.89398,9.88653,1200000,2100000
2023-01-26 06:57:54.950000,9.89408,9.88653,1600000,2100000
2023-01-26 06:57:55.052000,9.89398,9.88652,1200000,1600000
2023-01-26 06:57:55.167000,9.89408,9.88652,1600000,1600000
2023-01-26 06:57:55.373000,9.89398,9.88642,1200000,2100000
2023-01-26 06:57:55.687000,9.89388,9.88645,1200000,2100000
2023-01-26 06:57:55.839000,9.89388,9.88697,1200000,1200000
2023-01-26 06:57:55.889000,9.89398,9.88697,1200000,1200000
2023-01-26 06:57:56.036000,9.89398,9.88692,1200000,1200000
2023-01-26 06:57:56.367000,9.89388,9.88692,1200000,1200000
2023-01-26 06:57:56.418000,9.89398,9.88692,1800000,1200000
2023-01-26 06:57:56.476000,9.89388,9.88692,1200000,1200000
2023-01-26 06:57:56.577000,9.89388,9.88692,1600000,1200000
2023-01-26 06:57:57.373000,9.89397,9.88693,1200000,1200000
2023-01-26 06:57:57.444000,9.89407,9.88693,1800000,1200000
2023-01-26 06:57:57.852000,9.89408,9.8874,1600000,1200000
2023-01-26 06:57:58.240000,9.89407,9.88741,1600000,1200000
2023-01-26 06:57:58.892000,9.89407,9.88676,1600000,1800000
2023-01-26 06:57:59.068000,9.89408,9.88666,1600000,2100000
2023-01-26 06:57:59.119000,9.89418,9.88765,1600000,1200000
2023-01-26 06:57:59.221000,9.89398,9.88765,1200000,1200000
2023-01-26 06:57:59.272000,9.89408,9.88765,1600000,1200000
2023-01-26 06:57:59.373000,9.89438,9.88765,1200000,1200000
2023-01-26 06:57:59.474000,9.89428,9.88765,1200000,1200000
2023-01-26 06:57:59.575000,9.89408,9.88765,1200000,1200000
2023-01-26 06:57:59.676000,9.89398,9.88765,1200000,1200000
2023-01-26 06:58:00.136000,9.89398,9.88757,1200000,1200000
2023-01-26 06:58:00.237000,9.89388,9.88757,1200000,1200000
2023-01-26 06:58:00.338000,9.89378,9.88757,1200000,1200000
2023-01-26 06:58:00.442000,9.89388,9.88757,2100000,1200000
2023-01-26 06:58:00.492000,9.89378,9.88709,1600000,1200000
2023-01-26 06:58:00.593000,9.89368,9.88709,1200000,1200000
2023-01-26 06:58:00.729000,9.89368,9.88711,1200000,1200000
2023-01-26 06:58:00.830000,9.89358,9.88711,1200000,1200000
2023-01-26 06:58:00.880000,9.89368,9.88711,1800000,1200000
2023-01-26 06:58:00.981000,9.89358,9.88711,1200000,1200000
2023-01-26 06:58:01.082000,9.89348,9.88711,1200000,1200000
2023-01-26 06:58:01.133000,9.89357,9.88712,1200000,1200000
2023-01-26 06:58:01.184000,9.89368,9.88711,1200000,1200000
2023-01-26 06:58:01.469000,9.89377,9.88712,1200000,1200000
2023-01-26 06:58:01.520000,9.89388,9.88711,1800000,1200000
2023-01-26 06:58:01.621000,9.89398,9.88711,2100000,1200000
2023-01-26 06:58:01.910000,9.89388,9.88711,1200000,1200000
2023-01-26 06:58:02.011000,9.89378,9.88711,1200000,1200000
2023-01-26 06:58:02.535000,9.89328,9.88666,1200000,1200000
2023-01-26 06:58:02.640000,9.89308,9.88666,1200000,1200000
2023-01-26 06:58:02.802000,9.89318,9.88666,1200000,1200000
2023-01-26 06:58:02.853000,9.89308,9.88666,1200000,1200000
2023-01-26 06:58:02.904000,9.89308,9.88622,1200000,1200000
2023-01-26 06:58:02.955000,9.89318,9.88622,1800000,1200000
2023-01-26 06:58:03.165000,9.89327,9.88623,1200000,1200000
2023-01-26 06:58:03.221000,9.89328,9.88674,1200000,1200000
2023-01-26 06:58:03.474000,9.89318,9.88631,1200000,1200000
2023-01-26 06:58:03.575000,9.89308,9.88631,1200000,1200000
2023-01-26 06:58:03.626000,9.89318,9.88631,1200000,1200000
2023-01-26 06:58:03.676000,9.89298,9.88631,1200000,1200000
2023-01-26 06:58:03.777000,9.89318,9.88631,1600000,1200000
2023-01-26 06:58:04.331000,9.89317,9.88645,2100000,1800000
2023-01-26 06:58:04.381000,9.89328,9.88644,1200000,1800000
2023-01-26 06:58:04.482000,9.89318,9.88644,1200000,1800000
2023-01-26 06:58:04.533000,9.89328,9.88644,1200000,1800000
2023-01-26 06:58:04.584000,9.89318,9.88638,1200000,1800000
2023-01-26 06:58:04.685000,9.89307,9.88638,1200000,1800000
2023-01-26 06:58:04.787000,9.89297,9.88639,1200000,1800000
2023-01-26 06:58:04.837000,9.89298,9.88636,1200000,1800000
2023-01-26 06:58:04.888000,9.89288,9.88636,1200000,1800000
2023-01-26 06:58:05.113000,9.89288,9.88639,1200000,1800000
2023-01-26 06:58:05.323000,9.89288,9.88642,1200000,1800000
2023-01-26 06:58:05.577000,9.89287,9.88658,1200000,1800000
2023-01-26 06:58:06.020000,9.89288,9.88658,1200000,1800000
2023-01-26 06:58:06.272000,9.89288,9.88657,1200000,1800000
2023-01-26 06:58:06.501000,9.89287,9.88657,1200000,1800000
2023-01-26 06:58:06.552000,9.89278,9.88639,1200000,1800000
2023-01-26 06:58:06.603000,9.89287,9.88639,1200000,1800000
2023-01-26 06:58:06.704000,9.89325,9.88639,1800000,1800000
2023-01-26 06:58:06.805000,9.89337,9.8866,1200000,1800000
2023-01-26 06:58:06.856000,9.89358,9.8866,1600000,1800000
2023-01-26 06:58:07.021000,9.89358,9.88612,1600000,1600000
2023-01-26 06:58:07.207000,9.89367,9.88632,1600000,1200000
2023-01-26 06:58:07.308000,9.89367,9.88644,1200000,1600000
2023-01-26 06:58:07.762000,9.89378,9.88664,1200000,1600000
2023-01-26 06:58:07.813000,9.89388,9.88664,1800000,1600000
2023-01-26 06:58:08.375000,9.89398,9.88664,2100000,2850000
2023-01-26 06:58:08.581000,9.89398,9.88713,1600000,1200000
2023-01-26 06:58:09.217000,9.89408,9.88752,1200000,1200000
2023-01-26 06:58:09.268000,9.89448,9.88752,1600000,1200000
2023-01-26 06:58:09.369000,9.89448,9.8875,1600000,1200000
2023-01-26 06:58:09.470000,9.89448,9.88781,1200000,1200000
2023-01-26 06:58:09.774000,9.89438,9.88781,1200000,1200000
2023-01-26 06:58:09.824000,9.89448,9.88781,1200000,1200000
2023-01-26 06:58:09.875000,9.89437,9.88781,1200000,1200000
2023-01-26 06:58:09.976000,9.89428,9.88781,1200000,1200000
2023-01-26 06:58:10.077000,9.89417,9.88781,1200000,1200000
2023-01-26 06:58:10.231000,9.89418,9.88731,1200000,1200000
2023-01-26 06:58:10.332000,9.89417,9.88731,1200000,1200000
2023-01-26 06:58:10.383000,9.89408,9.88736,1200000,1200000
2023-01-26 06:58:10.526000,9.89397,9.88737,1200000,1200000
2023-01-26 06:58:10.656000,9.89388,9.88736,1200000,1200000
2023-01-26 06:58:10.808000,9.89386,9.88737,1200000,1200000
2023-01-26 06:58:10.909000,9.89388,9.88736,1200000,1200000
2023-01-26 06:58:11.163000,9.89398,9.88736,1800000,1200000
2023-01-26 06:58:11.264000,9.89408,9.88736,1200000,1200000
2023-01-26 06:58:11.365000,9.89397,9.88736,1200000,1200000
2023-01-26 06:58:11.490000,9.89388,9.88736,1200000,1200000
2023-01-26 06:58:11.671000,9.89398,9.88736,1600000,1200000
2023-01-26 06:58:11.823000,9.89418,9.88736,1200000,1200000
2023-01-26 06:58:11.924000,9.89428,9.88736,1200000,1200000
2023-01-26 06:58:12.075000,9.89428,9.8878,1200000,1200000
2023-01-26 06:58:12.126000,9.89438,9.8878,1200000,1200000
2023-01-26 06:58:12.178000,9.89448,9.8878,1200000,1200000
2023-01-26 06:58:12.278000,9.89458,9.8878,1600000,1200000
2023-01-26 06:58:12.379000,9.89437,9.88781,1200000,1200000
2023-01-26 06:58:12.480000,9.89417,9.88781,1200000,1200000
2023-01-26 06:58:12.682000,9.89408,9.8878,1200000,1200000
2023-01-26 06:58:12.885000,9.89397,9.88781,1200000,1200000
2023-01-26 06:58:13.038000,9.89398,9.8873,1200000,1200000
2023-01-26 06:58:13.139000,9.89368,9.8873,1200000,1200000
2023-01-26 06:58:13.190000,9.89398,9.8873,1200000,1200000
2023-01-26 06:58:13.240000,9.89388,9.8873,1200000,1200000
2023-01-26 06:58:13.342000,9.89396,9.88732,1200000,1200000
2023-01-26 06:58:13.392000,9.89388,9.88731,1200000,1200000
2023-01-26 06:58:13.652000,9.89398,9.88731,1200000,1200000
2023-01-26 06:58:14.028000,9.89408,9.88731,1200000,1200000
2023-01-26 06:58:14.079000,9.89418,9.88672,1800000,1600000
2023-01-26 06:58:14.180000,9.89417,9.88673,1200000,1600000
2023-01-26 06:58:14.231000,9.89448,9.88724,1200000,1350000
2023-01-26 06:58:14.282000,9.89458,9.88724,1800000,1350000
2023-01-26 06:58:14.383000,9.89467,9.88724,1350000,1600000
2023-01-26 06:58:14.434000,9.89473,9.8878,1600000,1200000
2023-01-26 06:58:14.787000,9.89458,9.8878,1200000,1200000
2023-01-26 06:58:14.888000,9.89447,9.88781,1200000,1200000
2023-01-26 06:58:14.939000,9.89458,9.8878,1200000,1200000
2023-01-26 06:58:15.225000,9.89448,9.8878,1200000,1200000
2023-01-26 06:58:15.275000,9.89457,9.88781,1200000,1200000
2023-01-26 06:58:15.326000,9.89487,9.88781,1600000,1200000
2023-01-26 06:58:15.427000,9.89487,9.88781,1200000,1200000
2023-01-26 06:58:15.630000,9.89498,9.88758,1200000,1600000
2023-01-26 06:58:15.731000,9.89498,9.88758,1200000,1600000
2023-01-26 06:58:15.782000,9.89488,9.88758,1200000,1600000
2023-01-26 06:58:15.833000,9.89498,9.88758,1200000,1600000
2023-01-26 06:58:15.890000,9.89498,9.88758,1200000,1600000
2023-01-26 06:58:16.193000,9.89488,9.88758,1200000,1600000
2023-01-26 06:58:16.826000,9.89497,9.88758,1200000,1600000
2023-01-26 06:58:16.877000,9.89488,9.88758,1200000,1600000
2023-01-26 06:58:17.377000,9.89498,9.88758,1200000,1600000
2023-01-26 06:58:17.428000,9.89487,9.88759,1200000,1600000
2023-01-26 06:58:17.878000,9.89478,9.88755,1200000,2100000
2023-01-26 06:58:18.112000,9.89488,9.88748,1800000,1600000
2023-01-26 06:58:18.742000,9.89478,9.88748,1200000,1600000
2023-01-26 06:58:18.843000,9.89458,9.88748,1200000,1600000
2023-01-26 06:58:18.894000,9.89468,9.88748,1200000,1600000
2023-01-26 06:58:18.995000,9.89467,9.88748,1200000,1200000
2023-01-26 06:58:19.046000,9.89467,9.88748,1200000,1600000
2023-01-26 06:58:19.097000,9.89478,9.88748,1200000,1600000
2023-01-26 06:58:19.223000,9.89478,9.88748,1200000,1200000
2023-01-26 06:58:19.433000,9.89488,9.88748,1600000,1200000
2023-01-26 06:58:19.484000,9.89497,9.88752,1600000,1200000
2023-01-26 06:58:19.585000,9.89488,9.88744,1600000,1600000
2023-01-26 06:58:19.636000,9.89478,9.88744,1200000,1600000
2023-01-26 06:58:19.888000,9.89468,9.88744,1200000,1600000
2023-01-26 06:58:20.101000,9.89458,9.88744,1200000,1600000
2023-01-26 06:58:20.227000,9.89457,9.88745,1600000,1200000
2023-01-26 06:58:20.328000,9.89473,9.88723,1600000,1200000
2023-01-26 06:58:20.429000,9.89468,9.88722,1600000,1600000
2023-01-26 06:58:21.463000,9.89458,9.88716,1200000,1600000
2023-01-26 06:58:23.488000,9.89468,9.88716,1600000,1600000
2023-01-26 06:58:23.824000,9.89458,9.88716,1200000,2850000
2023-01-26 06:58:23.976000,9.89467,9.88717,1600000,1600000
2023-01-26 06:58:24.043000,9.89458,9.88716,1200000,1600000
2023-01-26 06:58:24.212000,9.89437,9.88716,1200000,2100000
2023-01-26 06:58:24.313000,9.89318,9.88716,1800000,2100000
2023-01-26 06:58:24.431000,9.89308,9.88625,1200000,1200000
2023-01-26 06:58:24.482000,9.89298,9.88625,1200000,1200000
2023-01-26 06:58:24.865000,9.89308,9.88667,1200000,1200000
2023-01-26 06:58:24.916000,9.89357,9.88668,1200000,1200000
2023-01-26 06:58:24.966000,9.89357,9.88681,1200000,1200000
2023-01-26 06:58:25.523000,9.89337,9.88663,1200000,1200000
2023-01-26 06:58:25.624000,9.89338,9.88692,1200000,1200000
2023-01-26 06:58:25.775000,9.89358,9.88692,1200000,1200000
2023-01-26 06:58:25.826000,9.89337,9.88693,1200000,1200000
2023-01-26 06:58:25.877000,9.89358,9.88692,1200000,1200000
2023-01-26 06:58:25.927000,9.89338,9.88692,1200000,1200000
2023-01-26 06:58:26.835000,9.89348,9.88692,1200000,1200000
2023-01-26 06:58:26.937000,9.89358,9.88692,1200000,1200000
2023-01-26 06:58:27.226000,9.89358,9.88695,1800000,1200000
2023-01-26 06:58:27.839000,9.89238,9.88641,1200000,1800000
2023-01-26 06:58:27.890000,9.8932,9.88641,1200000,1800000
2023-01-26 06:58:27.941000,9.89207,9.88843,1200000,1200000
2023-01-26 06:58:28.042000,9.89443,9.88882,1800000,1200000
2023-01-26 06:58:28.093000,9.89442,9.88913,1800000,1200000
2023-01-26 06:58:28.144000,9.89443,9.88902,1800000,1200000
2023-01-26 06:58:28.245000,9.89607,9.88963,2100000,1200000
2023-01-26 06:58:28.306000,9.89607,9.88944,2100000,1200000
2023-01-26 06:58:28.357000,9.89608,9.88933,2100000,1200000
2023-01-26 06:58:28.408000,9.89608,9.88933,2100000,1200000
2023-01-26 06:58:28.458000,9.89593,9.88893,2100000,1200000
2023-01-26 06:58:28.509000,9.89593,9.88902,2100000,1200000
2023-01-26 06:58:28.610000,9.89593,9.88902,2100000,1200000
2023-01-26 06:58:28.777000,9.89598,9.88913,2100000,1200000
2023-01-26 06:58:28.879000,9.89599,9.88902,2100000,1800000
2023-01-26 06:58:28.980000,9.89585,9.88893,2100000,1800000
2023-01-26 06:58:29.081000,9.89577,9.88874,1600000,1200000
2023-01-26 06:58:29.182000,9.89586,9.88882,2100000,1200000
2023-01-26 06:58:29.233000,9.89578,9.88865,1600000,1800000
2023-01-26 06:58:29.460000,9.89557,9.88873,1600000,1200000
2023-01-26 06:58:29.739000,9.89537,9.88862,2100000,1200000
2023-01-26 06:58:30.408000,9.89548,9.88872,1600000,1200000
2023-01-26 06:58:30.509000,9.89547,9.88883,1600000,1200000
2023-01-26 06:58:30.560000,9.89548,9.88852,1600000,1200000
2023-01-26 06:58:30.883000,9.89548,9.88862,1900000,1200000
2023-01-26 06:58:31.054000,9.89548,9.88853,1600000,1800000
2023-01-26 06:58:31.105000,9.89548,9.88853,1600000,1800000
2023-01-26 06:58:31.156000,9.89548,9.88862,1600000,1200000
2023-01-26 06:58:31.207000,9.89558,9.88852,2850000,1200000
2023-01-26 06:58:31.262000,9.89557,9.88863,1600000,1200000
2023-01-26 06:58:31.362000,9.89558,9.88853,2850000,1800000
2023-01-26 06:58:31.413000,9.89548,9.88862,1600000,1200000
2023-01-26 06:58:31.514000,9.89538,9.88882,1600000,1200000
2023-01-26 06:58:31.616000,9.89538,9.88872,1600000,1200000
2023-01-26 06:58:31.667000,9.89537,9.88868,1600000,1200000
2023-01-26 06:58:31.718000,9.89548,9.88862,2100000,1200000
2023-01-26 06:58:31.819000,9.89537,9.88853,1600000,1200000
2023-01-26 06:58:31.920000,9.89538,9.88846,1600000,1800000
2023-01-26 06:58:31.971000,9.89508,9.88844,1800000,1200000
2023-01-26 06:58:32.146000,9.89507,9.88843,1800000,1800000
2023-01-26 06:58:32.197000,9.89497,9.88832,1800000,1200000
2023-01-26 06:58:32.298000,9.89497,9.88842,1800000,1200000
2023-01-26 06:58:32.423000,9.89497,9.8884,1800000,1200000
2023-01-26 06:58:32.524000,9.89504,9.88843,1600000,1200000
2023-01-26 06:58:32.675000,9.89498,9.88832,1600000,1800000
2023-01-26 06:58:32.726000,9.89488,9.88842,1200000,1200000
2023-01-26 06:58:32.781000,9.89498,9.88842,1600000,1200000
2023-01-26 06:58:32.832000,9.89507,9.88832,2100000,1200000
2023-01-26 06:58:32.933000,9.89498,9.88822,1900000,1200000
2023-01-26 06:58:32.984000,9.89474,9.88818,2400000,1800000
2023-01-26 06:58:33.035000,9.89474,9.88847,2400000,1200000
2023-01-26 06:58:33.244000,9.89474,9.88848,1800000,1200000
2023-01-26 06:58:33.412000,9.89475,9.88893,1800000,1200000
2023-01-26 06:58:33.513000,9.89477,9.88842,2400000,1200000
2023-01-26 06:58:33.726000,9.89464,9.88808,2100000,1800000
2023-01-26 06:58:33.827000,9.89464,9.88841,2100000,1200000
2023-01-26 06:58:34.063000,9.89486,9.88813,2100000,1200000
2023-01-26 06:58:34.164000,9.89486,9.88851,2100000,1200000
2023-01-26 06:58:34.266000,9.8949,9.88893,1800000,1200000
2023-01-26 06:58:34.367000,9.89491,9.88893,1800000,1200000
2023-01-26 06:58:34.440000,9.89489,9.88893,1800000,1200000
2023-01-26 06:58:34.491000,9.89489,9.88887,1800000,1200000
2023-01-26 06:58:34.690000,9.8949,9.88887,1800000,1200000
2023-01-26 06:58:34.941000,9.89491,9.88887,1800000,1200000
2023-01-26 06:58:35.377000,9.89492,9.88887,1800000,1200000
2023-01-26 06:58:35.627000,9.89492,9.88888,1800000,1200000
2023-01-26 06:58:35.885000,9.89497,9.88887,2100000,1200000
2023-01-26 06:58:35.986000,9.89497,9.88841,2100000,1800000
2023-01-26 06:58:36.144000,9.89516,9.88843,1600000,1800000
2023-01-26 06:58:36.396000,9.89515,9.88839,2100000,1800000
2023-01-26 06:58:36.548000,9.89515,9.8886,2100000,1200000
2023-01-26 06:58:36.650000,9.89508,9.88832,2100000,1800000
2023-01-26 06:58:36.751000,9.89508,9.88832,2850000,1800000
2023-01-26 06:58:36.902000,9.89497,9.8881,1600000,1200000
2023-01-26 06:58:37.004000,9.89487,9.8881,1200000,1200000
2023-01-26 06:58:37.105000,9.89497,9.88797,1600000,1800000
2023-01-26 06:58:37.206000,9.89497,9.88782,2100000,1200000
2023-01-26 06:58:37.257000,9.89497,9.88792,2100000,1200000
2023-01-26 06:58:37.345000,9.89496,9.88783,2850000,1200000
2023-01-26 06:58:37.396000,9.89505,9.88793,2100000,1200000
2023-01-26 06:58:37.497000,9.89505,9.88808,2100000,1200000
2023-01-26 06:58:37.649000,9.89507,9.88806,1600000,1800000
2023-01-26 06:58:37.901000,9.89492,9.88802,2100000,1200000
2023-01-26 06:58:37.957000,9.89492,9.88796,2100000,1800000
2023-01-26 06:58:38.095000,9.89492,9.88796,1800000,1800000
2023-01-26 06:58:38.506000,9.89492,9.88802,1800000,1200000
2023-01-26 06:58:38.607000,9.89493,9.88802,1800000,1800000
2023-01-26 06:58:38.708000,9.89493,9.88802,2100000,1200000
2023-01-26 06:58:38.810000,9.89486,9.8883,2100000,1800000
2023-01-26 06:58:39.031000,9.89486,9.8882,2100000,1800000
2023-01-26 06:58:39.286000,9.89485,9.88831,2100000,1800000
2023-01-26 06:58:39.438000,9.89486,9.8883,1800000,1800000
2023-01-26 06:58:39.543000,9.89513,9.88827,2100000,1800000
2023-01-26 06:58:39.734000,9.89513,9.88871,2100000,1200000
2023-01-26 06:58:39.835000,9.89536,9.88863,2100000,1200000
2023-01-26 06:58:40.151000,9.89504,9.88844,1600000,1800000
2023-01-26 06:58:40.259000,9.89504,9.88834,1600000,1800000
2023-01-26 06:58:40.519000,9.89528,9.88822,1600000,1200000
2023-01-26 06:58:40.580000,9.89504,9.88814,1600000,1200000
2023-01-26 06:58:40.833000,9.8948,9.88814,1200000,1200000
2023-01-26 06:58:40.934000,9.89535,9.88815,2100000,1200000
2023-01-26 06:58:40.985000,9.89536,9.88814,2100000,1200000
2023-01-26 06:58:41.516000,9.89494,9.88828,2100000,1800000
2023-01-26 06:58:41.567000,9.89494,9.88828,2100000,1800000
2023-01-26 06:58:41.718000,9.89494,9.88859,2100000,1200000
2023-01-26 06:58:41.819000,9.89497,9.88856,2100000,1200000
2023-01-26 06:58:42.980000,9.89499,9.88833,2100000,1800000
2023-01-26 06:58:43.081000,9.89522,9.88816,2100000,1800000
2023-01-26 06:58:43.333000,9.89493,9.88818,1600000,1800000
2023-01-26 06:58:43.625000,9.89509,9.88833,2100000,1800000
2023-01-26 06:58:43.726000,9.895,9.88879,1600000,1200000
2023-01-26 06:58:43.777000,9.89508,9.88839,2100000,1200000
2023-01-26 06:58:43.878000,9.89508,9.88852,2100000,1800000
2023-01-26 06:58:44.130000,9.89509,9.88845,2100000,1800000
2023-01-26 06:58:44.418000,9.89507,9.88841,2100000,1800000
2023-01-26 06:58:45.029000,9.89507,9.88841,1800000,1800000
2023-01-26 06:58:45.079000,9.89499,9.88841,1200000,1800000
2023-01-26 06:58:45.130000,9.89499,9.88838,1200000,1200000
2023-01-26 06:58:45.231000,9.89528,9.88838,1600000,1200000
2023-01-26 06:58:45.383000,9.89478,9.88838,1200000,2700000
2023-01-26 06:58:45.434000,9.89528,9.88838,1600000,2700000
2023-01-26 06:58:45.585000,9.89504,9.88838,1200000,2700000
2023-01-26 06:58:45.686000,9.89547,9.88851,2100000,1800000
2023-01-26 06:58:45.737000,9.89508,9.88851,1200000,1800000
2023-01-26 06:58:45.788000,9.89525,9.88851,1200000,1800000
2023-01-26 06:58:45.915000,9.89525,9.88872,1200000,1800000
2023-01-26 06:58:46.169000,9.89552,9.88876,2100000,1800000
2023-01-26 06:58:46.399000,9.89546,9.88882,2100000,1800000
2023-01-26 06:58:46.626000,9.89548,9.88882,2100000,1800000
2023-01-26 06:58:46.865000,9.89548,9.88882,2100000,1800000
2023-01-26 06:58:46.943000,9.89537,9.88883,1200000,1800000
2023-01-26 06:58:47.306000,9.89537,9.88884,1200000,1800000
2023-01-26 06:58:47.407000,9.89517,9.88885,1200000,1800000
2023-01-26 06:58:47.558000,9.89518,9.88861,1200000,1800000
2023-01-26 06:58:47.765000,9.89517,9.88863,1200000,1800000
2023-01-26 06:58:48.168000,9.89539,9.88862,1600000,1800000
2023-01-26 06:58:48.269000,9.89537,9.88841,2100000,1800000
2023-01-26 06:58:48.427000,9.89518,9.88841,1200000,1800000
2023-01-26 06:58:48.554000,9.89539,9.88843,2850000,1800000
2023-01-26 06:58:48.806000,9.89528,9.88842,1800000,1800000
2023-01-26 06:58:49.308000,9.89529,9.88843,1800000,1800000
2023-01-26 06:58:49.514000,9.8953,9.88844,1800000,1800000
2023-01-26 06:58:49.716000,9.89528,9.88844,1200000,1800000
2023-01-26 06:58:49.817000,9.89502,9.88843,1200000,1800000
2023-01-26 06:58:49.984000,9.89519,9.88843,1800000,1800000
2023-01-26 06:58:50.035000,9.89524,9.8885,1800000,1800000
2023-01-26 06:58:50.297000,9.89526,9.8885,1800000,1800000
2023-01-26 06:58:50.550000,9.89525,9.88849,1800000,1800000
2023-01-26 06:58:50.765000,9.89531,9.88855,1800000,1800000
2023-01-26 06:58:50.928000,9.89502,9.88856,1200000,1800000
2023-01-26 06:58:50.978000,9.8953,9.88856,1800000,1800000
2023-01-26 06:58:51.140000,9.8953,9.88854,1800000,1800000
2023-01-26 06:58:51.399000,9.89528,9.88852,1800000,1800000
2023-01-26 06:58:51.578000,9.89518,9.88852,1200000,1800000
2023-01-26 06:58:51.628000,9.89518,9.88845,1200000,1800000
2023-01-26 06:58:51.679000,9.89508,9.88845,1600000,1800000
2023-01-26 06:58:51.881000,9.89507,9.88763,1600000,1200000
2023-01-26 06:58:51.932000,9.89516,9.88775,1600000,1200000
2023-01-26 06:58:52.084000,9.89478,9.88772,1200000,1200000
2023-01-26 06:58:52.185000,9.89488,9.88822,1200000,1800000
2023-01-26 06:58:52.236000,9.89498,9.88822,3600000,1800000
2023-01-26 06:58:52.387000,9.8948,9.88826,1800000,1800000
2023-01-26 06:58:52.595000,9.89475,9.88829,1800000,1800000
2023-01-26 06:58:52.875000,9.89488,9.88832,1800000,1800000
2023-01-26 06:58:53.379000,9.8948,9.88824,1800000,1800000
2023-01-26 06:58:53.594000,9.89496,9.88812,2100000,1800000
2023-01-26 06:58:54.097000,9.89475,9.88819,1800000,1800000
2023-01-26 06:58:54.198000,9.89468,9.88819,1200000,1800000
2023-01-26 06:58:54.350000,9.89467,9.8879,1200000,1800000
2023-01-26 06:58:54.501000,9.89458,9.88789,1200000,1800000
2023-01-26 06:58:54.602000,9.89458,9.88787,1200000,1800000
2023-01-26 06:58:54.653000,9.89468,9.88787,1200000,1800000
2023-01-26 06:58:54.704000,9.89458,9.88787,1200000,1800000
2023-01-26 06:58:54.755000,9.89468,9.88787,1200000,1800000
2023-01-26 06:58:54.815000,9.89472,9.88788,1800000,1800000
2023-01-26 06:58:54.866000,9.89469,9.88803,1800000,1800000
2023-01-26 06:58:55.118000,9.89491,9.88795,2100000,1800000
2023-01-26 06:58:55.370000,9.89498,9.88788,1600000,1200000
2023-01-26 06:58:55.581000,9.89508,9.88788,1600000,1200000
2023-01-26 06:58:55.631000,9.89508,9.88796,1600000,1800000
2023-01-26 06:58:55.884000,9.89508,9.88795,1600000,1800000
2023-01-26 06:58:55.988000,9.89508,9.88795,1200000,1800000
2023-01-26 06:58:56.089000,9.89527,9.88796,1600000,1800000
2023-01-26 06:58:56.140000,9.89505,9.88831,1800000,1800000
2023-01-26 06:58:56.342000,9.89505,9.88858,1800000,1200000
2023-01-26 06:58:56.392000,9.89575,9.88807,1200000,1100000
2023-01-26 06:58:56.495000,9.89598,9.88842,1600000,1350000
2023-01-26 06:58:56.546000,9.89598,9.88844,1600000,1600000
2023-01-26 06:58:56.724000,9.89598,9.88852,1600000,1200000
2023-01-26 06:58:56.896000,9.89598,9.88862,1600000,1200000
2023-01-26 06:58:56.998000,9.89608,9.88872,1600000,1200000
2023-01-26 06:58:57.048000,9.89598,9.88862,1600000,1200000
2023-01-26 06:58:57.099000,9.89588,9.88852,1200000,2100000
2023-01-26 06:58:57.200000,9.89598,9.88862,1600000,1200000
2023-01-26 06:58:57.301000,9.89598,9.88892,1200000,1200000
2023-01-26 06:58:57.352000,9.89608,9.88892,1600000,1200000
2023-01-26 06:58:57.403000,9.89597,9.88908,1200000,1200000
2023-01-26 06:58:57.483000,9.89629,9.88907,1600000,1200000
2023-01-26 06:58:57.534000,9.89629,9.88912,1600000,1200000
2023-01-26 06:58:57.585000,9.89632,9.88902,1600000,1200000
2023-01-26 06:58:57.636000,9.89632,9.88912,1600000,1200000
2023-01-26 06:58:57.737000,9.89637,9.88941,1200000,1200000
2023-01-26 06:58:57.788000,9.89676,9.88944,1600000,1200000
2023-01-26 06:58:57.839000,9.89676,9.88944,1600000,1200000
2023-01-26 06:58:57.990000,9.89688,9.88952,1600000,1200000
2023-01-26 06:58:58.091000,9.89698,9.88962,1600000,1200000
2023-01-26 06:58:58.142000,9.89688,9.88956,1600000,1200000
2023-01-26 06:58:58.193000,9.89688,9.88962,1600000,1200000
2023-01-26 06:58:58.294000,9.89688,9.88962,1600000,1200000
2023-01-26 06:58:58.395000,9.89688,9.88962,2100000,1200000
2023-01-26 06:58:58.784000,9.89698,9.88953,1600000,1200000
2023-01-26 06:58:58.835000,9.89688,9.88962,1600000,1200000
2023-01-26 06:58:58.936000,9.89688,9.88952,1600000,1800000
2023-01-26 06:58:58.986000,9.89688,9.88987,1600000,1200000
2023-01-26 06:58:59.459000,9.89675,9.88994,1600000,1200000
2023-01-26 06:58:59.761000,9.89668,9.88994,1600000,1200000
2023-01-26 06:58:59.963000,9.89658,9.88994,1600000,1200000
2023-01-26 06:59:00.115000,9.89657,9.88965,1600000,1200000
2023-01-26 06:59:00.269000,9.89658,9.88964,1600000,1200000
2023-01-26 06:59:00.376000,9.89658,9.88961,1600000,1200000
2023-01-26 06:59:00.744000,9.89668,9.88966,1600000,1200000
2023-01-26 06:59:01.584000,9.89602,9.88963,1200000,1200000
2023-01-26 06:59:03.361000,9.89598,9.88963,1200000,1200000
2023-01-26 06:59:03.462000,9.89544,9.8893,1200000,1200000
2023-01-26 06:59:04.124000,9.89587,9.88947,1200000,1800000
2023-01-26 06:59:04.225000,9.89549,9.88948,1200000,1800000
2023-01-26 06:59:04.378000,9.8955,9.88938,1200000,1800000
2023-01-26 06:59:04.605000,9.8955,9.88955,1200000,1800000
2023-01-26 06:59:04.820000,9.89597,9.88974,1200000,1200000
2023-01-26 06:59:04.921000,9.89538,9.88967,1200000,1800000
2023-01-26 06:59:05.023000,9.89579,9.88966,1200000,1800000
2023-01-26 06:59:05.124000,9.89579,9.88959,1200000,1200000
2023-01-26 06:59:05.225000,9.89536,9.88973,1200000,1200000
2023-01-26 06:59:05.478000,9.89591,9.88966,1200000,1200000
2023-01-26 06:59:05.781000,9.89617,9.88958,1800000,1200000
2023-01-26 06:59:05.882000,9.89588,9.88958,1200000,1200000
2023-01-26 06:59:06.138000,9.89588,9.88962,1200000,1800000
2023-01-26 06:59:06.239000,9.89587,9.88964,1200000,1200000
2023-01-26 06:59:06.390000,9.89587,9.88977,1200000,1800000
2023-01-26 06:59:06.441000,9.89643,9.89011,1800000,1200000
2023-01-26 06:59:06.609000,9.89664,9.89011,2100000,1200000
2023-01-26 06:59:06.864000,9.89658,9.89011,1800000,1200000
2023-01-26 06:59:07.139000,9.89658,9.89012,2250000,1200000
2023-01-26 06:59:07.345000,9.89659,9.8902,1800000,1200000
2023-01-26 06:59:07.396000,9.89688,9.8902,1200000,1200000
2023-01-26 06:59:07.447000,9.89698,9.8902,1800000,1200000
2023-01-26 06:59:07.592000,9.89708,9.8902,1200000,1200000
2023-01-26 06:59:07.643000,9.89717,9.8902,1200000,1200000
2023-01-26 06:59:07.694000,9.89707,9.89052,1200000,1200000
2023-01-26 06:59:07.896000,9.89692,9.89052,1800000,1200000
2023-01-26 06:59:08.148000,9.89694,9.8904,1800000,1200000
2023-01-26 06:59:08.350000,9.89687,9.89041,1200000,1200000
2023-01-26 06:59:08.464000,9.89674,9.8904,1800000,1200000
2023-01-26 06:59:08.600000,9.89675,9.8904,1800000,1200000
2023-01-26 06:59:08.701000,9.89675,9.89041,1800000,1200000
2023-01-26 06:59:08.752000,9.89675,9.89001,1800000,1200000
2023-01-26 06:59:08.904000,9.89677,9.89001,1200000,1200000
2023-01-26 06:59:09.151000,9.89708,9.88984,1800000,1200000
2023-01-26 06:59:09.252000,9.89718,9.88984,1800000,1200000
2023-01-26 06:59:09.303000,9.89718,9.88994,1200000,1200000
2023-01-26 06:59:09.404000,9.89712,9.88996,1800000,1800000
2023-01-26 06:59:09.675000,9.89712,9.88998,1800000,1800000
2023-01-26 06:59:09.776000,9.89688,9.88997,1200000,1800000
2023-01-26 06:59:09.877000,9.89698,9.88997,1800000,1800000
2023-01-26 06:59:09.928000,9.89681,9.89015,1800000,1800000
2023-01-26 06:59:10.164000,9.89684,9.89018,1800000,1800000
2023-01-26 06:59:10.378000,9.89682,9.89016,1800000,1800000
2023-01-26 06:59:10.631000,9.89683,9.89017,1800000,1800000
2023-01-26 06:59:10.772000,9.89682,9.8902,1200000,1200000
2023-01-26 06:59:11.124000,9.89678,9.8902,1200000,1200000
2023-01-26 06:59:11.225000,9.89682,9.8902,1200000,1200000
2023-01-26 06:59:11.276000,9.89686,9.8901,1800000,1200000
2023-01-26 06:59:11.427000,9.89675,9.89011,1800000,2700000
2023-01-26 06:59:11.629000,9.89675,9.8901,1800000,1200000
2023-01-26 06:59:11.916000,9.89681,9.89015,1800000,1800000
2023-01-26 06:59:12.144000,9.89688,9.89032,1800000,1800000
2023-01-26 06:59:12.384000,9.89681,9.89025,1800000,1800000
2023-01-26 06:59:12.631000,9.89677,9.89021,1800000,1800000
2023-01-26 06:59:12.899000,9.89679,9.89023,1800000,1800000
2023-01-26 06:59:13.467000,9.8968,9.89024,1800000,1800000
2023-01-26 06:59:13.669000,9.89668,9.89024,1200000,1800000
2023-01-26 06:59:13.719000,9.89668,9.8901,1200000,1200000
2023-01-26 06:59:13.918000,9.89658,9.8901,1200000,1200000
2023-01-26 06:59:14.221000,9.89628,9.88985,1200000,1200000
2023-01-26 06:59:14.272000,9.89647,9.88986,1200000,1200000
2023-01-26 06:59:14.322000,9.89617,9.88986,1200000,1200000
2023-01-26 06:59:14.424000,9.89608,9.88985,1200000,1200000
2023-01-26 06:59:14.525000,9.89598,9.88985,1200000,1200000
2023-01-26 06:59:14.626000,9.89608,9.88985,1800000,1200000
2023-01-26 06:59:14.677000,9.89607,9.88993,1200000,1200000
2023-01-26 06:59:14.828000,9.89608,9.88992,1600000,1200000
2023-01-26 06:59:14.997000,9.89618,9.88986,1600000,1200000
2023-01-26 06:59:15.149000,9.89628,9.88986,1200000,1200000
2023-01-26 06:59:15.200000,9.89618,9.88986,1200000,1200000
2023-01-26 06:59:15.301000,9.89617,9.88986,1800000,1200000
2023-01-26 06:59:15.505000,9.89617,9.88987,1800000,1200000
2023-01-26 06:59:15.714000,9.89618,9.88982,1800000,1200000
2023-01-26 06:59:15.864000,9.89617,9.88982,1800000,1200000
2023-01-26 06:59:16.016000,9.89618,9.88982,1800000,1200000
2023-01-26 06:59:16.255000,9.89632,9.88982,1800000,1200000
2023-01-26 06:59:16.356000,9.89628,9.88982,1200000,1200000
2023-01-26 06:59:16.457000,9.89632,9.88982,1800000,1200000
2023-01-26 06:59:16.508000,9.89628,9.88982,1200000,1200000
2023-01-26 06:59:16.609000,9.89617,9.88983,1200000,1200000
2023-01-26 06:59:16.886000,9.89608,9.88982,1200000,1200000
2023-01-26 06:59:17.019000,9.89597,9.88983,1200000,1200000
2023-01-26 06:59:18.233000,9.89598,9.8898,1200000,1200000
2023-01-26 06:59:18.726000,9.89603,9.8898,1800000,1200000
2023-01-26 06:59:18.878000,9.89608,9.8898,1200000,1200000
2023-01-26 06:59:19.145000,9.89598,9.8898,1200000,1200000
2023-01-26 06:59:19.739000,9.89598,9.88979,1200000,1200000
2023-01-26 06:59:19.789000,9.89601,9.88979,1800000,1200000
2023-01-26 06:59:19.840000,9.89606,9.8898,1800000,1200000
2023-01-26 06:59:19.970000,9.89598,9.88979,1200000,1200000
2023-01-26 06:59:20.087000,9.89593,9.88979,1200000,1200000
2023-01-26 06:59:21.755000,9.89588,9.8898,1200000,1200000
2023-01-26 06:59:21.891000,9.89577,9.88981,1200000,1200000
2023-01-26 06:59:21.942000,9.89593,9.8898,1800000,1200000
2023-01-26 06:59:21.993000,9.89608,9.8898,1800000,1200000
2023-01-26 06:59:22.094000,9.89593,9.88962,1200000,2250000
2023-01-26 06:59:22.246000,9.89592,9.88962,1200000,1200000
2023-01-26 06:59:22.498000,9.89593,9.88961,1200000,1600000
2023-01-26 06:59:22.549000,9.89636,9.88966,1200000,1200000
2023-01-26 06:59:22.751000,9.89635,9.88977,1200000,1800000
2023-01-26 06:59:22.980000,9.89636,9.89013,1200000,1200000
2023-01-26 06:59:23.287000,9.89628,9.8902,1200000,1200000
2023-01-26 06:59:23.928000,9.8966,9.89059,1200000,1200000
2023-01-26 06:59:24.029000,9.89706,9.89069,1200000,1600000
2023-01-26 06:59:24.130000,9.89665,9.89081,1200000,1200000
2023-01-26 06:59:24.233000,9.89721,9.89052,1200000,1200000
2023-01-26 06:59:24.284000,9.89698,9.89052,1200000,1200000
2023-01-26 06:59:24.385000,9.89706,9.89058,1200000,1200000
2023-01-26 06:59:24.436000,9.89717,9.89058,1200000,1200000
2023-01-26 06:59:24.486000,9.89698,9.89057,1200000,1200000
2023-01-26 06:59:24.587000,9.89708,9.89057,1800000,1200000
2023-01-26 06:59:24.638000,9.89697,9.89058,1200000,1600000
2023-01-26 06:59:24.689000,9.89707,9.89058,1200000,1600000
2023-01-26 06:59:24.790000,9.89698,9.89057,1200000,1600000
2023-01-26 06:59:24.841000,9.89698,9.89057,1200000,1200000
2023-01-26 06:59:24.942000,9.89708,9.89057,1800000,1200000
2023-01-26 06:59:24.993000,9.89688,9.89057,1200000,1200000
2023-01-26 06:59:25.094000,9.89686,9.89102,1200000,1200000
2023-01-26 06:59:25.498000,9.8969,9.89091,1200000,1200000
2023-01-26 06:59:25.548000,9.89678,9.89091,1200000,1200000
2023-01-26 06:59:25.650000,9.8957,9.89023,1200000,1600000
2023-01-26 06:59:25.700000,9.8957,9.89023,1200000,1200000
2023-01-26 06:59:25.953000,9.89526,9.88983,1200000,1200000
2023-01-26 06:59:26.211000,9.89589,9.88991,1200000,1200000
2023-01-26 06:59:26.765000,9.89619,9.88987,1200000,1200000
2023-01-26 06:59:26.916000,9.89618,9.88995,1200000,1200000
2023-01-26 06:59:27.431000,9.89619,9.88994,1200000,1600000
2023-01-26 06:59:27.711000,9.89619,9.88994,1200000,1600000
2023-01-26 06:59:27.913000,9.89619,9.88994,1200000,1600000
2023-01-26 06:59:28.116000,9.89618,9.88995,1200000,2850000
2023-01-26 06:59:28.277000,9.89563,9.89019,1200000,1600000
2023-01-26 06:59:28.378000,9.89613,9.89071,1200000,1200000
2023-01-26 06:59:28.480000,9.89665,9.89072,1800000,1200000
2023-01-26 06:59:28.581000,9.89708,9.89072,1200000,1200000
2023-01-26 06:59:28.682000,9.89687,9.89073,1200000,1200000
2023-01-26 06:59:28.783000,9.89698,9.89032,1200000,1200000
2023-01-26 06:59:28.834000,9.89708,9.89032,1800000,1200000
2023-01-26 06:59:28.885000,9.89713,9.89032,1200000,1200000
2023-01-26 06:59:28.986000,9.89713,9.89037,2700000,1800000
2023-01-26 06:59:29.231000,9.89701,9.89055,1800000,1800000
2023-01-26 06:59:29.484000,9.89708,9.89047,1200000,1800000
2023-01-26 06:59:29.534000,9.89713,9.89065,1800000,1200000
2023-01-26 06:59:29.686000,9.89711,9.89065,1200000,1200000
2023-01-26 06:59:29.796000,9.89701,9.89065,1800000,1200000
2023-01-26 06:59:29.898000,9.89687,9.89066,1200000,1200000
2023-01-26 06:59:29.999000,9.89678,9.89065,1200000,1200000
2023-01-26 06:59:30.282000,9.89668,9.89065,1200000,1200000
2023-01-26 06:59:30.333000,9.89677,9.89058,1200000,1200000
2023-01-26 06:59:30.384000,9.89686,9.89059,1800000,1200000
2023-01-26 06:59:30.435000,9.89686,9.89054,1800000,1200000
2023-01-26 06:59:30.552000,9.89695,9.89054,1800000,1200000
2023-01-26 06:59:30.754000,9.89696,9.89054,1800000,1200000
2023-01-26 06:59:31.213000,9.89687,9.89054,1200000,1200000
2023-01-26 06:59:31.314000,9.89684,9.89053,1800000,1200000
2023-01-26 06:59:31.415000,9.89678,9.89053,1200000,1200000
2023-01-26 06:59:31.567000,9.89683,9.89053,1800000,1200000
2023-01-26 06:59:31.732000,9.89686,9.89053,1800000,1200000
2023-01-26 06:59:32.098000,9.89687,9.89053,1800000,1200000
2023-01-26 06:59:32.149000,9.89678,9.89053,1200000,1200000
2023-01-26 06:59:32.250000,9.89687,9.89053,2700000,1200000
2023-01-26 06:59:32.351000,9.89699,9.89053,1980000,1200000
2023-01-26 06:59:32.402000,9.89699,9.89053,1800000,1200000
2023-01-26 06:59:32.551000,9.89698,9.89053,1200000,1200000
2023-01-26 06:59:33.095000,9.89689,9.89054,1800000,1200000
2023-01-26 06:59:33.465000,9.89691,9.89053,1800000,1200000
2023-01-26 06:59:34.886000,9.8969,9.89053,1800000,1200000
2023-01-26 06:59:35.037000,9.89689,9.89051,1800000,1200000
2023-01-26 06:59:35.103000,9.89679,9.8905,1800000,1200000
2023-01-26 06:59:35.303000,9.89678,9.8905,1200000,1200000
2023-01-26 06:59:35.585000,9.89677,9.8905,1800000,1200000
2023-01-26 06:59:35.710000,9.89668,9.8905,1200000,1200000
2023-01-26 06:59:36.139000,9.89678,9.8905,1200000,1200000
2023-01-26 06:59:36.352000,9.89684,9.8905,1800000,1200000
2023-01-26 06:59:36.822000,9.89668,9.8905,1200000,1200000
2023-01-26 06:59:37.304000,9.89658,9.8905,1200000,1200000
2023-01-26 06:59:37.355000,9.89664,9.8905,1800000,1200000
2023-01-26 06:59:37.406000,9.89647,9.8905,1200000,1200000
2023-01-26 06:59:37.507000,9.89658,9.8905,1200000,1200000
2023-01-26 06:59:38.625000,9.89647,9.89051,1800000,1200000
2023-01-26 06:59:38.885000,9.89652,9.8905,1800000,1200000
2023-01-26 06:59:39.121000,9.89653,9.8905,1800000,1200000
2023-01-26 06:59:39.374000,9.89655,9.89051,1800000,2700000
2023-01-26 06:59:39.978000,9.89655,9.8905,1800000,1200000
2023-01-26 06:59:40.231000,9.89654,9.8905,1800000,1200000
2023-01-26 06:59:42.905000,9.89655,9.8905,1800000,1200000
2023-01-26 06:59:43.177000,9.89668,9.89052,1800000,1800000
2023-01-26 06:59:43.416000,9.89678,9.89052,2700000,1800000
2023-01-26 06:59:43.668000,9.89684,9.89058,1800000,1800000
2023-01-26 06:59:44.217000,9.89685,9.89059,1800000,1800000
2023-01-26 06:59:44.482000,9.8968,9.89054,1800000,1800000
2023-01-26 06:59:44.722000,9.89682,9.89056,1800000,1800000
2023-01-26 06:59:45.009000,9.89694,9.8905,1800000,1200000
2023-01-26 06:59:45.158000,9.89688,9.89057,1200000,1200000
2023-01-26 06:59:45.259000,9.89668,9.89057,1200000,1200000
2023-01-26 06:59:45.831000,9.89678,9.89057,1800000,1200000
2023-01-26 06:59:45.932000,9.89682,9.89048,1800000,1200000
2023-01-26 06:59:46.033000,9.89692,9.89049,1800000,1200000
2023-01-26 06:59:46.235000,9.89691,9.89055,1800000,1800000
2023-01-26 06:59:46.478000,9.89689,9.89053,1800000,1800000
2023-01-26 06:59:46.757000,9.8968,9.89048,1800000,1200000
2023-01-26 06:59:46.968000,9.89681,9.89049,1800000,1200000
2023-01-26 06:59:47.239000,9.8968,9.89048,1800000,1200000
2023-01-26 06:59:47.587000,9.89678,9.89049,1800000,1200000
2023-01-26 06:59:47.837000,9.89678,9.89048,1800000,1200000
2023-01-26 06:59:48.119000,9.8968,9.89049,1800000,1200000
2023-01-26 06:59:48.575000,9.89678,9.89048,1200000,1200000
2023-01-26 06:59:48.677000,9.89668,9.89048,2700000,1200000
2023-01-26 06:59:48.879000,9.89682,9.89048,1800000,1200000
2023-01-26 06:59:49.121000,9.89687,9.89051,1800000,1800000
2023-01-26 06:59:49.345000,9.89687,9.89053,1800000,1800000
2023-01-26 06:59:49.601000,9.89685,9.89049,1800000,1800000
2023-01-26 06:59:49.839000,9.89681,9.89048,1800000,1200000
2023-01-26 06:59:50.111000,9.8968,9.89048,1800000,1200000
2023-01-26 06:59:50.343000,9.89675,9.8905,1800000,1200000
2023-01-26 06:59:50.618000,9.8967,9.89049,1800000,1200000
2023-01-26 06:59:51.433000,9.89671,9.89049,1800000,1200000
2023-01-26 06:59:51.647000,9.89688,9.89049,1200000,1200000
2023-01-26 06:59:52.638000,9.89697,9.89049,1200000,1200000
2023-01-26 06:59:52.739000,9.89698,9.89049,1800000,1200000
2023-01-26 06:59:52.840000,9.89708,9.89049,2700000,1200000
2023-01-26 06:59:52.891000,9.89708,9.89047,2700000,1200000
2023-01-26 06:59:52.942000,9.89698,9.89047,1200000,1200000
2023-01-26 06:59:53.043000,9.89658,9.89047,1200000,1200000
2023-01-26 06:59:53.182000,9.89647,9.89048,1200000,1200000
2023-01-26 06:59:53.307000,9.89658,9.89047,1200000,1200000
2023-01-26 06:59:53.459000,9.89658,9.89045,1200000,1200000
2023-01-26 06:59:53.745000,9.89668,9.8904,1200000,1200000
2023-01-26 06:59:53.796000,9.89697,9.8904,1800000,1200000
2023-01-26 06:59:53.846000,9.89698,9.89048,1200000,1200000
2023-01-26 06:59:53.897000,9.89708,9.89048,1200000,1200000
2023-01-26 06:59:54.067000,9.89698,9.89048,1200000,1200000
2023-01-26 06:59:54.168000,9.89687,9.89049,1200000,1200000
2023-01-26 06:59:54.269000,9.89698,9.89048,1800000,1200000
2023-01-26 06:59:54.370000,9.89698,9.89047,1200000,1200000
2023-01-26 06:59:54.421000,9.89708,9.89047,1200000,1200000
2023-01-26 06:59:55.103000,9.89705,9.89001,1800000,1800000
2023-01-26 06:59:55.336000,9.89708,9.89006,1200000,1800000
2023-01-26 06:59:55.586000,9.89708,9.8901,1200000,1800000
2023-01-26 06:59:55.835000,9.89708,9.88996,1200000,1800000
2023-01-26 06:59:56.059000,9.89708,9.89017,1200000,1200000
2023-01-26 06:59:56.160000,9.89706,9.89017,1800000,1200000
2023-01-26 06:59:56.211000,9.89706,9.8901,1800000,1800000
2023-01-26 06:59:56.379000,9.89694,9.88998,1800000,1800000
2023-01-26 06:59:56.633000,9.89694,9.89002,1200000,1800000
2023-01-26 06:59:56.865000,9.89693,9.88998,1200000,1200000
2023-01-26 06:59:56.916000,9.89647,9.88925,1200000,1200000
2023-01-26 06:59:57.118000,9.89675,9.8899,1200000,1200000
2023-01-26 06:59:57.219000,9.89676,9.88931,1200000,1200000
2023-01-26 06:59:57.320000,9.89676,9.88988,1200000,1200000
2023-01-26 06:59:57.589000,9.89676,9.88986,1200000,1200000
2023-01-26 06:59:57.640000,9.89676,9.88931,1200000,1200000
2023-01-26 06:59:57.691000,9.89675,9.88978,1200000,1200000
2023-01-26 06:59:57.811000,9.89675,9.88932,1200000,1200000
2023-01-26 06:59:57.912000,9.89676,9.88977,1200000,1200000
2023-01-26 06:59:58.164000,9.89676,9.8898,1200000,1200000
2023-01-26 06:59:59.106000,9.89676,9.88972,1200000,1200000
2023-01-26 06:59:59.157000,9.89676,9.88975,1200000,1200000
2023-01-26 06:59:59.360000,9.89656,9.8899,1800000,1800000
2023-01-26 06:59:59.861000,9.89659,9.88993,1800000,1800000
2023-01-26 07:00:00.072000,9.89626,9.89025,1200000,1200000
2023-01-26 07:00:00.687000,9.89644,9.89058,1200000,1200000
2023-01-26 07:00:00.939000,9.89644,9.88989,1200000,1200000
2023-01-26 07:00:01.040000,9.89673,9.88989,1200000,1200000
2023-01-26 07:00:01.091000,9.89673,9.89013,1200000,1200000
2023-01-26 07:00:01.343000,9.89673,9.89087,1200000,1200000
2023-01-26 07:00:01.444000,9.89673,9.8901,1200000,1200000
2023-01-26 07:00:01.509000,9.89673,9.89008,1200000,1200000
2023-01-26 07:00:02.239000,9.89673,9.89088,1200000,1200000
2023-01-26 07:00:02.290000,9.89673,9.8902,1200000,1200000
2023-01-26 07:00:02.391000,9.89673,9.89088,1200000,1200000
2023-01-26 07:00:02.786000,9.89673,9.89026,1200000,1200000
2023-01-26 07:00:02.887000,9.89673,9.88943,1200000,1200000
2023-01-26 07:00:03.158000,9.89723,9.88949,1200000,1200000
2023-01-26 07:00:03.360000,9.89724,9.89025,1200000,1800000
2023-01-26 07:00:03.463000,9.89679,9.89025,1200000,1800000
2023-01-26 07:00:03.652000,9.89679,9.89041,1200000,1800000
2023-01-26 07:00:03.861000,9.89679,9.89039,1200000,1800000
2023-01-26 07:00:04.013000,9.89715,9.89039,1800000,1800000
2023-01-26 07:00:04.063000,9.89679,9.89039,1200000,1800000
2023-01-26 07:00:04.114000,9.89856,9.88954,1200000,1200000
2023-01-26 07:00:04.165000,9.89863,9.88954,1200000,1200000
2023-01-26 07:00:04.215000,9.89863,9.88963,1200000,1200000
2023-01-26 07:00:04.266000,9.89863,9.88954,1200000,1200000
2023-01-26 07:00:04.558000,9.89863,9.88896,1200000,1200000
2023-01-26 07:00:04.609000,9.89862,9.88964,1200000,1200000
2023-01-26 07:00:04.660000,9.89863,9.88954,1200000,1200000
2023-01-26 07:00:04.848000,9.89868,9.88954,1200000,1200000
2023-01-26 07:00:05.025000,9.89737,9.88933,1200000,1200000
2023-01-26 07:00:05.996000,9.89893,9.88954,1000000,1200000
2023-01-26 07:00:06.047000,9.89757,9.88967,1200000,1200000
2023-01-26 07:00:06.229000,9.89757,9.88991,1200000,1200000
2023-01-26 07:00:06.280000,9.89831,9.88991,1800000,1200000
2023-01-26 07:00:06.331000,9.89779,9.89003,1200000,1200000
2023-01-26 07:00:06.382000,9.89844,9.89,2100000,1200000
2023-01-26 07:00:06.483000,9.89845,9.88999,1800000,1200000
2023-01-26 07:00:06.584000,9.89845,9.89008,1800000,1200000
2023-01-26 07:00:06.685000,9.89827,9.89031,1800000,1800000
2023-01-26 07:00:06.786000,9.89827,9.89064,1800000,1200000
2023-01-26 07:00:06.887000,9.89849,9.89073,1800000,1800000
2023-01-26 07:00:06.938000,9.89849,9.89196,1800000,1200000
2023-01-26 07:00:07.026000,9.89849,9.89134,1800000,1200000
2023-01-26 07:00:07.154000,9.89851,9.89135,1800000,1200000
2023-01-26 07:00:07.382000,9.8986,9.89134,1800000,1200000
2023-01-26 07:00:07.631000,9.89843,9.89134,1800000,1200000
2023-01-26 07:00:07.880000,9.89848,9.89134,1800000,1200000
2023-01-26 07:00:08.040000,9.89847,9.89197,1800000,1200000
2023-01-26 07:00:08.141000,9.89855,9.89196,1800000,1200000
2023-01-26 07:00:08.242000,9.89855,9.89134,1800000,1200000
2023-01-26 07:00:08.379000,9.8986,9.89144,1800000,1800000
2023-01-26 07:00:08.556000,9.8986,9.89158,1800000,1200000
2023-01-26 07:00:08.631000,9.89862,9.89158,1800000,1200000
2023-01-26 07:00:08.885000,9.89862,9.89159,1800000,1200000
2023-01-26 07:00:08.936000,9.89855,9.89159,1800000,2700000
2023-01-26 07:00:09.128000,9.89864,9.89168,1800000,1800000
2023-01-26 07:00:09.403000,9.89865,9.89159,1800000,2700000
2023-01-26 07:00:09.595000,9.89865,9.89189,1800000,1200000
2023-01-26 07:00:09.645000,9.89881,9.8919,1800000,1200000
2023-01-26 07:00:09.696000,9.89882,9.89166,1800000,1800000
2023-01-26 07:00:09.753000,9.89882,9.89171,1800000,1200000
2023-01-26 07:00:09.910000,9.89886,9.89172,1200000,1800000
2023-01-26 07:00:10.156000,9.89873,9.89197,1800000,1800000
2023-01-26 07:00:10.379000,9.89883,9.89197,1800000,1800000
2023-01-26 07:00:10.490000,9.89881,9.89197,1200000,1800000
2023-01-26 07:00:10.642000,9.89881,9.89196,1200000,1200000
2023-01-26 07:00:10.860000,9.8986,9.89196,1200000,1200000
2023-01-26 07:00:11.232000,9.89888,9.89196,1200000,1200000
2023-01-26 07:00:11.379000,9.89888,9.89198,1200000,1800000
2023-01-26 07:00:11.575000,9.89904,9.89257,1800000,1200000
2023-01-26 07:00:11.676000,9.89947,9.89382,2100000,1200000
2023-01-26 07:00:11.828000,9.89947,9.89382,1800000,1200000
2023-01-26 07:00:11.929000,9.89935,9.89382,1800000,1200000
2023-01-26 07:00:12.131000,9.89935,9.89412,1800000,1200000
2023-01-26 07:00:12.233000,9.89944,9.89422,1800000,1200000
2023-01-26 07:00:12.334000,9.89944,9.89432,1800000,1200000
2023-01-26 07:00:12.384000,9.89963,9.89432,1200000,1200000
2023-01-26 07:00:12.439000,9.89962,9.89423,1200000,1200000
2023-01-26 07:00:12.600000,9.89963,9.89412,1200000,1200000
2023-01-26 07:00:12.747000,9.89895,9.89412,1200000,1200000
2023-01-26 07:00:12.797000,9.89895,9.89353,1200000,1200000
2023-01-26 07:00:12.848000,9.89895,9.89311,1200000,1800000
2023-01-26 07:00:12.899000,9.8986,9.89293,1200000,1200000
2023-01-26 07:00:13.253000,9.8986,9.89262,1200000,1200000
2023-01-26 07:00:13.303000,9.89829,9.89243,1200000,1200000
2023-01-26 07:00:13.731000,9.89804,9.89243,1200000,1200000
2023-01-26 07:00:13.782000,9.89804,9.89202,1200000,1200000
2023-01-26 07:00:13.833000,9.89804,9.892,1200000,1200000
2023-01-26 07:00:13.884000,9.89803,9.8921,1200000,1200000
2023-01-26 07:00:13.985000,9.89804,9.89207,1200000,1200000
2023-01-26 07:00:14.086000,9.89804,9.89208,1600000,1200000
2023-01-26 07:00:14.237000,9.89777,9.89173,1600000,1200000
2023-01-26 07:00:14.288000,9.89777,9.89203,1600000,1200000
2023-01-26 07:00:14.389000,9.89778,9.89212,1600000,1200000
2023-01-26 07:00:14.491000,9.89777,9.89182,1600000,1200000
2023-01-26 07:00:14.592000,9.89778,9.89175,1600000,1600000
2023-01-26 07:00:14.748000,9.89778,9.89187,1600000,1200000
2023-01-26 07:00:14.849000,9.89778,9.89192,1200000,1600000
2023-01-26 07:00:14.951000,9.8987,9.89323,1600000,1200000
2023-01-26 07:00:15.001000,9.89969,9.89382,1350000,1200000
2023-01-26 07:00:15.052000,9.89969,9.8936,1350000,1200000
2023-01-26 07:00:15.116000,9.89969,9.89382,1350000,1200000
2023-01-26 07:00:15.217000,9.89969,9.89392,1200000,1200000
2023-01-26 07:00:15.268000,9.89969,9.89382,1200000,1200000
2023-01-26 07:00:15.419000,9.89969,9.89357,1200000,1200000
2023-01-26 07:00:15.470000,9.89969,9.89353,1200000,1200000
2023-01-26 07:00:15.521000,9.90001,9.89354,1600000,1200000
2023-01-26 07:00:15.571000,9.90002,9.89361,1600000,1200000
2023-01-26 07:00:15.673000,9.90002,9.89372,1600000,1200000
2023-01-26 07:00:15.774000,9.90002,9.89389,1600000,1200000
2023-01-26 07:00:15.875000,9.90002,9.89397,1600000,1200000
2023-01-26 07:00:15.976000,9.89968,9.89397,1200000,1200000
2023-01-26 07:00:16.027000,9.89913,9.89397,1200000,1200000
2023-01-26 07:00:16.078000,9.89913,9.89378,1200000,1200000
2023-01-26 07:00:16.179000,9.89933,9.89354,1600000,1200000
2023-01-26 07:00:16.280000,9.89958,9.89324,1600000,1200000
2023-01-26 07:00:16.331000,9.89993,9.89382,1600000,1200000
2023-01-26 07:00:16.381000,9.89969,9.89342,1200000,1200000
2023-01-26 07:00:16.432000,9.89969,9.89332,1200000,1200000
2023-01-26 07:00:16.483000,9.89969,9.89322,1600000,1200000
2023-01-26 07:00:16.584000,9.89936,9.89352,1200000,1200000
2023-01-26 07:00:16.685000,9.89936,9.8935,1200000,1200000
2023-01-26 07:00:16.736000,9.89936,9.8935,1600000,1200000
2023-01-26 07:00:16.837000,9.89935,9.89355,1200000,1200000
2023-01-26 07:00:16.938000,9.89935,9.89355,1600000,1200000
2023-01-26 07:00:17.090000,9.89909,9.89354,1200000,1200000
2023-01-26 07:00:17.228000,9.89909,9.89354,1600000,1200000
2023-01-26 07:00:17.297000,9.89909,9.89354,1600000,1200000
2023-01-26 07:00:17.398000,9.89909,9.89354,1200000,1200000
2023-01-26 07:00:17.449000,9.89909,9.89319,1200000,1200000
2023-01-26 07:00:17.499000,9.89933,9.89347,1600000,1200000
2023-01-26 07:00:17.550000,9.89905,9.89319,1200000,1200000
2023-01-26 07:00:17.601000,9.89904,9.89289,1200000,1200000
2023-01-26 07:00:17.652000,9.89904,9.89289,1600000,1200000
2023-01-26 07:00:17.753000,9.8986,9.89288,1200000,1200000
2023-01-26 07:00:17.904000,9.8986,9.89258,1200000,1200000
2023-01-26 07:00:18.006000,9.89886,9.893,1200000,1200000
2023-01-26 07:00:18.057000,9.89886,9.8928,1600000,1200000
2023-01-26 07:00:18.229000,9.89885,9.89281,1600000,1200000
2023-01-26 07:00:18.388000,9.89885,9.8929,1600000,1200000
2023-01-26 07:00:18.490000,9.89886,9.89292,1600000,1200000
2023-01-26 07:00:18.684000,9.89885,9.89293,1600000,1200000
2023-01-26 07:00:18.878000,9.89886,9.89292,1600000,1200000
2023-01-26 07:00:18.993000,9.89886,9.89312,1600000,1200000
2023-01-26 07:00:19.094000,9.89909,9.89352,1200000,1200000
2023-01-26 07:00:19.145000,9.89937,9.89382,1600000,1200000
2023-01-26 07:00:19.196000,9.89936,9.89343,1600000,1200000
2023-01-26 07:00:19.297000,9.89911,9.89308,1600000,1200000
2023-01-26 07:00:19.449000,9.89911,9.89312,1600000,1200000
2023-01-26 07:00:19.691000,9.89911,9.89312,1600000,1200000
2023-01-26 07:00:19.989000,9.89911,9.89322,1600000,1200000
2023-01-26 07:00:20.097000,9.89911,9.89322,1600000,1200000
2023-01-26 07:00:20.148000,9.89911,9.89322,1600000,1200000
2023-01-26 07:00:20.415000,9.89911,9.89322,1600000,1200000
2023-01-26 07:00:20.465000,9.89911,9.89365,1600000,1200000
2023-01-26 07:00:20.567000,9.89944,9.89432,1200000,1200000
2023-01-26 07:00:20.617000,9.8998,9.89442,1600000,1200000
2023-01-26 07:00:20.668000,9.89979,9.89428,1600000,1200000
2023-01-26 07:00:20.719000,9.90003,9.89422,1600000,1200000
2023-01-26 07:00:20.770000,9.90002,9.89423,1200000,1200000
2023-01-26 07:00:20.820000,9.90019,9.89452,1200000,1200000
2023-01-26 07:00:20.871000,9.90019,9.89403,1200000,1200000
2023-01-26 07:00:20.922000,9.89992,9.89383,1200000,1200000
2023-01-26 07:00:21.027000,9.89993,9.89412,1600000,1200000
2023-01-26 07:00:21.128000,9.89993,9.89397,1600000,1200000
2023-01-26 07:00:21.179000,9.89993,9.89392,1600000,1200000
2023-01-26 07:00:22.113000,9.89993,9.89402,1600000,1200000
2023-01-26 07:00:22.493000,9.90038,9.89412,1600000,1200000
2023-01-26 07:00:22.703000,9.89995,9.89402,1600000,1200000
2023-01-26 07:00:22.754000,9.89995,9.89372,1600000,1200000
2023-01-26 07:00:22.920000,9.89971,9.8937,1600000,1200000
2023-01-26 07:00:22.971000,9.89971,9.8937,1600000,1200000
2023-01-26 07:00:23.093000,9.89985,9.89392,1600000,1200000
2023-01-26 07:00:23.143000,9.89984,9.89383,1600000,1200000
2023-01-26 07:00:23.260000,9.89985,9.89392,1600000,1200000
2023-01-26 07:00:23.576000,9.89984,9.89383,1600000,1200000
2023-01-26 07:00:23.791000,9.89985,9.89382,1600000,1200000
2023-01-26 07:00:24.443000,9.90027,9.89403,1600000,1200000
2023-01-26 07:00:24.544000,9.89992,9.89413,1600000,1200000
2023-01-26 07:00:24.649000,9.89993,9.89392,1600000,1200000
2023-01-26 07:00:24.885000,9.89992,9.89383,1600000,1200000
2023-01-26 07:00:24.986000,9.89993,9.89382,1600000,1200000
2023-01-26 07:00:25.037000,9.89993,9.89372,1600000,1200000
2023-01-26 07:00:25.087000,9.89992,9.89383,1600000,1200000
2023-01-26 07:00:25.188000,9.89993,9.89409,1600000,1200000
2023-01-26 07:00:25.239000,9.89993,9.89407,1600000,1200000
2023-01-26 07:00:25.373000,9.89993,9.89407,1600000,1200000
2023-01-26 07:00:25.957000,9.89993,9.89407,1600000,1200000
2023-01-26 07:00:26.058000,9.89993,9.89422,1600000,1200000
2023-01-26 07:00:26.109000,9.89993,9.89422,1600000,1200000
2023-01-26 07:00:26.160000,9.90019,9.89457,1600000,1200000
2023-01-26 07:00:26.261000,9.90019,9.89456,1600000,1200000
2023-01-26 07:00:26.362000,9.90018,9.89457,1600000,1200000
2023-01-26 07:00:26.513000,9.90018,9.89453,1600000,1200000
2023-01-26 07:00:26.564000,9.90019,9.8945,1200000,1200000
2023-01-26 07:00:26.615000,9.90019,9.89442,1600000,1200000
2023-01-26 07:00:26.716000,9.90034,9.89453,1600000,1200000
2023-01-26 07:00:26.767000,9.90034,9.89443,1600000,1200000
2023-01-26 07:00:26.817000,9.90035,9.89452,1600000,1200000
2023-01-26 07:00:26.919000,9.90035,9.89462,1600000,1200000
2023-01-26 07:00:27.020000,9.90035,9.89462,1600000,1200000
2023-01-26 07:00:27.121000,9.90035,9.89441,1600000,1200000
2023-01-26 07:00:27.717000,9.90035,9.89502,1600000,1200000
2023-01-26 07:00:27.818000,9.90118,9.89512,1600000,1200000
2023-01-26 07:00:27.919000,9.90148,9.89542,1600000,1200000
2023-01-26 07:00:28.130000,9.90147,9.89543,1600000,1200000
2023-01-26 07:00:28.181000,9.90148,9.8955,1600000,1200000
2023-01-26 07:00:28.231000,9.90158,9.89532,1600000,1200000
2023-01-26 07:00:28.282000,9.90158,9.89522,1600000,1200000
2023-01-26 07:00:28.333000,9.90148,9.89512,1600000,1800000
2023-01-26 07:00:28.434000,9.90178,9.89542,1600000,1200000
2023-01-26 07:00:28.485000,9.90139,9.89512,1600000,1200000
2023-01-26 07:00:28.535000,9.90139,9.89512,1600000,1200000
2023-01-26 07:00:28.640000,9.90138,9.89533,1600000,1800000
2023-01-26 07:00:28.741000,9.90188,9.89602,1600000,1200000
2023-01-26 07:00:28.792000,9.90187,9.89593,1600000,1200000
2023-01-26 07:00:28.843000,9.90168,9.89582,1600000,1200000
2023-01-26 07:00:29.304000,9.90158,9.89572,1600000,1200000
2023-01-26 07:00:29.355000,9.90158,9.89582,1600000,1200000
2023-01-26 07:00:29.590000,9.90157,9.89548,1600000,1200000
2023-01-26 07:00:29.641000,9.90168,9.89547,1600000,1200000
2023-01-26 07:00:29.893000,9.90158,9.89547,1600000,1200000
2023-01-26 07:00:30.045000,9.90158,9.89547,1600000,1200000
2023-01-26 07:00:30.197000,9.90108,9.89547,1600000,1200000
2023-01-26 07:00:30.298000,9.90078,9.89525,1600000,1200000
2023-01-26 07:00:30.449000,9.90098,9.89525,1600000,1200000
2023-01-26 07:00:30.561000,9.90098,9.89525,1600000,1200000
2023-01-26 07:00:30.662000,9.90078,9.89479,1600000,1200000
2023-01-26 07:00:30.864000,9.90074,9.8948,1600000,1200000
2023-01-26 07:00:31.066000,9.90078,9.89479,1600000,1200000
2023-01-26 07:00:31.117000,9.90077,9.89483,1600000,1200000
2023-01-26 07:00:31.962000,9.90108,9.89482,1600000,1200000
2023-01-26 07:00:32.314000,9.90013,9.89482,1200000,1200000
2023-01-26 07:00:32.415000,9.90008,9.89482,1600000,1200000
2023-01-26 07:00:32.617000,9.89977,9.89483,1600000,1200000
2023-01-26 07:00:32.870000,9.89977,9.89433,1600000,1200000
2023-01-26 07:00:32.921000,9.89988,9.89432,1600000,1200000
2023-01-26 07:00:33.082000,9.89997,9.89433,1200000,1200000
2023-01-26 07:00:33.133000,9.90008,9.89432,1350000,1200000
2023-01-26 07:00:33.184000,9.90018,9.89432,1600000,1200000
2023-01-26 07:00:33.309000,9.89978,9.89432,1200000,1200000
2023-01-26 07:00:33.360000,9.89987,9.89433,1200000,1200000
2023-01-26 07:00:33.411000,9.90018,9.89432,1600000,1200000
2023-01-26 07:00:33.562000,9.89988,9.89436,1600000,1200000
2023-01-26 07:00:33.613000,9.89988,9.89436,1200000,1200000
2023-01-26 07:00:33.893000,9.89978,9.89436,1200000,1200000
2023-01-26 07:00:33.944000,9.89998,9.89436,1200000,1200000
2023-01-26 07:00:34.045000,9.89998,9.89436,1200000,1600000
2023-01-26 07:00:34.096000,9.90007,9.89437,1200000,1600000
2023-01-26 07:00:34.151000,9.89988,9.89436,1200000,1600000
2023-01-26 07:00:34.252000,9.89997,9.89437,1200000,1600000
2023-01-26 07:00:34.303000,9.90008,9.89436,1200000,1600000
2023-01-26 07:00:34.353000,9.90008,9.89436,1200000,1600000
2023-01-26 07:00:34.455000,9.89998,9.89436,1200000,1600000
2023-01-26 07:00:34.556000,9.90008,9.89432,1200000,1600000
2023-01-26 07:00:34.758000,9.90007,9.89433,1200000,1600000
2023-01-26 07:00:35.089000,9.90008,9.89432,1200000,1600000
2023-01-26 07:00:35.540000,9.89998,9.89432,1200000,1600000
2023-01-26 07:00:35.744000,9.89987,9.89432,1200000,1600000
2023-01-26 07:00:35.845000,9.89978,9.89434,1200000,1600000
2023-01-26 07:00:35.896000,9.89978,9.89434,1200000,1600000
2023-01-26 07:00:36.259000,9.89988,9.89434,1200000,1600000
2023-01-26 07:00:36.361000,9.89978,9.89434,1200000,1600000
2023-01-26 07:00:36.462000,9.89988,9.89434,1200000,1600000
2023-01-26 07:00:36.512000,9.89988,9.89434,1200000,1600000
2023-01-26 07:00:36.573000,9.89998,9.89434,1200000,1600000
2023-01-26 07:00:36.948000,9.89998,9.89434,1200000,1600000
2023-01-26 07:00:37.247000,9.89988,9.89434,1200000,1600000
2023-01-26 07:00:37.554000,9.89988,9.89434,1200000,1600000
2023-01-26 07:00:37.656000,9.89977,9.89435,1200000,1600000
2023-01-26 07:00:37.797000,9.89948,9.89434,1200000,1200000
2023-01-26 07:00:37.898000,9.89918,9.89391,1200000,1600000
2023-01-26 07:00:37.999000,9.89918,9.89366,1200000,1600000
2023-01-26 07:00:38.050000,9.89927,9.89367,1200000,1600000
2023-01-26 07:00:38.151000,9.89937,9.89374,1200000,1600000
2023-01-26 07:00:38.202000,9.89908,9.89373,1200000,1600000
2023-01-26 07:00:38.252000,9.89918,9.89373,1200000,1600000
2023-01-26 07:00:38.359000,9.89908,9.89373,1200000,1600000
2023-01-26 07:00:38.410000,9.89928,9.89373,1200000,1600000
2023-01-26 07:00:38.511000,9.89918,9.89373,1200000,1600000
2023-01-26 07:00:38.612000,9.89908,9.89373,1200000,1600000
2023-01-26 07:00:38.663000,9.89918,9.89373,1200000,1600000
2023-01-26 07:00:39.143000,9.89928,9.89357,1200000,1600000
2023-01-26 07:00:39.194000,9.89928,9.89357,1200000,1600000
2023-01-26 07:00:39.383000,9.89938,9.89357,1200000,1600000
2023-01-26 07:00:39.570000,9.89947,9.89358,1200000,1600000
2023-01-26 07:00:39.740000,9.89938,9.89357,1200000,1600000
2023-01-26 07:00:40.023000,9.89927,9.89358,1200000,1600000
2023-01-26 07:00:40.124000,9.89918,9.89357,1200000,1600000
2023-01-26 07:00:40.175000,9.89933,9.89357,1200000,1600000
2023-01-26 07:00:40.226000,9.89938,9.89357,1200000,1200000
2023-01-26 07:00:40.385000,9.89947,9.89358,1200000,1200000
2023-01-26 07:00:40.537000,9.89938,9.89357,1200000,1200000
2023-01-26 07:00:40.689000,9.89948,9.89357,1200000,1200000
2023-01-26 07:00:40.739000,9.89937,9.89358,1200000,1200000
2023-01-26 07:00:40.790000,9.89948,9.89357,1200000,1200000
2023-01-26 07:00:40.841000,9.89957,9.89358,1200000,1200000
2023-01-26 07:00:40.992000,9.89958,9.89353,1200000,1200000
2023-01-26 07:00:41.043000,9.89948,9.89353,1200000,1200000
2023-01-26 07:00:41.194000,9.89953,9.89372,1200000,1200000
2023-01-26 07:00:41.245000,9.89968,9.89373,1200000,1200000
2023-01-26 07:00:41.296000,9.89958,9.89375,1200000,1200000
2023-01-26 07:00:41.447000,9.89948,9.89375,1200000,1200000
2023-01-26 07:00:41.498000,9.89958,9.89375,1200000,1200000
2023-01-26 07:00:41.600000,9.89948,9.89375,1200000,1200000
2023-01-26 07:00:41.714000,9.89938,9.89375,1200000,1200000
2023-01-26 07:00:41.815000,9.89937,9.89371,1200000,1200000
2023-01-26 07:00:41.866000,9.89927,9.89371,1200000,1200000
2023-01-26 07:00:41.916000,9.89931,9.8937,1200000,1200000
2023-01-26 07:00:41.967000,9.8996,9.8937,1200000,1200000
2023-01-26 07:00:42.149000,9.8996,9.8937,1600000,1600000
2023-01-26 07:00:42.250000,9.8996,9.8937,1600000,1600000
2023-01-26 07:00:42.634000,9.89922,9.8937,1600000,1200000
2023-01-26 07:00:42.826000,9.89921,9.89371,1600000,1600000
2023-01-26 07:00:43.202000,9.89918,9.89359,1200000,1600000
2023-01-26 07:00:43.253000,9.89928,9.89359,1200000,1600000
2023-01-26 07:00:43.304000,9.89947,9.8936,1200000,1600000
2023-01-26 07:00:43.405000,9.89958,9.89359,1600000,1600000
2023-01-26 07:00:43.455000,9.89958,9.89359,1600000,1600000
2023-01-26 07:00:43.596000,9.89958,9.89359,1600000,1600000
2023-01-26 07:00:43.901000,9.89968,9.89365,1600000,1600000
2023-01-26 07:00:44.252000,9.89987,9.89366,1200000,1600000
2023-01-26 07:00:44.303000,9.89977,9.89366,1200000,1600000
2023-01-26 07:00:44.354000,9.89987,9.89366,1200000,1600000
2023-01-26 07:00:44.455000,9.89988,9.89365,1600000,1600000
2023-01-26 07:00:45.451000,9.90029,9.89419,1600000,1200000
2023-01-26 07:00:45.502000,9.90038,9.89419,1200000,1600000
2023-01-26 07:00:45.553000,9.90088,9.89469,1600000,1600000
2023-01-26 07:00:45.603000,9.90027,9.89479,1200000,1200000
2023-01-26 07:00:45.654000,9.90072,9.89451,1600000,1600000
2023-01-26 07:00:45.705000,9.90077,9.89451,1600000,1600000
2023-01-26 07:00:45.755000,9.90036,9.89482,1200000,1600000
2023-01-26 07:00:46.157000,9.90052,9.89447,1200000,1600000
2023-01-26 07:00:46.208000,9.90078,9.89447,1600000,1600000
2023-01-26 07:00:46.360000,9.90057,9.89465,1200000,1600000
2023-01-26 07:00:46.559000,9.90023,9.89481,1200000,1600000
2023-01-26 07:00:46.627000,9.90058,9.89477,1200000,1600000
2023-01-26 07:00:47.054000,9.90028,9.89437,1200000,1600000
2023-01-26 07:00:47.105000,9.90018,9.89437,1200000,1200000
2023-01-26 07:00:47.155000,9.90008,9.89437,1200000,1200000
2023-01-26 07:00:47.307000,9.90008,9.89416,1350000,1200000
2023-01-26 07:00:47.399000,9.89997,9.89417,1200000,1200000
2023-01-26 07:00:47.500000,9.89998,9.89408,1200000,1200000
2023-01-26 07:00:47.601000,9.89987,9.89409,1200000,1200000
2023-01-26 07:00:47.772000,9.89997,9.89409,1200000,1200000
2023-01-26 07:00:47.823000,9.89998,9.89408,1350000,1600000
2023-01-26 07:00:48.715000,9.89978,9.89408,1200000,1600000
2023-01-26 07:00:48.816000,9.89968,9.89408,1200000,1600000
2023-01-26 07:00:49.276000,9.89968,9.89408,1200000,1600000
2023-01-26 07:00:49.866000,9.89977,9.89408,1200000,1600000
2023-01-26 07:00:49.917000,9.89983,9.89407,1200000,1600000
2023-01-26 07:00:49.967000,9.89988,9.89419,1200000,1600000
2023-01-26 07:00:50.026000,9.89978,9.89419,1200000,1600000
2023-01-26 07:00:50.127000,9.89998,9.89421,1200000,1600000
2023-01-26 07:00:50.178000,9.89988,9.89421,1200000,1600000
2023-01-26 07:00:50.279000,9.89937,9.89422,1200000,1600000
2023-01-26 07:00:50.330000,9.89968,9.89421,1170000,1200000
