time,ask,bid,ask_volume,bid_volume
2018-08-23 05:55:01.122000,8.37926,8.3782,1000000,1000000
2018-08-23 05:55:03.297000,8.37911,8.37807,1000000,1000000
2018-08-23 05:55:03.400000,8.37824,8.37719,1000000,1000000
2018-08-23 05:55:03.504000,8.37792,8.37687,1000000,1000000
2018-08-23 05:55:03.921000,8.37769,8.37665,1000000,1000000
2018-08-23 05:55:04.226000,8.37769,8.37663,1000000,1000000
2018-08-23 05:55:04.328000,8.37757,8.37651,1000000,1000000
2018-08-23 05:55:04.636000,8.37779,8.37674,1000000,1000000
2018-08-23 05:55:05.055000,8.37765,8.37659,1000000,1000000
2018-08-23 05:55:07.782000,8.37779,8.37674,1000000,1000000
2018-08-23 05:55:07.844000,8.37765,8.37659,1000000,1000000
2018-08-23 05:55:16.574000,8.37754,8.37648,1000000,1000000
2018-08-23 05:55:19.499000,8.37807,8.37704,1000000,1000000
2018-08-23 05:55:24.938000,8.37828,8.37725,1000000,1000000
2018-08-23 05:55:26.865000,8.37807,8.37702,1000000,1000000
2018-08-23 05:55:26.977000,8.37794,8.37691,1000000,1000000
2018-08-23 05:55:34.465000,8.37815,8.37713,1000000,1000000
2018-08-23 05:55:34.516000,8.37818,8.37713,1000000,1000000
2018-08-23 05:55:44.824000,8.37802,8.37699,1000000,1000000
2018-08-23 05:55:44.993000,8.37789,8.37684,1000000,1000000
2018-08-23 05:55:45.148000,8.37774,8.37669,1000000,1000000
2018-08-23 05:55:51.543000,8.37786,8.3768,1000000,1000000
2018-08-23 05:55:54.097000,8.3777,8.37667,1000000,1000000
2018-08-23 05:55:54.398000,8.37734,8.3763,1000000,1000000
2018-08-23 05:55:54.766000,8.37749,8.37644,1000000,1000000
2018-08-23 05:56:04.123000,8.37734,8.3763,1000000,1000000
2018-08-23 05:56:05.068000,8.37748,8.37645,1000000,1000000
2018-08-23 05:56:06.530000,8.37735,8.37629,1000000,1000000
2018-08-23 05:56:14.777000,8.37721,8.37615,1000000,1000000
2018-08-23 05:56:16.358000,8.37721,8.37625,1000000,1000000
2018-08-23 05:56:16.410000,8.3775,8.37644,1000000,1000000
2018-08-23 05:56:16.563000,8.37763,8.3766,1000000,1000000
2018-08-23 05:56:23.407000,8.37797,8.37692,1000000,1000000
2018-08-23 05:56:23.510000,8.3788,8.37775,1000000,1000000
2018-08-23 05:56:23.715000,8.37958,8.37839,1000000,1000000
2018-08-23 05:56:23.767000,8.37958,8.37801,1000000,1500000
2018-08-23 05:56:23.819000,8.37976,8.37871,1000000,1000000
2018-08-23 05:56:24.129000,8.37996,8.37891,1000000,1000000
2018-08-23 05:56:24.617000,8.38041,8.37936,1000000,1000000
2018-08-23 05:56:24.935000,8.38028,8.37923,1000000,1000000
2018-08-23 05:56:25.139000,8.38006,8.379,1000000,1000000
2018-08-23 05:56:25.242000,8.38021,8.37916,1000000,1000000
2018-08-23 05:56:25.651000,8.38044,8.37939,1000000,1000000
2018-08-23 05:56:25.754000,8.38032,8.37926,1000000,1000000
2018-08-23 05:56:26.032000,8.38042,8.37937,1000000,1000000
2018-08-23 05:56:26.337000,8.38041,8.37935,1000000,1000000
2018-08-23 05:56:26.541000,8.38019,8.37913,1000000,1000000
2018-08-23 05:56:26.950000,8.38039,8.37933,1000000,1000000
2018-08-23 05:56:27.287000,8.38051,8.37945,1000000,1000000
2018-08-23 05:56:27.649000,8.38032,8.37926,1000000,1000000
2018-08-23 05:56:27.957000,8.3804,8.37937,1000000,1000000
2018-08-23 05:56:28.285000,8.3802,8.37917,1000000,1000000
2018-08-23 05:56:30.527000,8.38034,8.37929,1000000,1000000
2018-08-23 05:56:30.629000,8.38047,8.37942,1000000,1000000
2018-08-23 05:56:30.953000,8.38017,8.37912,1000000,1000000
2018-08-23 05:56:31.333000,8.3801,8.37905,1000000,1000000
2018-08-23 05:56:31.637000,8.37989,8.37886,1000000,1000000
2018-08-23 05:56:31.960000,8.38014,8.37911,1000000,1000000
2018-08-23 05:56:32.011000,8.37982,8.37876,1000000,1000000
2018-08-23 05:56:32.113000,8.38034,8.37929,1000000,1000000
2018-08-23 05:56:32.452000,8.38014,8.37908,1000000,1000000
2018-08-23 05:56:32.553000,8.38036,8.37933,1000000,1000000
2018-08-23 05:56:32.656000,8.38016,8.37911,1000000,1000000
2018-08-23 05:56:32.811000,8.37994,8.37888,1000000,1000000
2018-08-23 05:56:32.914000,8.38036,8.37931,1000000,1000000
2018-08-23 05:56:33.221000,8.38015,8.37909,1000000,1000000
2018-08-23 05:56:33.345000,8.38031,8.37926,1000000,1000000
2018-08-23 05:56:33.550000,8.38004,8.37898,1000000,1000000
2018-08-23 05:56:33.652000,8.38015,8.37912,1000000,1000000
2018-08-23 05:56:33.716000,8.38027,8.37921,1000000,1000000
2018-08-23 05:56:33.922000,8.38012,8.37907,1000000,1000000
2018-08-23 05:56:34.221000,8.38002,8.37896,1000000,1000000
2018-08-23 05:56:34.273000,8.3802,8.37917,1000000,1000000
2018-08-23 05:56:34.682000,8.38038,8.37933,1000000,1000000
2018-08-23 05:56:34.785000,8.37972,8.37866,1000000,1000000
2018-08-23 05:56:34.887000,8.38007,8.37904,1000000,1000000
2018-08-23 05:56:35.188000,8.38019,8.37916,1000000,1000000
2018-08-23 05:56:35.391000,8.38003,8.37899,1000000,1000000
2018-08-23 05:56:42.772000,8.38016,8.37911,1000000,1000000
2018-08-23 05:56:43.175000,8.37985,8.3788,1000000,1000000
2018-08-23 05:57:01.239000,8.37976,8.37873,1000000,1000000
2018-08-23 05:57:11.216000,8.37989,8.37883,1000000,1000000
2018-08-23 05:57:16.120000,8.37973,8.3787,1000000,1000000
2018-08-23 05:57:22.193000,8.37953,8.37847,1000000,1000000
2018-08-23 05:57:22.450000,8.37938,8.37833,1000000,1000000
2018-08-23 05:57:26.486000,8.37953,8.37847,1000000,1000000
2018-08-23 05:57:30.370000,8.37938,8.37833,1000000,1000000
2018-08-23 05:57:34.873000,8.37953,8.37847,1000000,1000000
2018-08-23 05:57:39.942000,8.37974,8.37869,1000000,1000000
2018-08-23 05:58:04.569000,8.37972,8.37866,1000000,1000000
2018-08-23 05:58:05.280000,8.37957,8.37852,1000000,1000000
2018-08-23 05:58:08.517000,8.37987,8.37882,1000000,1000000
2018-08-23 05:58:08.722000,8.38063,8.37957,1000000,1000000
2018-08-23 05:58:08.774000,8.381,8.37994,1000000,1000000
2018-08-23 05:58:09.938000,8.38111,8.38006,1000000,1000000
2018-08-23 05:58:10.262000,8.38137,8.38028,2250000,1000000
2018-08-23 05:58:10.313000,8.38096,8.37991,1000000,1000000
2018-08-23 05:58:10.416000,8.38083,8.37978,1000000,1000000
2018-08-23 05:58:10.544000,8.38067,8.37961,1000000,1000000
2018-08-23 05:58:10.654000,8.381,8.37994,1000000,1000000
2018-08-23 05:58:10.961000,8.38066,8.37961,1000000,1000000
2018-08-23 05:58:11.703000,8.38053,8.37948,1000000,1000000
2018-08-23 05:58:12.010000,8.37988,8.37885,1000000,1000000
2018-08-23 05:58:15.802000,8.38038,8.37934,1000000,1000000
2018-08-23 05:58:15.907000,8.38008,8.37905,1000000,1000000
2018-08-23 05:58:18.543000,8.3798,8.37875,1000000,1000000
2018-08-23 05:58:33.654000,8.37992,8.37889,1000000,1000000
2018-08-23 05:58:48.271000,8.37981,8.37876,1000000,1000000
2018-08-23 05:58:48.425000,8.37951,8.37846,1000000,1000000
2018-08-23 05:58:48.745000,8.37908,8.37804,1000000,1000000
2018-08-23 05:58:50.208000,8.37893,8.3779,1000000,1000000
2018-08-23 05:58:51.729000,8.37914,8.37809,1000000,1000000
2018-08-23 05:58:59.794000,8.379,8.37794,1000000,1000000
2018-08-23 05:58:59.949000,8.37877,8.37766,1000000,1000000
2018-08-23 05:59:00.262000,8.37863,8.37758,1000000,1000000
2018-08-23 05:59:00.952000,8.37849,8.37743,1000000,1000000
2018-08-23 05:59:01.320000,8.37827,8.37722,1000000,1000000
2018-08-23 05:59:01.441000,8.37842,8.37736,1000000,1000000
2018-08-23 05:59:01.938000,8.37827,8.37722,1000000,1000000
2018-08-23 05:59:02.247000,8.37798,8.37693,1000000,1000000
2018-08-23 05:59:07.024000,8.37783,8.37679,1000000,1000000
2018-08-23 05:59:07.805000,8.37769,8.37664,1000000,1000000
2018-08-23 05:59:10.143000,8.37789,8.37684,1000000,1000000
2018-08-23 05:59:10.933000,8.37806,8.37701,1000000,1000000
2018-08-23 05:59:11.275000,8.37954,8.37849,1000000,1000000
2018-08-23 05:59:11.683000,8.37967,8.37862,1000000,1000000
2018-08-23 05:59:12.020000,8.37983,8.37878,1000000,1000000
2018-08-23 05:59:12.121000,8.37975,8.37869,1000000,1000000
2018-08-23 05:59:12.223000,8.37997,8.37892,1000000,1000000
2018-08-23 05:59:12.526000,8.37949,8.37843,1000000,1000000
2018-08-23 05:59:12.730000,8.38026,8.3792,1000000,1000000
2018-08-23 05:59:13.070000,8.3799,8.37887,1000000,1000000
2018-08-23 05:59:13.222000,8.37954,8.37849,1000000,1000000
2018-08-23 05:59:13.323000,8.37944,8.37838,1000000,1000000
2018-08-23 05:59:13.425000,8.37953,8.3785,1000000,1000000
2018-08-23 05:59:15.067000,8.3797,8.37864,1000000,1000000
2018-08-23 05:59:15.169000,8.37986,8.37881,1000000,1000000
2018-08-23 05:59:15.272000,8.38048,8.37704,1000000,1940000
2018-08-23 05:59:15.323000,8.38048,8.37668,1000000,1710000
2018-08-23 05:59:26.734000,8.38058,8.37627,1000000,1710000
2018-08-23 05:59:27.436000,8.38058,8.37627,1000000,1710000
2018-08-23 05:59:30.065000,8.38058,8.37622,1000000,1120000
2018-08-23 05:59:30.167000,8.38058,8.37553,1000000,1370000
2018-08-23 05:59:30.374000,8.38128,8.37577,1270000,1000000
2018-08-23 05:59:40.296000,8.38135,8.37562,1900000,1000000
2018-08-23 05:59:52.926000,8.38117,8.37562,1370000,1000000
2018-08-23 06:00:12.231000,8.3774,8.37562,750000,1000000
2018-08-23 06:00:12.285000,8.37735,8.37522,1000000,1500000
2018-08-23 06:00:12.336000,8.37735,8.37403,1000000,1500000
2018-08-23 06:00:12.387000,8.37785,8.3738,1000000,6450000
2018-08-23 06:00:12.440000,8.37839,8.37403,1000000,1500000
2018-08-23 06:00:12.491000,8.37839,8.37416,1000000,7200000
2018-08-23 06:00:12.543000,8.37888,8.3744,1000000,1500000
2018-08-23 06:00:12.594000,8.37888,8.37445,1000000,1500000
2018-08-23 06:00:12.645000,8.38068,8.37445,1000000,1500000
2018-08-23 06:00:12.747000,8.38078,8.37445,1000000,1500000
2018-08-23 06:00:15.100000,8.38078,8.37445,1370000,1500000
2018-08-23 06:00:15.212000,8.38062,8.37013,1000000,1000000
2018-08-23 06:00:15.314000,8.38078,8.3708,1370000,1000000
2018-08-23 06:00:15.365000,8.38098,8.3704,1750000,1500000
2018-08-23 06:00:15.546000,8.38098,8.36942,1750000,1000000
2018-08-23 06:00:17.464000,8.37926,8.36851,1000000,1000000
2018-08-23 06:00:17.667000,8.37845,8.36732,1000000,1000000
2018-08-23 06:00:17.768000,8.37846,8.36697,1000000,1000000
2018-08-23 06:00:17.868000,8.37846,8.36678,1000000,1000000
2018-08-23 06:00:17.928000,8.37846,8.36659,1000000,1000000
2018-08-23 06:00:18.080000,8.37846,8.36643,1000000,1000000
2018-08-23 06:00:18.181000,8.37839,8.36626,1000000,1000000
2018-08-23 06:00:18.295000,8.37839,8.3661,1000000,1000000
2018-08-23 06:00:18.396000,8.37838,8.36594,1000000,1000000
2018-08-23 06:00:18.498000,8.37838,8.36579,1000000,1000000
2018-08-23 06:00:18.600000,8.37838,8.36565,1000000,1000000
2018-08-23 06:00:18.672000,8.37838,8.36561,1000000,1000000
2018-08-23 06:00:19.055000,8.37727,8.36561,1750000,1750000
2018-08-23 06:00:19.507000,8.37692,8.36573,1750000,1750000
2018-08-23 06:00:19.856000,8.37508,8.36571,1750000,1370000
2018-08-23 06:00:20.179000,8.37492,8.36423,1750000,1350000
2018-08-23 06:00:20.515000,8.37406,8.36575,1750000,1000000
2018-08-23 06:00:20.958000,8.37413,8.36738,1750000,1000000
2018-08-23 06:00:21.376000,8.37405,8.36738,1750000,1000000
2018-08-23 06:00:22.090000,8.37408,8.36738,1750000,1000000
2018-08-23 06:00:22.264000,8.37401,8.36738,1750000,1000000
2018-08-23 06:00:22.517000,8.37401,8.3672,1750000,1000000
2018-08-23 06:00:22.619000,8.37408,8.3672,1750000,1000000
2018-08-23 06:00:23.079000,8.37392,8.36721,1750000,1000000
2018-08-23 06:00:24.069000,8.37388,8.36721,1750000,1000000
2018-08-23 06:00:24.120000,8.37388,8.36703,1750000,1000000
2018-08-23 06:00:24.171000,8.37379,8.36686,1750000,1000000
2018-08-23 06:00:24.223000,8.37379,8.36679,1750000,1000000
2018-08-23 06:00:24.274000,8.37379,8.36666,1750000,1000000
2018-08-23 06:00:25.058000,8.37372,8.36666,1750000,1000000
2018-08-23 06:00:25.132000,8.37372,8.36646,1750000,1500000
2018-08-23 06:00:25.237000,8.37372,8.36629,1750000,1000000
2018-08-23 06:00:25.834000,8.3737,8.36629,1750000,1000000
2018-08-23 06:00:26.086000,8.37368,8.36617,1750000,1000000
2018-08-23 06:00:26.136000,8.37359,8.36617,1750000,1000000
2018-08-23 06:00:26.467000,8.37346,8.36617,1750000,1000000
2018-08-23 06:00:27.098000,8.37346,8.366,1750000,1000000
2018-08-23 06:00:27.199000,8.37357,8.366,1750000,1370000
2018-08-23 06:00:27.953000,8.37343,8.36583,1750000,1370000
2018-08-23 06:00:28.111000,8.37343,8.36583,1750000,1370000
2018-08-23 06:00:29.065000,8.37344,8.36574,1750000,1370000
2018-08-23 06:00:29.673000,8.37349,8.36574,1750000,1370000
2018-08-23 06:00:30.333000,8.37349,8.36574,1750000,1370000
2018-08-23 06:00:31.038000,8.37344,8.36574,1750000,1370000
2018-08-23 06:00:31.723000,8.37344,8.36586,1750000,1370000
2018-08-23 06:00:32.288000,8.37352,8.36586,1750000,1370000
2018-08-23 06:00:32.595000,8.37397,8.36625,1750000,1370000
2018-08-23 06:00:33.077000,8.37382,8.36625,1750000,1370000
2018-08-23 06:00:33.471000,8.37389,8.36642,1750000,1370000
2018-08-23 06:00:33.777000,8.37366,8.36684,1750000,1000000
2018-08-23 06:00:34.116000,8.37345,8.36693,1750000,2250000
2018-08-23 06:00:34.616000,8.37345,8.36727,1750000,1750000
2018-08-23 06:00:34.667000,8.37367,8.36727,1870000,1750000
2018-08-23 06:00:34.770000,8.37367,8.36749,1750000,1750000
2018-08-23 06:00:35.077000,8.37389,8.36783,1750000,2250000
2018-08-23 06:00:35.383000,8.37407,8.36833,1120000,1750000
2018-08-23 06:00:35.486000,8.37417,8.36858,1120000,1750000
2018-08-23 06:00:35.666000,8.37432,8.36902,1750000,1370000
2018-08-23 06:00:35.718000,8.37444,8.36903,1120000,1120000
2018-08-23 06:00:35.922000,8.37444,8.36905,1120000,1120000
2018-08-23 06:00:38.956000,8.37444,8.3693,1120000,1370000
2018-08-23 06:00:39.459000,8.37444,8.36934,1120000,1370000
2018-08-23 06:00:39.853000,8.37289,8.3705,1000000,1000000
2018-08-23 06:00:40.158000,8.37292,8.37079,1000000,1000000
2018-08-23 06:00:40.783000,8.37306,8.37079,1000000,1000000
2018-08-23 06:00:41.821000,8.37384,8.37101,1000000,1000000
2018-08-23 06:00:41.872000,8.37405,8.37114,1370000,1000000
2018-08-23 06:00:41.923000,8.3741,8.37129,1370000,1000000
2018-08-23 06:00:41.974000,8.37422,8.37157,1000000,1000000
2018-08-23 06:00:42.126000,8.37485,8.37191,1000000,1000000
2018-08-23 06:00:42.177000,8.37503,8.37194,1000000,1000000
2018-08-23 06:00:42.228000,8.37539,8.372,1370000,1000000
2018-08-23 06:00:42.385000,8.37527,8.37209,1370000,1000000
2018-08-23 06:00:42.436000,8.37527,8.37209,1000000,1000000
2018-08-23 06:00:42.487000,8.37537,8.37237,1000000,1000000
2018-08-23 06:00:42.586000,8.37551,8.3723,1370000,1000000
2018-08-23 06:00:42.637000,8.37544,8.37271,1370000,1000000
2018-08-23 06:00:42.688000,8.37555,8.37278,1000000,1000000
2018-08-23 06:00:42.739000,8.37568,8.3728,1370000,1000000
2018-08-23 06:00:44.643000,8.37598,8.37306,1000000,1000000
2018-08-23 06:00:44.695000,8.37611,8.37313,1370000,1000000
2018-08-23 06:00:45.038000,8.37619,8.37324,1370000,1000000
2018-08-23 06:00:45.090000,8.3767,8.37391,1000000,1370000
2018-08-23 06:00:45.142000,8.37709,8.37428,1000000,1000000
2018-08-23 06:00:45.194000,8.37724,8.37443,1120000,1000000
2018-08-23 06:00:45.731000,8.37713,8.37468,1000000,1000000
2018-08-23 06:00:47.093000,8.37711,8.37466,1000000,1000000
2018-08-23 06:00:49.506000,8.37716,8.37471,1000000,1000000
2018-08-23 06:00:51.263000,8.37676,8.37426,1120000,1000000
2018-08-23 06:00:51.315000,8.37565,8.37362,1000000,1000000
2018-08-23 06:00:51.366000,8.37528,8.37312,1000000,1500000
2018-08-23 06:00:51.418000,8.37522,8.37312,1000000,1000000
2018-08-23 06:00:51.469000,8.37484,8.37239,1000000,1000000
2018-08-23 06:00:51.521000,8.37475,8.3723,1000000,1000000
2018-08-23 06:00:51.864000,8.3747,8.37225,1000000,1000000
2018-08-23 06:00:52.238000,8.37465,8.3722,1000000,1000000
2018-08-23 06:00:53.518000,8.37462,8.37217,1000000,1000000
2018-08-23 06:00:53.847000,8.3746,8.37215,1000000,1000000
2018-08-23 06:00:54.592000,8.37459,8.37214,1000000,1000000
2018-08-23 06:00:56.504000,8.37459,8.37265,1000000,1000000
2018-08-23 06:00:56.839000,8.37333,8.37241,1600000,1000000
2018-08-23 06:00:56.942000,8.37298,8.37107,1370000,1000000
2018-08-23 06:00:56.994000,8.37275,8.37107,1000000,1000000
2018-08-23 06:00:57.045000,8.37275,8.37065,1000000,1000000
2018-08-23 06:00:57.097000,8.37281,8.37065,1000000,1000000
2018-08-23 06:01:00.103000,8.37276,8.37065,1000000,1000000
2018-08-23 06:01:00.537000,8.37263,8.37065,1000000,1000000
2018-08-23 06:01:02.268000,8.37319,8.37065,1000000,1000000
2018-08-23 06:01:02.320000,8.37329,8.37081,1370000,1000000
2018-08-23 06:01:03.354000,8.37298,8.37081,1000000,1000000
2018-08-23 06:01:03.407000,8.37284,8.37037,1000000,1000000
2018-08-23 06:01:03.469000,8.37267,8.37037,1370000,1000000
2018-08-23 06:01:03.521000,8.37259,8.37017,1000000,1000000
2018-08-23 06:01:03.573000,8.37255,8.37017,1000000,1000000
2018-08-23 06:01:03.884000,8.37252,8.37017,1000000,1000000
2018-08-23 06:01:04.614000,8.37252,8.37001,1000000,1000000
2018-08-23 06:01:05.899000,8.37207,8.36953,1000000,1000000
2018-08-23 06:01:05.950000,8.3716,8.36953,1000000,1000000
2018-08-23 06:01:06.001000,8.37138,8.36884,1000000,1110000
2018-08-23 06:01:06.204000,8.37122,8.36871,1370000,1110000
2018-08-23 06:01:06.255000,8.37122,8.36871,1000000,1000000
2018-08-23 06:01:06.305000,8.37122,8.36871,1370000,1000000
2018-08-23 06:01:06.458000,8.37122,8.36871,1000000,1000000
2018-08-23 06:01:06.863000,8.37098,8.36871,1500000,1000000
2018-08-23 06:01:06.965000,8.37073,8.36819,1000000,1000000
2018-08-23 06:01:08.415000,8.37059,8.36805,1000000,1000000
2018-08-23 06:01:08.724000,8.3703,8.36776,1000000,1000000
2018-08-23 06:01:09.942000,8.37028,8.36776,1120000,1000000
2018-08-23 06:01:10.251000,8.36993,8.36741,1000000,1000000
2018-08-23 06:01:10.466000,8.36972,8.36718,1000000,1000000
2018-08-23 06:01:11.100000,8.36958,8.36704,1000000,1000000
2018-08-23 06:01:11.953000,8.36942,8.3669,1000000,1000000
2018-08-23 06:01:12.265000,8.36957,8.36705,1000000,1000000
2018-08-23 06:01:12.317000,8.36972,8.36718,1000000,1000000
2018-08-23 06:01:12.420000,8.36958,8.36704,1000000,1000000
2018-08-23 06:01:12.815000,8.36971,8.36719,1000000,1000000
2018-08-23 06:01:12.866000,8.36994,8.3674,1000000,1000000
2018-08-23 06:01:14.006000,8.36988,8.3674,1160000,1000000
2018-08-23 06:01:14.935000,8.36987,8.3674,1160000,1000000
2018-08-23 06:01:15.463000,8.36988,8.3674,1160000,1000000
2018-08-23 06:01:15.976000,8.36987,8.3674,1160000,1000000
2018-08-23 06:01:16.180000,8.36994,8.3674,1000000,1000000
2018-08-23 06:01:16.282000,8.36972,8.36742,1000000,1540000
2018-08-23 06:01:16.384000,8.36963,8.3677,1000000,1120000
2018-08-23 06:01:16.441000,8.36989,8.36796,1000000,1000000
2018-08-23 06:01:16.751000,8.37118,8.36938,1000000,1000000
2018-08-23 06:01:16.802000,8.37123,8.36935,1000000,2100000
2018-08-23 06:01:16.853000,8.37124,8.36918,1000000,1000000
2018-08-23 06:01:16.905000,8.37124,8.36882,1000000,1000000
2018-08-23 06:01:17.172000,8.37127,8.36882,1000000,1000000
2018-08-23 06:01:17.223000,8.37122,8.36882,1000000,1000000
2018-08-23 06:01:17.563000,8.37069,8.36815,1000000,1000000
2018-08-23 06:01:17.917000,8.37103,8.36854,1000000,1000000
2018-08-23 06:01:18.019000,8.37155,8.36903,1000000,1000000
2018-08-23 06:01:18.156000,8.37128,8.36903,1000000,1000000
2018-08-23 06:01:18.207000,8.37119,8.36865,1000000,1000000
2018-08-23 06:01:20.567000,8.37133,8.36879,1000000,1000000
2018-08-23 06:01:21.842000,8.37155,8.36901,1500000,1000000
2018-08-23 06:01:23.280000,8.37184,8.3693,1000000,1000000
2018-08-23 06:01:24.319000,8.37198,8.36944,1300000,1000000
2018-08-23 06:01:24.823000,8.37195,8.36944,1300000,1000000
2018-08-23 06:01:25.739000,8.37214,8.3696,1300000,1000000
2018-08-23 06:01:26.059000,8.3698,8.36842,1970000,1160000
2018-08-23 06:01:26.161000,8.36978,8.36842,1000000,1160000
2018-08-23 06:01:26.212000,8.36978,8.36772,1370000,1000000
2018-08-23 06:01:26.262000,8.36979,8.36796,1000000,1000000
2018-08-23 06:01:26.567000,8.37003,8.36909,1000000,1000000
2018-08-23 06:01:26.668000,8.37008,8.36885,1000000,1000000
2018-08-23 06:01:26.771000,8.37006,8.36885,1000000,1000000
2018-08-23 06:01:26.823000,8.37018,8.36885,1670000,1000000
2018-08-23 06:01:26.910000,8.37089,8.36885,1000000,1000000
2018-08-23 06:01:26.965000,8.37128,8.36885,1780000,1000000
2018-08-23 06:01:27.017000,8.37138,8.36885,1000000,1000000
2018-08-23 06:01:27.595000,8.37139,8.36885,1000000,1000000
2018-08-23 06:01:28.607000,8.37068,8.36955,1000000,1000000
2018-08-23 06:01:28.898000,8.37106,8.3699,1000000,1000000
2018-08-23 06:01:28.951000,8.37119,8.37006,1000000,1000000
2018-08-23 06:01:29.958000,8.37106,8.3699,1000000,1000000
2018-08-23 06:01:30.010000,8.37106,8.3699,1750000,1000000
2018-08-23 06:01:30.061000,8.3701,8.36883,9150000,1600000
2018-08-23 06:01:30.113000,8.37068,8.36883,15720000,1000000
2018-08-23 06:01:30.165000,8.37035,8.36921,1000000,1000000
2018-08-23 06:01:30.363000,8.3702,8.36905,1000000,1000000
2018-08-23 06:01:32.087000,8.37003,8.36889,1000000,1000000
2018-08-23 06:01:32.207000,8.37017,8.36901,1000000,1000000
2018-08-23 06:01:33.065000,8.37031,8.36916,1000000,1000000
2018-08-23 06:01:33.420000,8.37087,8.36972,1000000,1000000
2018-08-23 06:01:33.764000,8.37098,8.36983,1000000,1000000
2018-08-23 06:01:34.681000,8.3705,8.36935,1000000,1000000
2018-08-23 06:01:35.167000,8.37072,8.36956,1000000,1000000
2018-08-23 06:01:35.432000,8.37086,8.36971,1000000,1000000
2018-08-23 06:01:35.637000,8.37072,8.36956,1000000,1000000
2018-08-23 06:01:36.928000,8.37076,8.36995,1000000,2470000
2018-08-23 06:01:36.979000,8.37078,8.37013,1000000,1600000
2018-08-23 06:01:37.030000,8.37227,8.37112,1500000,1000000
2018-08-23 06:01:37.149000,8.37213,8.37098,1000000,1000000
2018-08-23 06:01:37.457000,8.37272,8.37157,1000000,1000000
2018-08-23 06:01:38.805000,8.37249,8.37136,1000000,1000000
2018-08-23 06:01:43.318000,8.37219,8.37042,1350000,1000000
2018-08-23 06:01:43.472000,8.37053,8.36937,1370000,1000000
2018-08-23 06:01:43.524000,8.36961,8.36845,1000000,1000000
2018-08-23 06:01:43.627000,8.37001,8.36886,1000000,1000000
2018-08-23 06:01:44.498000,8.37013,8.36897,1000000,1000000
2018-08-23 06:01:48.391000,8.37027,8.36912,1000000,1000000
2018-08-23 06:01:48.682000,8.37042,8.36926,1000000,1000000
2018-08-23 06:01:49.086000,8.37056,8.36942,1000000,1000000
2018-08-23 06:01:52.194000,8.37056,8.36951,1000000,1000000
2018-08-23 06:01:52.246000,8.37162,8.37047,1000000,1000000
2018-08-23 06:01:52.348000,8.37177,8.37062,1000000,1000000
2018-08-23 06:01:54.561000,8.37197,8.37083,1000000,1000000
2018-08-23 06:01:54.865000,8.37176,8.37061,1000000,1000000
2018-08-23 06:01:56.881000,8.37162,8.37046,1000000,1000000
2018-08-23 06:01:57.195000,8.37183,8.37068,1000000,1000000
2018-08-23 06:02:00.427000,8.37198,8.37082,1000000,1000000
2018-08-23 06:02:00.632000,8.37227,8.37111,1000000,1000000
2018-08-23 06:02:00.947000,8.3727,8.37155,1000000,1000000
2018-08-23 06:02:05.425000,8.37285,8.37169,1000000,1000000
2018-08-23 06:02:06.485000,8.37297,8.37181,1000000,1000000
2018-08-23 06:02:06.800000,8.37269,8.37153,1000000,1000000
2018-08-23 06:02:11.030000,8.37143,8.37068,1000000,1000000
2018-08-23 06:02:11.085000,8.37143,8.3703,1000000,1000000
2018-08-23 06:02:11.136000,8.37091,8.37013,1000000,1000000
2018-08-23 06:02:11.238000,8.37091,8.36978,1000000,1000000
2018-08-23 06:02:11.340000,8.37139,8.37023,1000000,1000000
2018-08-23 06:02:11.391000,8.37114,8.37023,1000000,1000000
2018-08-23 06:02:11.443000,8.37071,8.36956,1000000,1000000
2018-08-23 06:02:11.553000,8.37112,8.36996,1000000,1000000
2018-08-23 06:02:12.406000,8.37127,8.37011,1000000,1000000
2018-08-23 06:02:16.930000,8.37111,8.36998,1000000,1000000
2018-08-23 06:02:28.873000,8.37104,8.3699,1000000,1000000
2018-08-23 06:02:29.182000,8.37097,8.36976,1000000,1000000
2018-08-23 06:02:31.963000,8.37105,8.36989,1000000,1000000
2018-08-23 06:02:40.527000,8.3709,8.36975,1000000,1000000
2018-08-23 06:02:49.080000,8.37105,8.36989,1000000,1000000
2018-08-23 06:02:49.533000,8.37127,8.37011,1000000,1000000
2018-08-23 06:02:57.649000,8.37147,8.37033,1000000,1000000
2018-08-23 06:02:57.856000,8.37155,8.37039,1000000,1000000
2018-08-23 06:02:59.128000,8.37169,8.37054,1000000,1000000
2018-08-23 06:03:10.948000,8.37183,8.37062,1000000,1000000
2018-08-23 06:03:11.938000,8.37197,8.37081,1000000,1000000
2018-08-23 06:03:13.162000,8.37233,8.37117,1000000,1000000
2018-08-23 06:03:13.470000,8.3732,8.37204,1000000,1000000
2018-08-23 06:03:13.911000,8.37334,8.37219,1000000,1000000
2018-08-23 06:03:14.114000,8.37349,8.37233,1000000,1000000
2018-08-23 06:03:14.378000,8.37363,8.37248,1000000,1000000
2018-08-23 06:03:14.480000,8.37378,8.37262,1000000,1000000
2018-08-23 06:03:14.866000,8.37363,8.37248,1000000,1000000
2018-08-23 06:03:16.158000,8.37378,8.37262,1000000,1000000
2018-08-23 06:03:17.084000,8.37392,8.37277,1000000,1000000
2018-08-23 06:03:17.288000,8.37414,8.37298,1000000,1000000
2018-08-23 06:03:17.340000,8.37427,8.37314,1000000,1000000
2018-08-23 06:03:17.868000,8.3745,8.37335,1000000,1000000
2018-08-23 06:03:17.972000,8.37435,8.37321,1000000,1000000
2018-08-23 06:03:18.331000,8.37421,8.37306,1000000,1000000
2018-08-23 06:03:18.895000,8.37436,8.3732,1000000,1000000
2018-08-23 06:03:19.059000,8.37457,8.37342,1000000,1000000
2018-08-23 06:03:19.111000,8.37443,8.37327,1000000,1000000
2018-08-23 06:03:20.096000,8.37457,8.37342,1000000,1000000
2018-08-23 06:03:20.403000,8.37479,8.37364,1000000,1000000
2018-08-23 06:03:21.313000,8.37456,8.37343,1000000,1000000
2018-08-23 06:03:21.365000,8.37479,8.37364,1000000,1000000
2018-08-23 06:03:21.721000,8.37522,8.37408,1000000,1000000
2018-08-23 06:03:21.929000,8.37479,8.37364,1000000,1000000
2018-08-23 06:03:22.717000,8.37508,8.37393,1000000,1000000
2018-08-23 06:03:22.820000,8.3753,8.37414,1000000,1000000
2018-08-23 06:03:23.616000,8.37544,8.37429,1000000,1000000
2018-08-23 06:03:23.821000,8.37559,8.37443,1000000,1000000
2018-08-23 06:03:24.153000,8.37544,8.37429,1000000,1000000
2018-08-23 06:03:24.468000,8.37558,8.37444,1000000,1000000
2018-08-23 06:03:25.633000,8.37581,8.37465,1000000,1000000
2018-08-23 06:03:25.839000,8.37565,8.37452,1000000,1000000
2018-08-23 06:03:28.877000,8.37543,8.3743,1000000,1000000
2018-08-23 06:03:29.026000,8.37515,8.374,1000000,1000000
2018-08-23 06:03:29.078000,8.375,8.37386,1000000,1000000
2018-08-23 06:03:31.745000,8.37475,8.37359,1000000,1000000
2018-08-23 06:03:31.847000,8.37453,8.37337,1000000,1000000
2018-08-23 06:03:32.153000,8.3746,8.37344,1000000,1000000
2018-08-23 06:03:32.468000,8.37406,8.37291,1000000,1000000
2018-08-23 06:03:32.773000,8.37418,8.37303,1000000,1000000
2018-08-23 06:03:33.645000,8.37397,8.37282,1000000,1000000
2018-08-23 06:03:33.965000,8.37349,8.37234,1000000,1000000
2018-08-23 06:03:34.272000,8.37368,8.37253,1000000,1000000
2018-08-23 06:03:36.734000,8.37391,8.37277,1000000,1000000
2018-08-23 06:03:37.449000,8.37377,8.37261,1000000,1000000
2018-08-23 06:03:38.270000,8.37355,8.3724,1000000,1000000
2018-08-23 06:03:38.476000,8.3737,8.37254,1000000,1000000
2018-08-23 06:03:38.685000,8.37384,8.37269,1000000,1000000
2018-08-23 06:03:41.285000,8.37398,8.37285,1000000,1000000
2018-08-23 06:03:41.490000,8.37415,8.37299,1000000,1000000
2018-08-23 06:03:41.593000,8.37435,8.37319,1000000,1000000
2018-08-23 06:03:42.580000,8.37454,8.37338,1000000,1000000
2018-08-23 06:03:44.920000,8.37439,8.37326,1000000,1000000
2018-08-23 06:03:44.971000,8.37425,8.37311,1000000,1000000
2018-08-23 06:03:45.073000,8.3741,8.37297,1000000,1000000
2018-08-23 06:03:46.309000,8.37427,8.37311,1000000,1000000
2018-08-23 06:03:46.585000,8.37412,8.37297,1000000,1000000
2018-08-23 06:03:46.741000,8.37367,8.37251,1000000,1000000
2018-08-23 06:03:46.956000,8.3738,8.37267,1000000,1000000
2018-08-23 06:03:49.021000,8.37366,8.37252,1000000,1000000
2018-08-23 06:03:49.130000,8.37396,8.37281,1000000,1000000
2018-08-23 06:03:50.011000,8.37411,8.37295,1000000,1000000
2018-08-23 06:03:50.573000,8.37425,8.3731,1000000,1000000
2018-08-23 06:03:51.764000,8.37438,8.37322,1000000,1000000
2018-08-23 06:03:52.423000,8.37452,8.37336,1000000,1000000
2018-08-23 06:03:53.048000,8.37474,8.37358,1000000,1000000
2018-08-23 06:03:53.696000,8.37459,8.37344,1000000,1000000
2018-08-23 06:03:54.684000,8.37474,8.37359,1000000,1000000
2018-08-23 06:03:59.024000,8.37461,8.37345,1000000,1000000
2018-08-23 06:03:59.177000,8.37457,8.37345,1000000,1000000
2018-08-23 06:03:59.228000,8.37439,8.37323,1000000,1000000
2018-08-23 06:04:00.458000,8.37424,8.37308,1000000,1000000
2018-08-23 06:04:01.343000,8.37409,8.37294,1000000,1000000
2018-08-23 06:04:01.664000,8.37394,8.3728,1000000,1000000
2018-08-23 06:04:02.678000,8.37412,8.37297,1000000,1000000
2018-08-23 06:04:02.780000,8.37449,8.37334,1000000,1000000
2018-08-23 06:04:03.088000,8.37476,8.37361,1000000,1000000
2018-08-23 06:04:03.356000,8.37491,8.37375,1000000,1000000
2018-08-23 06:04:03.814000,8.37421,8.37355,1000000,1000000
2018-08-23 06:04:03.867000,8.37421,8.37308,1000000,1000000
2018-08-23 06:04:03.919000,8.37431,8.37321,1000000,1000000
2018-08-23 06:04:04.023000,8.37357,8.37246,1000000,1000000
2018-08-23 06:04:04.220000,8.37405,8.3729,1000000,1000000
2018-08-23 06:04:04.967000,8.37494,8.37387,1000000,1600000
2018-08-23 06:04:05.172000,8.37602,8.37486,1000000,1000000
2018-08-23 06:04:05.319000,8.37665,8.37549,1000000,1000000
2018-08-23 06:04:05.630000,8.37613,8.37497,1000000,1000000
2018-08-23 06:04:06.029000,8.37596,8.37481,1000000,1000000
2018-08-23 06:04:13.794000,8.37572,8.37457,1000000,1000000
2018-08-23 06:04:14.132000,8.37539,8.37424,1000000,1000000
2018-08-23 06:04:14.956000,8.37559,8.37461,1000000,1000000
2018-08-23 06:04:15.007000,8.37576,8.37461,1000000,1000000
2018-08-23 06:04:17.600000,8.37562,8.37446,1000000,1000000
2018-08-23 06:04:17.652000,8.3754,8.37446,1000000,1000000
2018-08-23 06:04:17.778000,8.37508,8.37403,1000000,1000000
2018-08-23 06:04:17.879000,8.37453,8.37337,1000000,1000000
2018-08-23 06:04:18.133000,8.37467,8.37352,1000000,1000000
2018-08-23 06:04:20.162000,8.37446,8.3733,1000000,1000000
2018-08-23 06:04:20.592000,8.37467,8.37352,1000000,1000000
2018-08-23 06:04:21.036000,8.37489,8.37374,1000000,1000000
2018-08-23 06:04:21.711000,8.37506,8.3739,1000000,1000000
2018-08-23 06:04:21.915000,8.37491,8.37376,1000000,1000000
2018-08-23 06:04:22.660000,8.37506,8.37391,1000000,1000000
2018-08-23 06:04:23.308000,8.37477,8.37362,1000000,1000000
2018-08-23 06:04:23.513000,8.37398,8.37282,1000000,1000000
2018-08-23 06:04:24.821000,8.37415,8.37299,1000000,1000000
2018-08-23 06:04:25.875000,8.37436,8.37321,1000000,1000000
2018-08-23 06:04:30.281000,8.37451,8.37335,1000000,1000000
2018-08-23 06:04:30.385000,8.37465,8.3735,1000000,1000000
2018-08-23 06:04:31.114000,8.37478,8.37362,1000000,1000000
2018-08-23 06:04:32.022000,8.37478,8.37364,1000000,1000000
2018-08-23 06:04:32.074000,8.375,8.37384,1000000,1000000
2018-08-23 06:04:32.524000,8.37521,8.37406,1000000,1000000
2018-08-23 06:04:34.620000,8.37536,8.3742,1000000,1000000
2018-08-23 06:04:42.730000,8.3752,8.37407,1000000,1000000
2018-08-23 06:04:43.752000,8.37499,8.37387,1000000,1000000
2018-08-23 06:04:43.803000,8.37499,8.37385,1000000,1000000
2018-08-23 06:04:45.043000,8.37485,8.3737,1000000,1000000
2018-08-23 06:04:45.377000,8.375,8.37384,1000000,1000000
2018-08-23 06:04:45.937000,8.37514,8.37399,1000000,1000000
2018-08-23 06:04:48.289000,8.3749,8.37375,1000000,1000000
2018-08-23 06:04:48.990000,8.37511,8.37396,1000000,1000000
2018-08-23 06:04:51.351000,8.37503,8.37396,1000000,1000000
2018-08-23 06:04:51.453000,8.37493,8.37383,1000000,1000000
2018-08-23 06:04:53.292000,8.37488,8.37383,1000000,1000000
2018-08-23 06:04:53.448000,8.37469,8.37355,1000000,1000000
2018-08-23 06:04:53.501000,8.37466,8.37355,1000000,1000000
2018-08-23 06:04:53.805000,8.37461,8.37355,1000000,1000000
2018-08-23 06:04:53.858000,8.37469,8.37355,1000000,1000000
2018-08-23 06:04:54.365000,8.37483,8.37369,1000000,1000000
2018-08-23 06:04:54.571000,8.37424,8.37309,1000000,1000000
2018-08-23 06:04:55.945000,8.37411,8.37295,1000000,1000000
2018-08-23 06:04:56.202000,8.37432,8.37317,1000000,1000000
2018-08-23 06:05:02.627000,8.37445,8.37331,1000000,1000000
2018-08-23 06:05:02.777000,8.37447,8.37331,1000000,1000000
2018-08-23 06:05:03.306000,8.37442,8.37331,1000000,1000000
2018-08-23 06:05:03.378000,8.37447,8.37331,1000000,1000000
2018-08-23 06:05:03.429000,8.37431,8.37317,1000000,1000000
2018-08-23 06:05:03.480000,8.3741,8.37295,1000000,1000000
2018-08-23 06:05:03.583000,8.37424,8.3731,1000000,1000000
2018-08-23 06:05:03.849000,8.3741,8.37295,1000000,1000000
2018-08-23 06:05:03.953000,8.37395,8.37281,1000000,1000000
2018-08-23 06:05:05.025000,8.37411,8.37295,1000000,1000000
2018-08-23 06:05:06.302000,8.37425,8.3731,1000000,1000000
2018-08-23 06:05:06.755000,8.37411,8.37295,1000000,1000000
2018-08-23 06:05:10.205000,8.37396,8.37281,1000000,1000000
2018-08-23 06:05:15.150000,8.37379,8.37264,1000000,1000000
2018-08-23 06:05:15.254000,8.37363,8.37247,1000000,1000000
2018-08-23 06:05:15.409000,8.37377,8.37262,1000000,1000000
2018-08-23 06:05:15.718000,8.37333,8.37218,1000000,1000000
2018-08-23 06:05:18.126000,8.373,8.37185,1000000,1000000
2018-08-23 06:05:18.330000,8.37257,8.37141,1000000,1000000
2018-08-23 06:05:18.930000,8.37243,8.37127,1000000,1000000
2018-08-23 06:05:19.237000,8.37228,8.37113,1000000,1000000
2018-08-23 06:05:19.434000,8.37243,8.37127,1000000,1000000
2018-08-23 06:05:19.537000,8.37228,8.37113,1000000,1000000
2018-08-23 06:05:20.697000,8.37213,8.37098,1000000,1000000
2018-08-23 06:05:22.322000,8.3717,8.37055,1000000,1000000
2018-08-23 06:05:22.626000,8.37034,8.36921,1000000,1000000
2018-08-23 06:05:23.030000,8.3702,8.36907,1000000,1000000
2018-08-23 06:05:23.132000,8.36992,8.36877,1000000,1000000
2018-08-23 06:05:23.413000,8.36978,8.36862,1000000,1000000
2018-08-23 06:05:24.617000,8.36992,8.36878,1000000,1000000
2018-08-23 06:05:31.644000,8.36972,8.36859,1000000,1000000
2018-08-23 06:05:31.848000,8.36943,8.36827,1500000,1000000
2018-08-23 06:05:35.929000,8.36926,8.3681,1000000,1000000
2018-08-23 06:05:36.053000,8.36919,8.36796,1000000,1000000
2018-08-23 06:05:36.104000,8.3689,8.36774,1000000,1000000
2018-08-23 06:05:36.207000,8.36882,8.3676,1000000,1000000
2018-08-23 06:05:37.827000,8.36863,8.36746,1000000,1000000
2018-08-23 06:05:38.138000,8.36839,8.36723,1000000,1000000
2018-08-23 06:05:38.446000,8.36853,8.36738,1000000,1000000
2018-08-23 06:05:40.443000,8.36839,8.36723,1000000,1000000
2018-08-23 06:05:41.090000,8.36824,8.36709,1000000,1000000
2018-08-23 06:05:41.517000,8.3684,8.36727,1000000,1000000
2018-08-23 06:05:41.825000,8.36883,8.3677,1000000,1000000
2018-08-23 06:05:41.981000,8.36907,8.36792,1000000,1000000
2018-08-23 06:05:42.136000,8.36951,8.36835,1000000,1000000
2018-08-23 06:05:42.572000,8.36929,8.36814,1000000,1000000
2018-08-23 06:05:43.333000,8.369,8.36785,1000000,1000000
2018-08-23 06:05:44.161000,8.36914,8.368,1000000,1000000
2018-08-23 06:05:45.269000,8.36893,8.36778,1000000,1000000
2018-08-23 06:05:48.152000,8.36871,8.36756,1000000,1000000
2018-08-23 06:05:48.457000,8.36849,8.36735,1000000,1000000
2018-08-23 06:05:49.067000,8.36864,8.36749,1000000,1000000
2018-08-23 06:05:49.170000,8.36878,8.36764,1000000,1000000
2018-08-23 06:05:58.480000,8.36857,8.36742,1000000,1000000
2018-08-23 06:05:58.701000,8.36872,8.36756,1000000,1000000
2018-08-23 06:05:58.805000,8.36828,8.36713,1000000,1000000
2018-08-23 06:05:59.236000,8.3684,8.36724,1000000,1000000
2018-08-23 06:05:59.340000,8.36853,8.36737,1000000,1000000
2018-08-23 06:05:59.644000,8.36921,8.36805,1000000,1000000
2018-08-23 06:06:00.200000,8.36906,8.3679,1000000,1000000
2018-08-23 06:06:00.541000,8.3692,8.36824,1000000,1000000
2018-08-23 06:06:00.594000,8.36931,8.36824,1000000,1000000
2018-08-23 06:06:00.717000,8.36952,8.36839,1000000,1000000
2018-08-23 06:06:00.768000,8.36982,8.36869,1000000,1000000
2018-08-23 06:06:00.874000,8.36998,8.36882,1000000,1000000
2018-08-23 06:06:01.027000,8.37001,8.36897,1000000,1000000
2018-08-23 06:06:01.373000,8.36991,8.36897,1000000,1000000
2018-08-23 06:06:01.682000,8.36965,8.36878,1000000,1000000
2018-08-23 06:06:02.055000,8.36974,8.36878,1000000,1000000
2018-08-23 06:06:02.106000,8.36972,8.36878,1000000,1000000
2018-08-23 06:06:03.048000,8.36986,8.36878,1000000,1000000
2018-08-23 06:06:03.400000,8.36978,8.36863,1000000,1000000
2018-08-23 06:06:03.951000,8.36972,8.36863,1000000,1000000
2018-08-23 06:06:04.177000,8.36959,8.36849,1000000,1000000
2018-08-23 06:06:04.433000,8.36964,8.36849,1500000,1000000
2018-08-23 06:06:09.318000,8.36951,8.36829,1000000,1000000
2018-08-23 06:06:09.861000,8.36951,8.36828,1000000,1000000
2018-08-23 06:06:10.356000,8.36965,8.36843,1000000,1000000
2018-08-23 06:06:13.232000,8.36985,8.36862,1000000,1000000
2018-08-23 06:06:16.515000,8.36997,8.36869,1000000,1000000
2018-08-23 06:06:20.376000,8.36976,8.36848,1000000,1000000
2018-08-23 06:06:20.686000,8.36991,8.36861,1000000,1000000
2018-08-23 06:06:21.335000,8.36998,8.36876,1000000,1000000
2018-08-23 06:06:31.120000,8.36993,8.36863,1000000,1000000
2018-08-23 06:06:38.183000,8.37001,8.36878,1000000,1000000
2018-08-23 06:06:38.494000,8.37015,8.36892,1000000,1000000
2018-08-23 06:06:38.837000,8.37057,8.36941,1000000,1000000
2018-08-23 06:06:42.685000,8.37049,8.36926,1000000,1000000
2018-08-23 06:06:42.788000,8.37034,8.36919,1000000,1000000
2018-08-23 06:06:43.308000,8.3702,8.36897,1000000,1000000
2018-08-23 06:06:45.346000,8.37006,8.3689,1000000,1000000
2018-08-23 06:06:47.470000,8.36983,8.36869,1000000,1000000
2018-08-23 06:06:49.359000,8.3697,8.36854,1000000,1000000
2018-08-23 06:06:51.434000,8.36938,8.36822,1000000,1000000
2018-08-23 06:06:51.743000,8.36829,8.36714,1000000,1000000
2018-08-23 06:06:52.247000,8.36806,8.36693,1000000,1000000
2018-08-23 06:06:52.553000,8.36709,8.36594,1000000,1000000
2018-08-23 06:06:52.722000,8.3673,8.3657,13350000,1000000
2018-08-23 06:06:52.874000,8.36623,8.36507,1000000,1750000
2018-08-23 06:06:52.976000,8.36574,8.36459,1000000,1000000
2018-08-23 06:06:53.145000,8.36532,8.36417,1000000,1000000
2018-08-23 06:06:53.404000,8.36503,8.3638,1000000,1000000
2018-08-23 06:06:53.697000,8.36518,8.36395,1000000,1000000
2018-08-23 06:06:54.696000,8.36518,8.36433,1000000,1000000
2018-08-23 06:06:54.747000,8.36595,8.36447,14400000,1000000
2018-08-23 06:06:54.954000,8.36617,8.36448,67500000,1000000
2018-08-23 06:06:55.038000,8.36518,8.36438,1000000,1000000
2018-08-23 06:06:55.093000,8.36518,8.36395,1000000,1000000
2018-08-23 06:06:55.144000,8.36525,8.36426,1000000,1000000
2018-08-23 06:06:55.299000,8.36525,8.36417,1000000,1000000
2018-08-23 06:06:55.406000,8.36525,8.36409,1000000,1000000
2018-08-23 06:06:55.559000,8.36539,8.36424,1000000,1000000
2018-08-23 06:06:55.611000,8.36554,8.36438,1000000,1000000
2018-08-23 06:06:55.780000,8.36583,8.36467,1000000,1000000
2018-08-23 06:06:57.058000,8.36604,8.36489,1000000,1000000
2018-08-23 06:06:57.400000,8.36568,8.36453,1000000,1000000
2018-08-23 06:06:57.452000,8.36554,8.36438,1000000,1000000
2018-08-23 06:06:57.606000,8.36554,8.36449,1000000,1000000
2018-08-23 06:06:57.659000,8.36583,8.36467,1000000,1000000
2018-08-23 06:06:57.969000,8.36597,8.36485,1000000,1000000
2018-08-23 06:06:58.224000,8.36647,8.36533,1000000,1000000
2018-08-23 06:06:58.325000,8.36657,8.36548,1000000,1000000
2018-08-23 06:06:58.427000,8.36661,8.36548,1000000,1000000
2018-08-23 06:06:59.187000,8.36661,8.36554,1000000,1000000
2018-08-23 06:06:59.326000,8.36711,8.36595,1000000,1000000
2018-08-23 06:07:00.806000,8.36633,8.3652,1000000,1000000
2018-08-23 06:07:01.114000,8.36662,8.36549,1000000,1000000
2018-08-23 06:07:03.847000,8.36649,8.36533,1000000,1000000
2018-08-23 06:07:04.063000,8.36634,8.36519,1000000,1000000
2018-08-23 06:07:05.614000,8.3662,8.36504,1000000,1000000
2018-08-23 06:07:06.519000,8.36598,8.36483,1000000,1000000
2018-08-23 06:07:06.704000,8.36584,8.36468,1000000,1000000
2018-08-23 06:07:07.510000,8.36584,8.36468,1370000,1000000
2018-08-23 06:07:07.561000,8.36529,8.36414,1000000,1000000
2018-08-23 06:07:07.613000,8.36518,8.36414,1000000,1000000
2018-08-23 06:07:07.664000,8.36465,8.36349,1000000,1000000
2018-08-23 06:07:07.717000,8.36435,8.36349,1000000,1000000
2018-08-23 06:07:07.769000,8.3645,8.36326,1000000,1000000
2018-08-23 06:07:07.821000,8.3646,8.36326,1000000,1000000
2018-08-23 06:07:07.873000,8.36404,8.36289,1000000,1000000
2018-08-23 06:07:08.198000,8.36314,8.36199,1000000,1000000
2018-08-23 06:07:08.507000,8.36301,8.36186,1000000,1000000
2018-08-23 06:07:08.864000,8.36317,8.36202,1000000,1000000
2018-08-23 06:07:09.960000,8.36332,8.36217,1000000,1000000
2018-08-23 06:07:10.473000,8.3635,8.36235,1000000,1000000
2018-08-23 06:07:10.790000,8.36335,8.3622,1000000,1000000
2018-08-23 06:07:12.498000,8.36313,8.36198,1000000,1000000
2018-08-23 06:07:12.783000,8.36342,8.36226,1000000,1000000
2018-08-23 06:07:13.477000,8.36356,8.36241,1000000,1000000
2018-08-23 06:07:13.529000,8.36342,8.36226,1000000,1000000
2018-08-23 06:07:14.278000,8.36319,8.36206,1000000,1000000
2018-08-23 06:07:14.534000,8.36337,8.36221,1000000,1000000
2018-08-23 06:07:15.382000,8.36321,8.36208,1000000,1000000
2018-08-23 06:07:15.484000,8.36307,8.36193,1000000,1000000
2018-08-23 06:07:17.161000,8.36293,8.36178,1000000,1000000
2018-08-23 06:07:18.410000,8.36308,8.36192,1000000,1000000
2018-08-23 06:07:18.514000,8.36322,8.36207,1000000,1000000
2018-08-23 06:07:18.847000,8.36351,8.36236,1000000,1000000
2018-08-23 06:07:19.246000,8.36329,8.36214,1000000,1000000
2018-08-23 06:07:20.055000,8.36344,8.36228,1000000,1000000
2018-08-23 06:07:20.559000,8.36322,8.36207,1000000,1000000
2018-08-23 06:07:22.141000,8.36308,8.36192,1000000,1000000
2018-08-23 06:07:23.912000,8.36328,8.36215,1000000,1000000
2018-08-23 06:07:24.428000,8.36315,8.362,1000000,1000000
2018-08-23 06:07:24.532000,8.3627,8.36157,1000000,1000000
2018-08-23 06:07:24.636000,8.36293,8.36178,1000000,1000000
2018-08-23 06:07:25.024000,8.36278,8.36164,1000000,1000000
2018-08-23 06:07:26.616000,8.363,8.36185,1000000,1000000
2018-08-23 06:07:26.680000,8.363,8.36187,1000000,1000000
2018-08-23 06:07:26.731000,8.36322,8.36207,1000000,1000000
2018-08-23 06:07:26.783000,8.36344,8.36228,1000000,1000000
2018-08-23 06:07:27.255000,8.36365,8.3625,1000000,1000000
2018-08-23 06:07:30.599000,8.36351,8.36236,1000000,1000000
2018-08-23 06:07:30.650000,8.36337,8.36221,1000000,1000000
2018-08-23 06:07:31.456000,8.36324,8.36208,1000000,1000000
2018-08-23 06:07:31.760000,8.36318,8.36202,1000000,1000000
2018-08-23 06:07:32.168000,8.36296,8.3618,1000000,1000000
2018-08-23 06:07:33.456000,8.3628,8.36165,1000000,1000000
2018-08-23 06:07:34.475000,8.36267,8.36152,1000000,1000000
2018-08-23 06:07:34.922000,8.36241,8.36128,1000000,1000000
2018-08-23 06:07:35.282000,8.36235,8.36129,1000000,1000000
2018-08-23 06:07:35.334000,8.36168,8.36053,1000000,1000000
2018-08-23 06:07:35.437000,8.36183,8.36068,1000000,1000000
2018-08-23 06:07:35.643000,8.36185,8.36069,1000000,1000000
2018-08-23 06:07:35.746000,8.36218,8.36102,1000000,1000000
2018-08-23 06:07:36.455000,8.36203,8.36088,1000000,1000000
2018-08-23 06:07:37.228000,8.36225,8.3611,1000000,1000000
2018-08-23 06:07:38.589000,8.3621,8.36095,1000000,1000000
2018-08-23 06:07:39.052000,8.36196,8.36081,1000000,1000000
2018-08-23 06:07:39.355000,8.36209,8.36096,1000000,1000000
2018-08-23 06:07:39.776000,8.36192,8.36077,1000000,1000000
2018-08-23 06:07:41.216000,8.3617,8.36057,1000000,1000000
2018-08-23 06:07:41.371000,8.36156,8.3604,1000000,1000000
2018-08-23 06:07:41.423000,8.36156,8.36049,1000000,1000000
2018-08-23 06:07:41.475000,8.36201,8.36085,1000000,1000000
2018-08-23 06:07:44.259000,8.36215,8.361,1000000,1000000
2018-08-23 06:07:45.240000,8.36201,8.36085,1000000,1000000
2018-08-23 06:07:45.446000,8.36222,8.36107,1000000,1000000
2018-08-23 06:07:46.056000,8.36207,8.36094,1000000,1000000
2018-08-23 06:07:51.051000,8.36193,8.36078,1000000,1000000
2018-08-23 06:07:51.305000,8.3618,8.36065,1000000,1000000
2018-08-23 06:07:51.631000,8.36137,8.36023,1000000,1000000
2018-08-23 06:07:52.221000,8.36162,8.36048,1000000,1000000
2018-08-23 06:07:53.753000,8.36148,8.36033,1000000,1000000
2018-08-23 06:07:57.332000,8.36125,8.36012,1000000,1000000
2018-08-23 06:07:57.594000,8.36141,8.36026,1000000,1000000
2018-08-23 06:07:57.944000,8.36126,8.36011,1000000,1000000
2018-08-23 06:07:59.173000,8.36126,8.36011,1600000,1000000
2018-08-23 06:07:59.586000,8.36098,8.35982,1600000,1000000
2018-08-23 06:07:59.777000,8.36083,8.35968,1000000,1000000
2018-08-23 06:08:00.561000,8.36098,8.35982,1600000,1000000
2018-08-23 06:08:00.664000,8.36065,8.35949,1000000,1000000
2018-08-23 06:08:00.766000,8.36045,8.35929,1000000,1000000
2018-08-23 06:08:00.872000,8.36059,8.35937,1000000,1000000
2018-08-23 06:08:00.975000,8.36074,8.35958,1000000,1000000
2018-08-23 06:08:01.288000,8.36095,8.3598,1600000,1000000
2018-08-23 06:08:01.789000,8.36095,8.3598,1600000,1000000
2018-08-23 06:08:01.950000,8.36081,8.35966,1000000,1000000
2018-08-23 06:08:04.671000,8.36099,8.35984,1000000,1000000
2018-08-23 06:08:04.980000,8.36114,8.35999,1000000,1000000
2018-08-23 06:08:06.647000,8.36092,8.35977,1000000,1000000
2018-08-23 06:08:06.850000,8.36078,8.35962,1000000,1000000
2018-08-23 06:08:08.071000,8.36092,8.35977,1000000,1000000
2018-08-23 06:08:09.172000,8.36078,8.35962,1000000,1000000
2018-08-23 06:08:11.660000,8.36099,8.35984,1000000,1000000
2018-08-23 06:08:11.966000,8.36099,8.35984,1000000,1370000
2018-08-23 06:08:12.018000,8.36137,8.36022,1000000,1000000
2018-08-23 06:08:12.121000,8.3615,8.36035,1000000,1000000
2018-08-23 06:08:12.433000,8.3612,8.36005,1000000,1000000
2018-08-23 06:08:15.095000,8.36109,8.35993,1000000,1000000
2018-08-23 06:08:15.301000,8.36131,8.36016,1000000,1000000
2018-08-23 06:08:15.690000,8.36116,8.36002,1000000,1000000
2018-08-23 06:08:17.733000,8.36103,8.35987,1000000,1000000
2018-08-23 06:08:19.682000,8.36118,8.36002,1000000,1000000
2018-08-23 06:08:20.014000,8.36103,8.35988,1000000,1000000
2018-08-23 06:08:23.969000,8.36085,8.35969,1000000,1000000
2018-08-23 06:08:24.572000,8.36099,8.35984,1000000,1000000
2018-08-23 06:08:25.083000,8.36114,8.35998,1000000,1000000
2018-08-23 06:08:29.868000,8.36131,8.36016,1000000,1000000
2018-08-23 06:08:29.971000,8.36146,8.3603,1000000,1000000
2018-08-23 06:08:30.593000,8.36133,8.36018,1000000,1000000
2018-08-23 06:08:37.154000,8.36151,8.36035,1000000,1000000
2018-08-23 06:08:41.675000,8.36165,8.3605,1000000,1000000
2018-08-23 06:08:41.778000,8.36151,8.36035,1000000,1000000
2018-08-23 06:08:47.018000,8.36136,8.36021,1000000,1000000
2018-08-23 06:08:48.787000,8.36151,8.36035,1000000,1000000
2018-08-23 06:08:49.030000,8.36171,8.36058,1000000,1000000
2018-08-23 06:08:49.086000,8.36158,8.36042,1000000,1000000
2018-08-23 06:08:52.477000,8.36145,8.3603,1000000,1000000
2018-08-23 06:08:53.619000,8.36131,8.36016,1000000,1000000
2018-08-23 06:08:55.141000,8.36145,8.3603,1000000,1000000
2018-08-23 06:08:55.442000,8.3616,8.36044,1000000,1000000
2018-08-23 06:08:56.065000,8.36174,8.36059,1000000,1000000
2018-08-23 06:08:56.965000,8.3616,8.36044,1000000,1000000
2018-08-23 06:08:57.172000,8.36138,8.36023,1000000,1000000
2018-08-23 06:08:57.818000,8.36153,8.36037,1000000,1000000
2018-08-23 06:08:59.400000,8.36182,8.36066,1000000,1000000
2018-08-23 06:09:16.210000,8.36178,8.36063,1000000,1000000
2018-08-23 06:09:16.317000,8.36164,8.36048,1000000,1000000
2018-08-23 06:09:16.611000,8.36185,8.36071,1000000,1000000
2018-08-23 06:09:22.995000,8.36204,8.36092,1000000,1000000
2018-08-23 06:09:23.047000,8.36207,8.36092,1000000,1000000
2018-08-23 06:09:28.262000,8.36221,8.36107,1000000,1000000
2018-08-23 06:09:28.527000,8.36236,8.36121,1000000,1000000
2018-08-23 06:09:28.630000,8.36224,8.36121,1000000,1000000
2018-08-23 06:09:28.681000,8.36236,8.36121,1000000,1000000
2018-08-23 06:09:28.733000,8.36209,8.36094,1000000,1000000
2018-08-23 06:09:34.186000,8.36228,8.36112,1000000,1000000
2018-08-23 06:09:35.669000,8.36244,8.36134,1000000,1000000
2018-08-23 06:09:35.720000,8.36249,8.36134,1000000,1000000
2018-08-23 06:09:35.772000,8.36235,8.36119,1000000,1000000
2018-08-23 06:09:40.430000,8.36222,8.36119,1000000,1000000
2018-08-23 06:09:40.482000,8.3622,8.36105,1000000,1000000
2018-08-23 06:09:40.980000,8.36235,8.36119,1000000,1000000
2018-08-23 06:09:42.390000,8.36249,8.36134,1000000,1000000
2018-08-23 06:09:42.749000,8.36251,8.36146,1000000,1000000
2018-08-23 06:09:46.608000,8.36254,8.36146,1000000,1000000
2018-08-23 06:09:50.142000,8.36259,8.36146,1000000,1000000
2018-08-23 06:09:50.694000,8.36258,8.36146,1000000,1000000
2018-08-23 06:09:51.345000,8.36254,8.36146,1000000,1000000
2018-08-23 06:09:52.160000,8.36258,8.36146,1000000,1000000
2018-08-23 06:09:53.639000,8.36256,8.36146,1000000,1000000
2018-08-23 06:09:57.751000,8.36254,8.36146,1000000,1000000
2018-08-23 06:09:58.248000,8.36254,8.36139,1500000,1000000
2018-08-23 06:10:04.149000,8.36272,8.3616,1500000,1000000
2018-08-23 06:10:05.033000,8.36272,8.36173,1000000,1000000
2018-08-23 06:10:05.568000,8.36265,8.36173,1000000,1000000
2018-08-23 06:10:05.670000,8.36265,8.3616,1000000,1000000
2018-08-23 06:10:05.721000,8.36262,8.3616,1000000,1000000
2018-08-23 06:10:06.740000,8.36266,8.3616,1000000,1000000
2018-08-23 06:10:06.792000,8.3627,8.3616,1000000,1000000
2018-08-23 06:10:07.470000,8.36266,8.3616,1000000,1000000
2018-08-23 06:10:08.960000,8.36262,8.3616,1000000,1000000
2018-08-23 06:10:09.594000,8.36263,8.3616,1000000,1000000
2018-08-23 06:10:11.258000,8.36272,8.36181,1000000,1000000
2018-08-23 06:10:16.880000,8.3627,8.36181,1000000,1000000
2018-08-23 06:10:17.519000,8.36272,8.36181,1000000,1000000
2018-08-23 06:10:18.531000,8.36267,8.36159,1000000,1000000
2018-08-23 06:10:18.642000,8.36267,8.36174,1000000,1000000
2018-08-23 06:10:18.694000,8.3627,8.36174,1000000,1000000
2018-08-23 06:10:24.594000,8.36271,8.36174,1000000,1000000
2018-08-23 06:10:27.509000,8.3627,8.36174,1000000,1000000
2018-08-23 06:10:28.240000,8.3626,8.36174,1000000,1000000
2018-08-23 06:10:28.424000,8.3626,8.36158,1000000,1000000
2018-08-23 06:10:29.038000,8.36259,8.36158,1000000,1000000
2018-08-23 06:10:29.358000,8.36257,8.36158,1000000,1000000
2018-08-23 06:10:31.071000,8.36253,8.36158,1000000,1000000
2018-08-23 06:10:32.071000,8.36251,8.36158,1000000,1000000
2018-08-23 06:10:32.172000,8.36253,8.36158,1000000,1000000
2018-08-23 06:10:32.274000,8.36249,8.36158,1000000,1000000
2018-08-23 06:10:32.618000,8.36193,8.36111,1000000,1000000
2018-08-23 06:10:32.721000,8.36187,8.36072,1000000,1000000
2018-08-23 06:10:32.772000,8.3617,8.36072,1000000,1000000
2018-08-23 06:10:32.876000,8.36179,8.36072,1000000,1000000
2018-08-23 06:10:35.233000,8.36174,8.36072,1000000,1000000
2018-08-23 06:10:35.410000,8.36181,8.36072,1000000,1000000
2018-08-23 06:10:35.463000,8.36198,8.36088,1000000,1000000
2018-08-23 06:10:35.515000,8.36203,8.36088,1000000,1000000
2018-08-23 06:10:35.567000,8.36206,8.36102,1000000,1000000
2018-08-23 06:10:36.082000,8.36198,8.36102,1000000,1000000
2018-08-23 06:10:36.134000,8.36202,8.36102,1000000,1000000
2018-08-23 06:10:36.186000,8.36207,8.36102,1000000,1000000
2018-08-23 06:10:36.238000,8.36204,8.36102,1000000,1000000
2018-08-23 06:10:36.936000,8.362,8.36102,1000000,1000000
2018-08-23 06:10:38.598000,8.36215,8.36102,1000000,1000000
2018-08-23 06:10:38.701000,8.36215,8.36118,1000000,1000000
2018-08-23 06:10:39.005000,8.36219,8.36118,1000000,1000000
2018-08-23 06:10:39.594000,8.36223,8.36118,1000000,1000000
2018-08-23 06:10:50.755000,8.36219,8.36118,1000000,1000000
2018-08-23 06:10:52.415000,8.36223,8.36118,1000000,1000000
2018-08-23 06:10:53.521000,8.3622,8.36118,1000000,1000000
2018-08-23 06:10:54.315000,8.36219,8.36118,1000000,1000000
2018-08-23 06:10:55.715000,8.36199,8.36101,1000000,1000000
2018-08-23 06:10:55.766000,8.3619,8.36086,1000000,1000000
2018-08-23 06:10:55.818000,8.36182,8.36086,1000000,1000000
2018-08-23 06:10:55.870000,8.36179,8.36066,1000000,1000000
2018-08-23 06:10:55.922000,8.36177,8.36066,1000000,1000000
2018-08-23 06:10:55.974000,8.36179,8.36066,1000000,1000000
2018-08-23 06:10:56.078000,8.36156,8.36066,1000000,1000000
2018-08-23 06:10:56.183000,8.3615,8.36043,1000000,1000000
2018-08-23 06:10:56.306000,8.3614,8.36028,1000000,1000000
2018-08-23 06:10:56.358000,8.36116,8.36028,1000000,1000000
2018-08-23 06:10:56.410000,8.36122,8.36007,1000000,1000000
2018-08-23 06:10:56.566000,8.36119,8.36007,1000000,1000000
2018-08-23 06:10:56.952000,8.36122,8.36007,1000000,1000000
2018-08-23 06:10:57.256000,8.36113,8.36007,1000000,1000000
2018-08-23 06:10:57.307000,8.36122,8.36007,1750000,1000000
2018-08-23 06:10:57.409000,8.36074,8.35959,1000000,1000000
2018-08-23 06:10:57.460000,8.36037,8.35959,1000000,1000000
2018-08-23 06:10:57.511000,8.36074,8.35959,1000000,1000000
2018-08-23 06:10:57.689000,8.36038,8.35925,1000000,1000000
2018-08-23 06:10:58.449000,8.36054,8.35939,1000000,1000000
2018-08-23 06:10:58.910000,8.36039,8.35924,1000000,1000000
2018-08-23 06:10:59.750000,8.36025,8.3591,1000000,1000000
2018-08-23 06:11:00.055000,8.36039,8.35924,1000000,1000000
2018-08-23 06:11:00.843000,8.35974,8.35859,1000000,1000000
2018-08-23 06:11:01.185000,8.35979,8.35864,1000000,1000000
2018-08-23 06:11:01.477000,8.35977,8.35861,1000000,1000000
2018-08-23 06:11:01.833000,8.35994,8.35881,1000000,1000000
2018-08-23 06:11:03.217000,8.36011,8.35896,1500000,1000000
2018-08-23 06:11:03.473000,8.35988,8.35875,1000000,1000000
2018-08-23 06:11:03.730000,8.36003,8.35889,1000000,1000000
2018-08-23 06:11:06.167000,8.35998,8.35889,1120000,1000000
2018-08-23 06:11:06.271000,8.36003,8.35889,1000000,1000000
2018-08-23 06:11:06.426000,8.35991,8.35876,1000000,1000000
2018-08-23 06:11:06.552000,8.36028,8.35913,1000000,1000000
2018-08-23 06:11:06.859000,8.36016,8.35901,1000000,1000000
2018-08-23 06:11:09.906000,8.35998,8.35889,1000000,1000000
2018-08-23 06:11:10.009000,8.35982,8.35867,1000000,1000000
2018-08-23 06:11:11.591000,8.35978,8.35867,1000000,1000000
2018-08-23 06:11:12.128000,8.35974,8.35867,1000000,1000000
2018-08-23 06:11:15.675000,8.35978,8.35867,1000000,1000000
2018-08-23 06:11:16.021000,8.35975,8.35867,1000000,1000000
2018-08-23 06:11:17.088000,8.35969,8.35867,1000000,1000000
2018-08-23 06:11:18.151000,8.35972,8.35867,1000000,1000000
2018-08-23 06:11:19.307000,8.35977,8.35867,1000000,1000000
2018-08-23 06:11:19.360000,8.35982,8.35867,1000000,1000000
2018-08-23 06:11:19.570000,8.35982,8.35875,1000000,1000000
2018-08-23 06:11:19.673000,8.3601,8.35895,1000000,1000000
2018-08-23 06:11:20.174000,8.36005,8.35895,1000000,1000000
2018-08-23 06:11:20.283000,8.35996,8.3588,1000000,1000000
2018-08-23 06:11:20.335000,8.36013,8.35902,1000000,1000000
2018-08-23 06:11:20.452000,8.36016,8.35902,1000000,1000000
2018-08-23 06:11:20.813000,8.36017,8.35902,1370000,1000000
2018-08-23 06:11:20.864000,8.35986,8.35873,1000000,1000000
2018-08-23 06:11:20.916000,8.35906,8.35792,1000000,1000000
2018-08-23 06:11:21.019000,8.35893,8.35778,1000000,1000000
2018-08-23 06:11:21.285000,8.35933,8.35818,1000000,1000000
2018-08-23 06:11:21.593000,8.35951,8.35841,1000000,1000000
2018-08-23 06:11:21.930000,8.35956,8.35841,1000000,1000000
2018-08-23 06:11:22.995000,8.35952,8.35841,1000000,1000000
2018-08-23 06:11:23.098000,8.35956,8.35841,1000000,1000000
2018-08-23 06:11:25.090000,8.35851,8.35719,1600000,1190000
2018-08-23 06:11:25.242000,8.35684,8.35569,1000000,1000000
2018-08-23 06:11:25.293000,8.35656,8.35541,1000000,1000000
2018-08-23 06:11:27.975000,8.35632,8.35517,1000000,1000000
2018-08-23 06:11:28.349000,8.35618,8.35502,1000000,1000000
2018-08-23 06:11:29.015000,8.35633,8.35518,1000000,1000000
2018-08-23 06:11:29.352000,8.3561,8.35495,1000000,1000000
2018-08-23 06:11:29.700000,8.35635,8.3552,1000000,1000000
2018-08-23 06:11:30.282000,8.35648,8.35535,1000000,1000000
2018-08-23 06:11:30.587000,8.35706,8.35593,1000000,1000000
2018-08-23 06:11:30.690000,8.35735,8.3562,1000000,1000000
2018-08-23 06:11:30.792000,8.35758,8.35643,1000000,1000000
2018-08-23 06:11:31.122000,8.35771,8.35656,1000000,1000000
2018-08-23 06:11:32.019000,8.35783,8.35668,1000000,1000000
2018-08-23 06:11:32.122000,8.35805,8.35689,1000000,1000000
2018-08-23 06:11:35.415000,8.3582,8.35704,1000000,1000000
2018-08-23 06:11:35.719000,8.35908,8.35793,1000000,1000000
2018-08-23 06:11:36.077000,8.35893,8.35778,1000000,1000000
2018-08-23 06:11:36.409000,8.35878,8.35763,1000000,1000000
2018-08-23 06:11:41.189000,8.35893,8.35778,1000000,1000000
2018-08-23 06:11:41.291000,8.35915,8.35799,1000000,1000000
2018-08-23 06:11:43.508000,8.359,8.35785,1000000,1000000
2018-08-23 06:11:47.437000,8.35834,8.35718,1000000,1000000
2018-08-23 06:11:47.490000,8.35796,8.35718,1000000,1000000
2018-08-23 06:11:47.541000,8.35756,8.35642,1000000,1690000
2018-08-23 06:11:47.645000,8.3574,8.35625,1000000,1000000
2018-08-23 06:11:48.258000,8.35752,8.35639,1000000,1000000
2018-08-23 06:11:50.524000,8.35731,8.35616,1000000,1000000
2018-08-23 06:11:53.601000,8.35749,8.35634,1000000,1000000
2018-08-23 06:11:54.757000,8.35763,8.35649,1000000,1000000
2018-08-23 06:11:55.052000,8.35793,8.35677,1000000,1000000
2018-08-23 06:12:00.010000,8.35778,8.35663,1000000,1000000
2018-08-23 06:12:00.216000,8.358,8.35684,1000000,1000000
2018-08-23 06:12:01.026000,8.35785,8.3567,1000000,1000000
2018-08-23 06:12:03.167000,8.35837,8.35722,1000000,1000000
2018-08-23 06:12:03.370000,8.35873,8.35757,1000000,1000000
2018-08-23 06:12:04.183000,8.35886,8.3577,1000000,1000000
2018-08-23 06:12:04.596000,8.35907,8.35794,1000000,1000000
2018-08-23 06:12:04.795000,8.35922,8.35807,1000000,1000000
2018-08-23 06:12:04.899000,8.35908,8.35793,1000000,1000000
2018-08-23 06:12:08.010000,8.35923,8.35808,1000000,1000000
2018-08-23 06:12:08.320000,8.35927,8.3583,1000000,1000000
2018-08-23 06:12:09.491000,8.35927,8.35815,1000000,1000000
2018-08-23 06:12:09.543000,8.35923,8.35815,1000000,1000000
2018-08-23 06:12:09.647000,8.35927,8.35815,1000000,1000000
2018-08-23 06:12:09.750000,8.35923,8.35815,1000000,1000000
2018-08-23 06:12:10.102000,8.35928,8.35815,1000000,1000000
2018-08-23 06:12:10.154000,8.35924,8.35815,1000000,1000000
2018-08-23 06:12:10.763000,8.35928,8.35815,1000000,1000000
2018-08-23 06:12:12.366000,8.35924,8.35815,1000000,1000000
2018-08-23 06:12:14.220000,8.35947,8.35838,1000000,1000000
2018-08-23 06:12:14.272000,8.35954,8.35838,1000000,1000000
2018-08-23 06:12:14.325000,8.35999,8.35884,1000000,1000000
2018-08-23 06:12:14.632000,8.36015,8.359,1000000,1000000
2018-08-23 06:12:15.683000,8.3603,8.35917,1000000,1000000
2018-08-23 06:12:15.888000,8.36055,8.35939,1000000,1000000
2018-08-23 06:12:19.298000,8.3609,8.35975,1000000,1000000
2018-08-23 06:12:19.641000,8.36125,8.36012,1000000,1000000
2018-08-23 06:12:22.473000,8.36109,8.35994,1000000,1000000
2018-08-23 06:12:22.677000,8.36091,8.35975,1000000,1000000
2018-08-23 06:12:22.965000,8.36106,8.35991,1000000,1000000
2018-08-23 06:12:23.229000,8.36041,8.35925,1000000,1000000
2018-08-23 06:12:24.698000,8.36055,8.3594,1000000,1000000
2018-08-23 06:12:25.008000,8.36092,8.35977,1000000,1000000
2018-08-23 06:12:25.323000,8.3607,8.35955,1000000,1000000
2018-08-23 06:12:28.359000,8.36085,8.35969,1000000,1000000
2018-08-23 06:12:28.522000,8.3607,8.35955,1000000,1000000
2018-08-23 06:12:28.785000,8.36056,8.3594,1000000,1000000
2018-08-23 06:12:35.031000,8.36069,8.35954,1000000,1000000
2018-08-23 06:12:35.184000,8.36084,8.35968,1000000,1000000
2018-08-23 06:12:35.338000,8.36043,8.3593,1000000,1000000
2018-08-23 06:12:40.052000,8.36058,8.35944,1000000,1000000
2018-08-23 06:12:40.311000,8.36044,8.35929,1000000,1000000
2018-08-23 06:12:43.076000,8.3606,8.35945,1000000,1000000
2018-08-23 06:12:44.896000,8.36031,8.35916,1000000,1000000
2018-08-23 06:12:53.268000,8.36018,8.35902,1000000,1000000
2018-08-23 06:12:58.359000,8.36032,8.35917,1000000,1000000
2018-08-23 06:12:58.692000,8.36018,8.35902,1000000,1000000
2018-08-23 06:12:59.580000,8.36039,8.35924,1000000,1000000
2018-08-23 06:12:59.889000,8.36125,8.3601,1000000,1000000
2018-08-23 06:13:00.196000,8.36105,8.3599,1000000,1000000
2018-08-23 06:13:00.841000,8.36085,8.3597,1000000,1000000
2018-08-23 06:13:01.225000,8.36123,8.36008,1000000,1000000
2018-08-23 06:13:03.014000,8.36137,8.36022,1000000,1000000
2018-08-23 06:13:04.021000,8.36123,8.36008,1000000,1000000
2018-08-23 06:13:05.164000,8.36171,8.36058,1000000,1000000
2018-08-23 06:13:05.216000,8.3616,8.36045,1000000,1000000
2018-08-23 06:13:05.319000,8.3613,8.36015,1000000,1000000
2018-08-23 06:13:07.587000,8.36115,8.36,1000000,1000000
2018-08-23 06:13:08.594000,8.3613,8.36015,1000000,1000000
2018-08-23 06:13:12.560000,8.36117,8.36002,1000000,1000000
2018-08-23 06:13:12.662000,8.36103,8.35987,1000000,1000000
2018-08-23 06:13:22.588000,8.36088,8.35975,1000000,1000000
2018-08-23 06:13:23.150000,8.36106,8.35991,1000000,1000000
2018-08-23 06:13:30.141000,8.3609,8.35974,1000000,1000000
2018-08-23 06:13:30.244000,8.36066,8.3595,1000000,1000000
2018-08-23 06:13:30.577000,8.36015,8.359,1000000,1000000
2018-08-23 06:13:33.466000,8.36043,8.35936,1000000,1000000
2018-08-23 06:13:33.518000,8.36052,8.35936,1000000,1000000
2018-08-23 06:13:34.171000,8.36037,8.35921,1000000,1000000
2018-08-23 06:13:35.622000,8.36052,8.35936,1000000,1000000
2018-08-23 06:13:35.931000,8.36067,8.35952,1000000,1000000
2018-08-23 06:13:39.087000,8.36082,8.35967,1000000,1000000
2018-08-23 06:13:39.395000,8.36097,8.35982,1000000,1000000
2018-08-23 06:13:41.373000,8.36082,8.35967,1000000,1000000
2018-08-23 06:13:41.707000,8.36067,8.35954,1000000,1000000
2018-08-23 06:13:42.623000,8.36089,8.35974,1000000,1000000
2018-08-23 06:13:58.623000,8.36087,8.35971,1000000,1000000
2018-08-23 06:13:58.675000,8.36051,8.35935,1000000,1000000
2018-08-23 06:13:58.997000,8.36036,8.35921,1000000,1000000
2018-08-23 06:14:02.619000,8.36022,8.35906,1000000,1000000
2018-08-23 06:14:02.723000,8.36007,8.35892,1000000,1000000
2018-08-23 06:14:03.056000,8.35971,8.35856,1000000,1000000
2018-08-23 06:14:03.163000,8.35986,8.3587,1000000,1000000
2018-08-23 06:14:03.417000,8.36,8.35885,1000000,1000000
2018-08-23 06:14:05.753000,8.35986,8.3587,1000000,1000000
2018-08-23 06:14:05.855000,8.35972,8.35856,1000000,1000000
2018-08-23 06:14:09.949000,8.35951,8.35835,1000000,1000000
2018-08-23 06:14:10.272000,8.35912,8.35799,1000000,1000000
2018-08-23 06:14:10.323000,8.35892,8.35776,1000000,1000000
2018-08-23 06:14:10.480000,8.35877,8.35762,1000000,1000000
2018-08-23 06:14:11.590000,8.35904,8.35789,1000000,1000000
2018-08-23 06:14:11.897000,8.35942,8.35827,1000000,1000000
2018-08-23 06:14:12.205000,8.35958,8.35843,1000000,1000000
2018-08-23 06:14:13.826000,8.35944,8.35828,1000000,1000000
2018-08-23 06:14:14.128000,8.35972,8.35857,1000000,1000000
2018-08-23 06:14:14.463000,8.3597,8.35855,1000000,1000000
2018-08-23 06:14:14.925000,8.35984,8.35871,1000000,1000000
2018-08-23 06:14:15.234000,8.35999,8.35886,1000000,1000000
2018-08-23 06:14:16.567000,8.35985,8.3587,1000000,1000000
2018-08-23 06:14:17.429000,8.3597,8.35855,1000000,1000000
2018-08-23 06:14:17.736000,8.35947,8.35832,1000000,1000000
2018-08-23 06:14:20.750000,8.35915,8.358,1000000,1000000
2018-08-23 06:14:22.481000,8.359,8.35785,1000000,1000000
2018-08-23 06:14:22.869000,8.35929,8.35814,1000000,1000000
2018-08-23 06:14:22.920000,8.35944,8.35828,1000000,1000000
2018-08-23 06:14:23.022000,8.35958,8.35843,1000000,1000000
2018-08-23 06:14:23.225000,8.35944,8.35828,1000000,1000000
2018-08-23 06:14:26.663000,8.35958,8.35843,1000000,1000000
2018-08-23 06:14:26.905000,8.35973,8.35857,1000000,1000000
2018-08-23 06:14:27.581000,8.35988,8.35872,1000000,1000000
2018-08-23 06:14:30.104000,8.35966,8.35851,1000000,1000000
2018-08-23 06:14:30.416000,8.35979,8.35864,1000000,1000000
2018-08-23 06:14:31.392000,8.35964,8.35848,1000000,1000000
2018-08-23 06:14:35.193000,8.35948,8.35835,1000000,1000000
2018-08-23 06:14:35.401000,8.35935,8.35819,1000000,1000000
2018-08-23 06:14:41.432000,8.35949,8.35834,1000000,1000000
2018-08-23 06:14:41.752000,8.35928,8.35815,1000000,1000000
2018-08-23 06:14:46.101000,8.35943,8.3583,1000000,1000000
2018-08-23 06:14:46.204000,8.35966,8.35851,1000000,1000000
2018-08-23 06:15:01.006000,8.35991,8.35877,1000000,1000000
