time,ask,bid,ask_volume,bid_volume
2018-01-25 06:55:00.803000,7.72777,7.72599,1000000,1000000
2018-01-25 06:55:01.451000,7.72771,7.72587,1000000,1000000
2018-01-25 06:55:02.452000,7.72777,7.72599,1000000,1000000
2018-01-25 06:55:02.759000,7.7279,7.72612,1000000,1000000
2018-01-25 06:55:03.277000,7.72785,7.72612,1000000,1000000
2018-01-25 06:55:03.381000,7.72777,7.72599,1000000,1000000
2018-01-25 06:55:03.731000,7.72759,7.72581,1000000,1000000
2018-01-25 06:55:04.157000,7.72746,7.72568,1000000,1000000
2018-01-25 06:55:05.636000,7.72734,7.72556,1000000,1000000
2018-01-25 06:55:05.943000,7.72696,7.72518,1000000,1000000
2018-01-25 06:55:06.269000,7.72632,7.72495,1000000,1000000
2018-01-25 06:55:06.371000,7.72694,7.72516,1000000,1000000
2018-01-25 06:55:06.472000,7.72722,7.72543,1000000,1000000
2018-01-25 06:55:07.681000,7.72734,7.72556,1000000,1000000
2018-01-25 06:55:07.989000,7.72771,7.72593,1000000,1000000
2018-01-25 06:55:09.353000,7.72783,7.72607,1000000,1000000
2018-01-25 06:55:10.564000,7.72781,7.72607,1000000,1000000
2018-01-25 06:55:10.616000,7.72771,7.72593,1000000,1000000
2018-01-25 06:55:10.668000,7.72753,7.72575,1000000,1000000
2018-01-25 06:55:11.067000,7.72765,7.72587,1000000,1000000
2018-01-25 06:55:11.728000,7.72755,7.72577,1000000,1000000
2018-01-25 06:55:13.266000,7.72741,7.72565,1000000,1000000
2018-01-25 06:55:13.372000,7.72724,7.72546,1000000,1000000
2018-01-25 06:55:13.577000,7.72711,7.72533,1000000,1000000
2018-01-25 06:55:13.921000,7.72699,7.72521,1000000,1000000
2018-01-25 06:55:14.553000,7.7271,7.72534,1000000,1000000
2018-01-25 06:55:15.134000,7.72724,7.72545,1000000,1000000
2018-01-25 06:55:15.418000,7.72748,7.7257,1000000,1000000
2018-01-25 06:55:15.975000,7.72736,7.72558,1000000,1000000
2018-01-25 06:55:16.283000,7.72717,7.72539,1000000,1000000
2018-01-25 06:55:16.892000,7.72698,7.72522,1000000,1000000
2018-01-25 06:55:17.274000,7.7268,7.72502,1000000,1000000
2018-01-25 06:55:17.377000,7.72699,7.72521,1000000,1000000
2018-01-25 06:55:17.889000,7.72711,7.72533,1000000,1000000
2018-01-25 06:55:18.218000,7.72699,7.72521,1000000,1000000
2018-01-25 06:55:18.539000,7.72679,7.72503,1000000,1000000
2018-01-25 06:55:18.590000,7.72661,7.72483,1000000,1000000
2018-01-25 06:55:19.383000,7.72674,7.72496,1000000,1000000
2018-01-25 06:55:20.681000,7.72686,7.72508,1000000,1000000
2018-01-25 06:55:21.031000,7.72742,7.72564,1000000,1000000
2018-01-25 06:55:21.716000,7.72755,7.72576,1000000,1000000
2018-01-25 06:55:22.033000,7.72742,7.72564,1000000,1000000
2018-01-25 06:55:22.356000,7.72717,7.72539,1000000,1000000
2018-01-25 06:55:22.719000,7.72705,7.72527,1000000,1000000
2018-01-25 06:55:23.805000,7.72692,7.72514,1000000,1000000
2018-01-25 06:55:24.170000,7.7268,7.72502,1000000,1000000
2018-01-25 06:55:24.843000,7.72704,7.72528,1000000,1000000
2018-01-25 06:55:25.368000,7.72692,7.72514,1000000,1000000
2018-01-25 06:55:25.734000,7.7268,7.72502,1000000,1000000
2018-01-25 06:55:29.556000,7.72692,7.72514,1000000,1000000
2018-01-25 06:55:30.085000,7.72691,7.72515,1000000,1000000
2018-01-25 06:55:32.419000,7.72711,7.72533,1000000,1000000
2018-01-25 06:55:32.521000,7.727,7.72533,1000000,1000000
2018-01-25 06:55:32.783000,7.72662,7.72483,1000000,1000000
2018-01-25 06:55:39.339000,7.72648,7.72472,1000000,1000000
2018-01-25 06:55:39.440000,7.7263,7.72452,1000000,1000000
2018-01-25 06:55:40.328000,7.72643,7.72465,1000000,1000000
2018-01-25 06:55:40.663000,7.7263,7.72452,1000000,1000000
2018-01-25 06:55:41.828000,7.72643,7.72465,1000000,1000000
2018-01-25 06:55:43.089000,7.72629,7.72453,1000000,1000000
2018-01-25 06:55:43.486000,7.72617,7.72441,1000000,1000000
2018-01-25 06:55:44.205000,7.72655,7.72477,1000000,1000000
2018-01-25 06:55:44.262000,7.7266,7.72482,1000000,1000000
2018-01-25 06:55:44.581000,7.72677,7.72499,1000000,1000000
2018-01-25 06:55:45.430000,7.72665,7.72487,1000000,1000000
2018-01-25 06:55:48.829000,7.7269,7.72512,1000000,1000000
2018-01-25 06:55:50.514000,7.72702,7.72524,1000000,1000000
2018-01-25 06:55:50.870000,7.7269,7.72512,1000000,1000000
2018-01-25 06:55:54.397000,7.7271,7.72532,1000000,1000000
2018-01-25 06:55:54.810000,7.72698,7.7252,1000000,1000000
2018-01-25 06:55:58.830000,7.72679,7.72501,1000000,1000000
2018-01-25 06:55:59.175000,7.72661,7.72483,1000000,1000000
2018-01-25 06:55:59.479000,7.72636,7.72458,1000000,1000000
2018-01-25 06:55:59.807000,7.72648,7.7247,1000000,1000000
2018-01-25 06:56:00.115000,7.72661,7.72483,1000000,1000000
2018-01-25 06:56:00.461000,7.72686,7.72508,1000000,1000000
2018-01-25 06:56:01.026000,7.72717,7.72539,1000000,1000000
2018-01-25 06:56:01.336000,7.72773,7.72595,1000000,1000000
2018-01-25 06:56:01.641000,7.72841,7.72663,1000000,1000000
2018-01-25 06:56:01.975000,7.72847,7.72669,1000000,1000000
2018-01-25 06:56:03.348000,7.72822,7.72644,1000000,1000000
2018-01-25 06:56:03.722000,7.72803,7.72625,1000000,1000000
2018-01-25 06:56:04.030000,7.72729,7.72551,1000000,1000000
2018-01-25 06:56:08.260000,7.72709,7.72533,1000000,1000000
2018-01-25 06:56:10.261000,7.72698,7.7252,1000000,1000000
2018-01-25 06:56:12.917000,7.72714,7.72536,1000000,1000000
2018-01-25 06:56:13.224000,7.72727,7.72548,1000000,1000000
2018-01-25 06:56:13.378000,7.72739,7.72561,1000000,1000000
2018-01-25 06:56:14.175000,7.72751,7.72573,1000000,1000000
2018-01-25 06:56:14.510000,7.72794,7.72618,1000000,1000000
2018-01-25 06:56:14.561000,7.72782,7.72604,1000000,1000000
2018-01-25 06:56:15.107000,7.7277,7.72592,1000000,1000000
2018-01-25 06:56:15.599000,7.72782,7.72604,1000000,1000000
2018-01-25 06:56:15.905000,7.72782,7.72622,1000000,1000000
2018-01-25 06:56:16.059000,7.7282,7.72642,1000000,1000000
2018-01-25 06:56:16.531000,7.72838,7.7266,1000000,1000000
2018-01-25 06:56:16.739000,7.72863,7.72684,1000000,1000000
2018-01-25 06:56:16.912000,7.72876,7.72698,1000000,1000000
2018-01-25 06:56:19.864000,7.72857,7.72679,1000000,1000000
2018-01-25 06:56:20.677000,7.72837,7.72661,1000000,1000000
2018-01-25 06:56:21.904000,7.72826,7.72648,1000000,1000000
2018-01-25 06:56:22.070000,7.72814,7.72635,1000000,1000000
2018-01-25 06:56:23.357000,7.72831,7.72655,1000000,1000000
2018-01-25 06:56:23.720000,7.72814,7.72635,1000000,1000000
2018-01-25 06:56:23.880000,7.72801,7.72623,1000000,1000000
2018-01-25 06:56:29.974000,7.72819,7.72641,1000000,1000000
2018-01-25 06:56:30.318000,7.72832,7.72654,1000000,1000000
2018-01-25 06:56:30.625000,7.72849,7.72671,1000000,1000000
2018-01-25 06:56:32.433000,7.72838,7.7266,1000000,1000000
2018-01-25 06:56:32.738000,7.72806,7.7263,1000000,1000000
2018-01-25 06:56:36.694000,7.72795,7.72617,1000000,1000000
2018-01-25 06:56:37.740000,7.72764,7.72586,1000000,1000000
2018-01-25 06:56:38.070000,7.72733,7.72555,1000000,1000000
2018-01-25 06:56:43.851000,7.72751,7.72573,1000000,1000000
2018-01-25 06:56:44.164000,7.72764,7.72586,1000000,1000000
2018-01-25 06:56:44.484000,7.72733,7.72555,1000000,1000000
2018-01-25 06:56:45.536000,7.72695,7.72517,1000000,1000000
2018-01-25 06:56:45.673000,7.72671,7.72492,1000000,1000000
2018-01-25 06:56:45.885000,7.72658,7.7248,1000000,1000000
2018-01-25 06:56:46.218000,7.72633,7.72455,1000000,1000000
2018-01-25 06:56:46.560000,7.72608,7.7243,1000000,1000000
2018-01-25 06:56:46.938000,7.72577,7.72399,1000000,1000000
2018-01-25 06:56:48.597000,7.7259,7.72412,1000000,1000000
2018-01-25 06:56:48.961000,7.72608,7.7243,1000000,1000000
2018-01-25 06:56:49.544000,7.72596,7.72418,1000000,1000000
2018-01-25 06:56:50.021000,7.72565,7.72387,1000000,1000000
2018-01-25 06:56:50.328000,7.7254,7.72362,1000000,1000000
2018-01-25 06:56:50.952000,7.72521,7.72343,1000000,1000000
2018-01-25 06:56:51.256000,7.72509,7.72331,1000000,1000000
2018-01-25 06:56:51.579000,7.72484,7.72306,1000000,1000000
2018-01-25 06:56:51.887000,7.72472,7.72294,1000000,1000000
2018-01-25 06:56:52.208000,7.72481,7.72305,1000000,1000000
2018-01-25 06:56:55.530000,7.72469,7.72293,1000000,1000000
2018-01-25 06:56:55.634000,7.72451,7.72273,1000000,1000000
2018-01-25 06:56:56.212000,7.72464,7.72286,1000000,1000000
2018-01-25 06:56:56.555000,7.72495,7.72317,1000000,1000000
2018-01-25 06:56:57.001000,7.7247,7.72292,1000000,1000000
2018-01-25 06:56:58.575000,7.72458,7.7228,1000000,1000000
2018-01-25 06:57:00.209000,7.72489,7.72311,1000000,1000000
2018-01-25 06:57:01.130000,7.72469,7.72293,1000000,1000000
2018-01-25 06:57:01.231000,7.72489,7.72311,1000000,1000000
2018-01-25 06:57:01.533000,7.7245,7.72274,1000000,1000000
2018-01-25 06:57:01.909000,7.72463,7.72287,1000000,1000000
2018-01-25 06:57:02.061000,7.72451,7.72273,1000000,1000000
2018-01-25 06:57:02.977000,7.72482,7.72304,1000000,1000000
2018-01-25 06:57:04.346000,7.72495,7.72317,1000000,1000000
2018-01-25 06:57:04.656000,7.72507,7.72329,1000000,1000000
2018-01-25 06:57:05.141000,7.72495,7.72317,1000000,1000000
2018-01-25 06:57:05.445000,7.72482,7.72304,1000000,1000000
2018-01-25 06:57:08.137000,7.7247,7.72292,1000000,1000000
2018-01-25 06:57:08.453000,7.72439,7.72261,1000000,1000000
2018-01-25 06:57:09.414000,7.72451,7.72273,1000000,1000000
2018-01-25 06:57:10.433000,7.72433,7.72255,1000000,1000000
2018-01-25 06:57:11.567000,7.72444,7.72268,1000000,1000000
2018-01-25 06:57:12.587000,7.72483,7.72307,1000000,1000000
2018-01-25 06:57:12.691000,7.72508,7.7233,1000000,1000000
2018-01-25 06:57:12.742000,7.72508,7.72332,1000000,1000000
2018-01-25 06:57:12.794000,7.72546,7.72368,1000000,1000000
2018-01-25 06:57:12.922000,7.72558,7.7238,1000000,1000000
2018-01-25 06:57:13.348000,7.72571,7.72392,1000000,1000000
2018-01-25 06:57:13.877000,7.72557,7.72381,1000000,1000000
2018-01-25 06:57:14.848000,7.72546,7.72368,1000000,1000000
2018-01-25 06:57:14.902000,7.72533,7.72355,1000000,1000000
2018-01-25 06:57:16.848000,7.72515,7.72337,1000000,1000000
2018-01-25 06:57:17.202000,7.72464,7.72288,1000000,1000000
2018-01-25 06:57:18.190000,7.72445,7.72267,1000000,1000000
2018-01-25 06:57:18.292000,7.7246,7.72282,1000000,1000000
2018-01-25 06:57:19.106000,7.72472,7.72296,1000000,1000000
2018-01-25 06:57:20.922000,7.7246,7.72282,1000000,1000000
2018-01-25 06:57:27.393000,7.72448,7.7227,1000000,1000000
2018-01-25 06:57:28.657000,7.72459,7.72283,1000000,1000000
2018-01-25 06:57:30.999000,7.72448,7.7227,1000000,1000000
2018-01-25 06:57:31.575000,7.7246,7.72282,1000000,1000000
2018-01-25 06:57:32.456000,7.72473,7.72295,1000000,1000000
2018-01-25 06:57:38.683000,7.72452,7.72274,1000000,1000000
2018-01-25 06:57:38.989000,7.7244,7.72262,1000000,1000000
2018-01-25 06:57:39.304000,7.72465,7.72287,1000000,1000000
2018-01-25 06:57:41.596000,7.72483,7.72305,1000000,1000000
2018-01-25 06:57:43.007000,7.72514,7.72336,1000000,1000000
2018-01-25 06:57:43.379000,7.72533,7.72355,1000000,1000000
2018-01-25 06:57:43.721000,7.72545,7.72367,1000000,1000000
2018-01-25 06:57:44.031000,7.72521,7.72343,1000000,1000000
2018-01-25 06:57:47.971000,7.72552,7.72374,1000000,1000000
2018-01-25 06:57:48.566000,7.72564,7.72386,1000000,1000000
2018-01-25 06:57:48.878000,7.726,7.72424,1000000,1000000
2018-01-25 06:57:50.109000,7.72589,7.72411,1000000,1000000
2018-01-25 06:57:52.043000,7.72561,7.72383,1000000,1000000
2018-01-25 06:57:52.964000,7.72574,7.72395,1000000,1000000
2018-01-25 06:57:55.697000,7.72561,7.72383,1000000,1000000
2018-01-25 06:57:56.365000,7.72573,7.72396,1000000,1000000
2018-01-25 06:57:56.421000,7.72586,7.72408,1000000,1000000
2018-01-25 06:57:57.025000,7.72598,7.7242,1000000,1000000
2018-01-25 06:57:57.473000,7.72611,7.72433,1000000,1000000
2018-01-25 06:57:58.453000,7.72622,7.72446,1000000,1000000
2018-01-25 06:57:59.522000,7.72647,7.72471,1000000,1000000
2018-01-25 06:58:00.244000,7.72629,7.72451,1000000,1000000
2018-01-25 06:58:00.347000,7.72641,7.72465,1000000,1000000
2018-01-25 06:58:01.330000,7.72628,7.7245,1000000,1000000
2018-01-25 06:58:09.629000,7.72659,7.72481,1000000,1000000
2018-01-25 06:58:09.948000,7.72672,7.72494,1000000,1000000
2018-01-25 06:58:20.872000,7.72692,7.72514,1000000,1000000
2018-01-25 06:58:21.392000,7.72676,7.72498,1000000,1000000
2018-01-25 06:58:25.747000,7.72657,7.72479,1000000,1000000
2018-01-25 06:58:27.489000,7.72669,7.72491,1000000,1000000
2018-01-25 06:58:27.875000,7.72676,7.72498,1000000,1000000
2018-01-25 06:58:28.362000,7.72663,7.72485,1000000,1000000
2018-01-25 06:58:33.107000,7.72652,7.72474,1000000,1000000
2018-01-25 06:58:33.463000,7.72639,7.72461,1000000,1000000
2018-01-25 06:58:33.875000,7.72627,7.72449,1000000,1000000
2018-01-25 06:58:38.428000,7.72615,7.72436,1000000,1000000
2018-01-25 06:58:38.607000,7.72602,7.72424,1000000,1000000
2018-01-25 06:58:38.915000,7.72589,7.72413,1000000,1000000
2018-01-25 06:58:39.313000,7.72576,7.724,1000000,1000000
2018-01-25 06:58:39.880000,7.72559,7.72381,1000000,1000000
2018-01-25 06:58:41.466000,7.7254,7.72362,1000000,1000000
2018-01-25 06:58:41.772000,7.7249,7.72312,1000000,1000000
2018-01-25 06:58:44.261000,7.72503,7.72325,1000000,1000000
2018-01-25 06:58:45.051000,7.72515,7.72337,1000000,1000000
2018-01-25 06:58:45.154000,7.72528,7.72349,1000000,1000000
2018-01-25 06:58:45.508000,7.72515,7.72337,1000000,1000000
2018-01-25 06:58:46.989000,7.72496,7.72318,1000000,1000000
2018-01-25 06:58:48.567000,7.72506,7.72328,1000000,1000000
2018-01-25 06:58:55.573000,7.72491,7.72313,1000000,1000000
2018-01-25 06:58:58.816000,7.72472,7.72296,1000000,1000000
2018-01-25 06:59:00.104000,7.72486,7.72308,1000000,1000000
2018-01-25 06:59:06.552000,7.72467,7.72291,1000000,1000000
2018-01-25 06:59:08.448000,7.72424,7.72246,1000000,1000000
2018-01-25 06:59:11.662000,7.72406,7.72228,1000000,1000000
2018-01-25 06:59:18.086000,7.72424,7.72246,1000000,1000000
2018-01-25 06:59:18.412000,7.72399,7.72221,1000000,1000000
2018-01-25 06:59:18.741000,7.72387,7.72209,1000000,1000000
2018-01-25 06:59:19.392000,7.72375,7.72197,1000000,1000000
2018-01-25 06:59:20.358000,7.72361,7.72185,1000000,1000000
2018-01-25 06:59:20.461000,7.72337,7.72159,1000000,1000000
2018-01-25 06:59:25.068000,7.72356,7.72178,1000000,1000000
2018-01-25 06:59:27.146000,7.72331,7.72158,1000000,1000000
2018-01-25 06:59:27.196000,7.72331,7.72153,1000000,1000000
2018-01-25 06:59:27.298000,7.72319,7.72141,1000000,1000000
2018-01-25 06:59:28.871000,7.72306,7.72128,1000000,1000000
2018-01-25 06:59:29.663000,7.72281,7.72104,1000000,1000000
2018-01-25 06:59:29.764000,7.72269,7.72091,1000000,1000000
2018-01-25 06:59:30.456000,7.72257,7.72079,1000000,1000000
2018-01-25 06:59:30.793000,7.72232,7.72054,1000000,1000000
2018-01-25 06:59:31.937000,7.72218,7.7204,1000000,1000000
2018-01-25 06:59:33.281000,7.72199,7.72021,1000000,1000000
2018-01-25 06:59:33.610000,7.72162,7.71984,1000000,1000000
2018-01-25 06:59:33.942000,7.7208,7.71904,1000000,1000000
2018-01-25 06:59:33.995000,7.72056,7.71872,1000000,1000000
2018-01-25 06:59:34.046000,7.7208,7.71898,1000000,1000000
2018-01-25 06:59:35.991000,7.72094,7.71909,1000000,1000000
2018-01-25 06:59:36.262000,7.72106,7.71922,1000000,1000000
2018-01-25 06:59:36.580000,7.72131,7.71947,1000000,1000000
2018-01-25 06:59:36.950000,7.72149,7.71972,1000000,1000000
2018-01-25 06:59:37.001000,7.72162,7.71984,1000000,1000000
2018-01-25 06:59:37.271000,7.72142,7.71966,1000000,1000000
2018-01-25 06:59:37.725000,7.72156,7.71978,1000000,1000000
2018-01-25 06:59:37.980000,7.72143,7.71965,1000000,1000000
2018-01-25 06:59:38.288000,7.72179,7.72004,1000000,1000000
2018-01-25 06:59:38.716000,7.72168,7.7199,1000000,1000000
2018-01-25 06:59:39.650000,7.72149,7.71972,1000000,1000000
2018-01-25 06:59:40.926000,7.72136,7.7196,1000000,1000000
2018-01-25 06:59:41.028000,7.72149,7.71972,1000000,1000000
2018-01-25 06:59:41.509000,7.72161,7.71985,1000000,1000000
2018-01-25 06:59:42.094000,7.72148,7.71973,1000000,1000000
2018-01-25 06:59:42.146000,7.72136,7.7196,1000000,1000000
2018-01-25 06:59:42.300000,7.72156,7.71978,1000000,1000000
2018-01-25 06:59:43.229000,7.72167,7.71991,1000000,1000000
2018-01-25 06:59:43.335000,7.7218,7.72003,1000000,1000000
2018-01-25 06:59:43.549000,7.72193,7.72015,1000000,1000000
2018-01-25 06:59:43.651000,7.7223,7.72052,1000000,1000000
2018-01-25 06:59:43.962000,7.72243,7.72065,1000000,1000000
2018-01-25 06:59:45.550000,7.7223,7.72052,1000000,1000000
2018-01-25 06:59:46.786000,7.72243,7.72065,1000000,1000000
2018-01-25 06:59:48.554000,7.7223,7.72052,1000000,1000000
2018-01-25 06:59:48.875000,7.72243,7.72065,1000000,1000000
2018-01-25 06:59:50.342000,7.72224,7.72046,1000000,1000000
2018-01-25 06:59:51.862000,7.72242,7.72066,1000000,1000000
2018-01-25 06:59:51.964000,7.72261,7.72083,1000000,1000000
2018-01-25 06:59:53.148000,7.72249,7.72071,1000000,1000000
2018-01-25 06:59:57.864000,7.72267,7.72089,1000000,1000000
2018-01-25 06:59:59.161000,7.7228,7.72102,1000000,1000000
2018-01-25 06:59:59.686000,7.72305,7.72127,1000000,1000000
2018-01-25 07:00:00.340000,7.72335,7.72166,1000000,1000000
2018-01-25 07:00:00.534000,7.72348,7.72178,1000000,1000000
2018-01-25 07:00:00.737000,7.7236,7.72191,1000000,1000000
2018-01-25 07:00:00.840000,7.72379,7.72209,1000000,1000000
2018-01-25 07:00:01.343000,7.72351,7.72179,1000000,1000000
2018-01-25 07:00:04.573000,7.72383,7.72221,1000000,1000000
2018-01-25 07:00:04.624000,7.72393,7.72221,1000000,1000000
2018-01-25 07:00:04.675000,7.72416,7.72245,1000000,1000000
2018-01-25 07:00:04.776000,7.72427,7.72255,1000000,1000000
2018-01-25 07:00:07.963000,7.72446,7.72274,1000000,1000000
2018-01-25 07:00:08.273000,7.72458,7.72286,1000000,1000000
2018-01-25 07:00:08.720000,7.72469,7.72298,1000000,1000000
2018-01-25 07:00:09.065000,7.72479,7.7231,1000000,1000000
2018-01-25 07:00:09.331000,7.72468,7.72296,1000000,1000000
2018-01-25 07:00:09.738000,7.72456,7.72284,1000000,1000000
2018-01-25 07:00:11.500000,7.72468,7.72296,1000000,1000000
2018-01-25 07:00:11.804000,7.7248,7.72309,1000000,1000000
2018-01-25 07:00:13.071000,7.72496,7.72324,1000000,1000000
2018-01-25 07:00:15.637000,7.72508,7.72337,1000000,1000000
2018-01-25 07:00:17.137000,7.72471,7.723,1000000,1000000
2018-01-25 07:00:17.343000,7.72496,7.72306,1000000,1000000
2018-01-25 07:00:17.445000,7.72502,7.72331,1000000,1000000
2018-01-25 07:00:17.955000,7.72518,7.7235,1000000,1000000
2018-01-25 07:00:18.345000,7.72518,7.72363,1000000,1000000
2018-01-25 07:00:18.552000,7.72561,7.72396,1000000,1000000
2018-01-25 07:00:18.603000,7.72565,7.72396,1000000,1000000
2018-01-25 07:00:20.079000,7.7258,7.72408,1000000,1000000
2018-01-25 07:00:25.770000,7.72568,7.72396,1000000,1000000
2018-01-25 07:00:28.046000,7.72586,7.72415,1000000,1000000
2018-01-25 07:00:29.617000,7.72605,7.72433,1000000,1000000
2018-01-25 07:00:29.669000,7.72616,7.72447,1000000,1000000
2018-01-25 07:00:29.924000,7.72648,7.72477,1000000,1000000
2018-01-25 07:00:29.975000,7.72673,7.72502,1000000,1000000
2018-01-25 07:00:30.078000,7.72649,7.72477,1000000,1000000
2018-01-25 07:00:30.411000,7.72692,7.7252,1000000,1000000
2018-01-25 07:00:33.627000,7.72673,7.72502,1000000,1000000
2018-01-25 07:00:34.498000,7.72673,7.72512,1000000,1000000
2018-01-25 07:00:34.653000,7.72689,7.72522,1000000,1000000
2018-01-25 07:00:34.755000,7.72689,7.72533,1000000,1000000
2018-01-25 07:00:34.823000,7.72689,7.72522,1000000,1000000
2018-01-25 07:00:35.348000,7.72689,7.72517,1000000,1000000
2018-01-25 07:00:35.399000,7.72672,7.72513,1000000,1000000
2018-01-25 07:00:35.500000,7.72687,7.72515,1000000,1000000
2018-01-25 07:00:37.835000,7.72707,7.72499,1000000,1000000
2018-01-25 07:00:37.886000,7.72718,7.72499,1000000,1000000
2018-01-25 07:00:38.362000,7.72717,7.72483,1000000,1000000
2018-01-25 07:00:38.903000,7.72717,7.72482,1000000,1000000
2018-01-25 07:00:38.970000,7.72717,7.72494,1000000,1000000
2018-01-25 07:00:40.020000,7.72718,7.72485,1000000,1000000
2018-01-25 07:00:40.336000,7.72718,7.72483,1000000,1000000
2018-01-25 07:00:41.242000,7.72713,7.72476,1000000,1000000
2018-01-25 07:00:41.292000,7.72717,7.7248,1500000,1000000
2018-01-25 07:00:43.182000,7.72713,7.72476,1000000,1000000
2018-01-25 07:00:43.665000,7.72708,7.72473,1000000,1000000
2018-01-25 07:00:43.770000,7.72706,7.72469,1000000,1000000
2018-01-25 07:00:43.821000,7.72711,7.72474,1000000,1000000
2018-01-25 07:00:43.974000,7.72707,7.72463,1000000,1000000
2018-01-25 07:00:45.099000,7.72717,7.72462,1500000,1000000
2018-01-25 07:00:45.151000,7.72783,7.72569,2250000,1000000
2018-01-25 07:00:45.488000,7.72845,7.72641,1000000,1000000
2018-01-25 07:00:45.540000,7.7285,7.7263,1000000,1000000
2018-01-25 07:00:45.591000,7.72826,7.72613,1000000,1000000
2018-01-25 07:00:45.643000,7.72801,7.72564,1000000,1000000
2018-01-25 07:00:45.694000,7.72807,7.72594,1050000,1600000
2018-01-25 07:00:45.848000,7.73063,7.7278,1000000,1000000
2018-01-25 07:00:45.900000,7.73097,7.72823,1000000,1000000
2018-01-25 07:00:45.951000,7.73088,7.72804,1000000,1000000
2018-01-25 07:00:46.002000,7.73073,7.72803,1000000,1000000
2018-01-25 07:00:46.054000,7.73078,7.72803,1000000,1000000
2018-01-25 07:00:46.105000,7.73078,7.72773,1000000,1000000
2018-01-25 07:00:46.157000,7.73027,7.72792,1000000,1000000
2018-01-25 07:00:46.260000,7.73173,7.72841,1000000,1000000
2018-01-25 07:00:46.312000,7.73162,7.72848,1000000,1000000
2018-01-25 07:00:46.406000,7.73182,7.72867,1120000,1000000
2018-01-25 07:00:46.457000,7.73223,7.72893,1000000,1000000
2018-01-25 07:00:46.509000,7.73243,7.72978,1000000,1000000
2018-01-25 07:00:46.560000,7.73258,7.72917,1000000,1000000
2018-01-25 07:00:46.662000,7.73286,7.72917,1120000,1000000
2018-01-25 07:00:46.865000,7.73352,7.72939,1370000,1370000
2018-01-25 07:00:46.967000,7.73408,7.73025,1370000,1000000
2018-01-25 07:00:47.276000,7.73443,7.73041,1750000,1000000
2018-01-25 07:00:47.377000,7.73384,7.73025,1000000,1000000
2018-01-25 07:00:47.428000,7.73392,7.73025,1000000,1000000
2018-01-25 07:00:47.530000,7.73366,7.73025,1000000,1000000
2018-01-25 07:00:47.753000,7.73376,7.73027,1000000,1000000
2018-01-25 07:00:47.861000,7.73408,7.73026,1560000,1000000
2018-01-25 07:00:47.913000,7.73384,7.73036,1000000,1000000
2018-01-25 07:00:48.065000,7.73491,7.73082,1370000,1000000
2018-01-25 07:00:48.116000,7.73478,7.73129,1370000,1000000
2018-01-25 07:00:48.169000,7.73471,7.73122,1370000,1000000
2018-01-25 07:00:48.220000,7.73465,7.73117,1370000,1000000
2018-01-25 07:00:48.272000,7.73472,7.7314,1000000,1000000
2018-01-25 07:00:48.323000,7.73499,7.7315,1000000,1000000
2018-01-25 07:00:48.374000,7.73509,7.7316,1370000,1000000
2018-01-25 07:00:48.684000,7.73528,7.73179,1000000,1000000
2018-01-25 07:00:48.735000,7.73572,7.73175,1560000,1190000
2018-01-25 07:00:48.787000,7.73561,7.73233,1000000,1000000
2018-01-25 07:00:49.270000,7.73561,7.73242,1000000,1000000
2018-01-25 07:00:49.372000,7.73621,7.73279,1370000,1000000
2018-01-25 07:00:49.423000,7.73621,7.73286,1370000,1000000
2018-01-25 07:00:50.133000,7.73621,7.73287,1370000,1000000
2018-01-25 07:00:50.358000,7.73621,7.73281,1370000,1000000
2018-01-25 07:00:50.461000,7.7363,7.73291,1000000,1000000
2018-01-25 07:00:50.612000,7.7362,7.73306,1000000,1000000
2018-01-25 07:00:51.537000,7.73618,7.73305,1000000,1000000
2018-01-25 07:00:51.690000,7.73624,7.73275,1000000,1000000
2018-01-25 07:00:51.741000,7.73612,7.73291,1000000,1000000
2018-01-25 07:00:51.792000,7.73604,7.73271,1000000,1000000
2018-01-25 07:00:51.944000,7.73591,7.73278,1000000,1000000
2018-01-25 07:00:52.494000,7.7359,7.73277,1000000,1000000
2018-01-25 07:00:52.545000,7.73638,7.73225,1000000,1000000
2018-01-25 07:00:52.596000,7.73651,7.73244,1000000,1000000
2018-01-25 07:00:52.779000,7.73654,7.73245,1000000,1000000
2018-01-25 07:00:52.831000,7.73662,7.73253,1000000,1000000
2018-01-25 07:00:52.882000,7.73664,7.73222,1000000,1940000
2018-01-25 07:00:52.985000,7.73664,7.73222,1000000,1500000
2018-01-25 07:00:53.138000,7.73662,7.73222,1000000,1500000
2018-01-25 07:00:53.394000,7.73667,7.73222,1000000,1500000
2018-01-25 07:00:53.445000,7.73672,7.73222,1000000,1500000
2018-01-25 07:00:53.497000,7.73643,7.73229,1000000,1120000
2018-01-25 07:00:53.550000,7.73689,7.73223,1370000,1370000
2018-01-25 07:00:53.602000,7.73657,7.73258,1000000,1000000
2018-01-25 07:00:53.653000,7.73725,7.73189,1750000,1370000
2018-01-25 07:00:53.704000,7.73623,7.73312,1000000,1000000
2018-01-25 07:00:53.754000,7.73725,7.73213,1750000,1120000
2018-01-25 07:00:53.805000,7.73725,7.73213,1940000,1560000
2018-01-25 07:00:53.856000,7.73629,7.73276,1000000,1000000
2018-01-25 07:00:54.008000,7.73625,7.73273,1000000,1000000
2018-01-25 07:00:54.361000,7.73783,7.73443,1370000,1000000
2018-01-25 07:00:54.413000,7.73763,7.73397,1000000,1000000
2018-01-25 07:00:54.464000,7.7374,7.73394,1000000,1000000
2018-01-25 07:00:54.516000,7.73725,7.73353,1000000,1000000
2018-01-25 07:00:54.567000,7.73714,7.7334,1000000,1370000
2018-01-25 07:00:54.721000,7.73735,7.73331,1000000,1000000
2018-01-25 07:00:54.772000,7.73758,7.73299,1370000,1000000
2018-01-25 07:00:54.824000,7.73755,7.73321,1370000,1000000
2018-01-25 07:00:54.875000,7.73746,7.73288,1000000,1000000
2018-01-25 07:00:54.927000,7.7368,7.73296,1000000,1000000
2018-01-25 07:00:54.978000,7.73735,7.73275,1370000,1000000
2018-01-25 07:00:55.234000,7.738,7.73418,1370000,1970000
2018-01-25 07:00:55.338000,7.73883,7.73541,1370000,1000000
2018-01-25 07:00:55.391000,7.73882,7.73557,1000000,1190000
2018-01-25 07:00:55.443000,7.73842,7.73493,1000000,1370000
2018-01-25 07:00:55.530000,7.73833,7.73484,1000000,1940000
2018-01-25 07:00:55.582000,7.73805,7.73424,1000000,1000000
2018-01-25 07:00:55.634000,7.73803,7.73444,1000000,1000000
2018-01-25 07:00:55.787000,7.7381,7.73372,1000000,1500000
2018-01-25 07:00:55.839000,7.73779,7.73412,1000000,1000000
2018-01-25 07:00:56.044000,7.73761,7.73328,1000000,1750000
2018-01-25 07:00:56.096000,7.73723,7.73359,1000000,1000000
2018-01-25 07:00:56.148000,7.73716,7.73347,1000000,1000000
2018-01-25 07:00:56.200000,7.73743,7.73357,1000000,1000000
2018-01-25 07:00:56.251000,7.73744,7.7333,1000000,1000000
2018-01-25 07:00:56.405000,7.73728,7.73373,1000000,1000000
2018-01-25 07:00:56.742000,7.73579,7.73472,1000000,1000000
2018-01-25 07:00:57.083000,7.73611,7.73504,1000000,1000000
2018-01-25 07:00:57.228000,7.73595,7.73487,1000000,1000000
2018-01-25 07:00:58.707000,7.73563,7.73458,1000000,1000000
2018-01-25 07:00:58.810000,7.73541,7.73435,1000000,1000000
2018-01-25 07:00:58.913000,7.73523,7.73416,1000000,1000000
2018-01-25 07:00:59.016000,7.73539,7.73432,1000000,1000000
2018-01-25 07:00:59.362000,7.73557,7.73452,1000000,1000000
2018-01-25 07:01:00.068000,7.73535,7.73428,1000000,1000000
2018-01-25 07:01:00.171000,7.73514,7.73323,1000000,1220000
2018-01-25 07:01:00.273000,7.73464,7.73314,1000000,1200000
2018-01-25 07:01:00.325000,7.73368,7.73153,1000000,1000000
2018-01-25 07:01:00.376000,7.73276,7.73153,1000000,1000000
2018-01-25 07:01:00.428000,7.7324,7.73103,1000000,1000000
2018-01-25 07:01:00.480000,7.73207,7.73103,1000000,1000000
2018-01-25 07:01:00.532000,7.73195,7.73083,1000000,1000000
2018-01-25 07:01:00.647000,7.73163,7.73083,1000000,1000000
2018-01-25 07:01:00.699000,7.73099,7.72962,1000000,1000000
2018-01-25 07:01:00.750000,7.73079,7.72942,1000000,1000000
2018-01-25 07:01:00.801000,7.73047,7.72902,1000000,1000000
2018-01-25 07:01:00.853000,7.73022,7.72892,1000000,1000000
2018-01-25 07:01:01.058000,7.72982,7.72844,1000000,1000000
2018-01-25 07:01:01.109000,7.72982,7.72802,1000000,1000000
2018-01-25 07:01:01.212000,7.72936,7.72802,1000000,1000000
2018-01-25 07:01:01.315000,7.72936,7.72732,1000000,1000000
2018-01-25 07:01:01.469000,7.72894,7.72733,1000000,1000000
2018-01-25 07:01:01.776000,7.72842,7.72682,1000000,1000000
2018-01-25 07:01:01.983000,7.72854,7.72682,1000000,1000000
2018-01-25 07:01:02.034000,7.72846,7.72682,1000000,1000000
2018-01-25 07:01:02.341000,7.72764,7.72622,1000000,1000000
2018-01-25 07:01:02.653000,7.72725,7.72623,1000000,1000000
2018-01-25 07:01:02.705000,7.72732,7.72623,1000000,1000000
2018-01-25 07:01:02.757000,7.72732,7.72572,1000000,1000000
2018-01-25 07:01:02.912000,7.72757,7.72572,1000000,1000000
2018-01-25 07:01:03.014000,7.72711,7.72572,1000000,1000000
2018-01-25 07:01:03.323000,7.72679,7.72562,1000000,1000000
2018-01-25 07:01:03.428000,7.72696,7.72562,1000000,1000000
2018-01-25 07:01:03.632000,7.72703,7.72562,1000000,1000000
2018-01-25 07:01:03.891000,7.72695,7.72562,1000000,1000000
2018-01-25 07:01:04.055000,7.72695,7.72532,1000000,1000000
2018-01-25 07:01:04.310000,7.7266,7.72532,1000000,1000000
2018-01-25 07:01:04.438000,7.7267,7.72532,1000000,1000000
2018-01-25 07:01:04.543000,7.72659,7.72532,1000000,1000000
2018-01-25 07:01:04.884000,7.72632,7.72532,1000000,1000000
2018-01-25 07:01:04.935000,7.72634,7.72532,1000000,1000000
2018-01-25 07:01:05.038000,7.7262,7.72532,1000000,1000000
2018-01-25 07:01:05.343000,7.72615,7.72533,1000000,1000000
2018-01-25 07:01:05.498000,7.72628,7.72532,1000000,1000000
2018-01-25 07:01:05.549000,7.72628,7.72502,1000000,1000000
2018-01-25 07:01:05.713000,7.72628,7.72502,1000000,1600000
2018-01-25 07:01:05.765000,7.7274,7.72633,1200000,1000000
2018-01-25 07:01:05.818000,7.7274,7.72703,1200000,1000000
2018-01-25 07:01:05.869000,7.72794,7.72722,1000000,1000000
2018-01-25 07:01:05.923000,7.72794,7.72738,1000000,1000000
2018-01-25 07:01:05.975000,7.72862,7.72738,1000000,1000000
2018-01-25 07:01:06.026000,7.72889,7.72777,1000000,1000000
2018-01-25 07:01:07.218000,7.72866,7.72758,1000000,1000000
2018-01-25 07:01:07.554000,7.72881,7.72774,1000000,1000000
2018-01-25 07:01:08.972000,7.72866,7.72761,1000000,1000000
2018-01-25 07:01:09.126000,7.72854,7.72746,1000000,1000000
2018-01-25 07:01:09.230000,7.72776,7.72669,1000000,1000000
2018-01-25 07:01:09.333000,7.72671,7.72561,1000000,1000000
2018-01-25 07:01:09.436000,7.72643,7.72537,1000000,1000000
2018-01-25 07:01:10.827000,7.72663,7.72556,1000000,1000000
2018-01-25 07:01:10.932000,7.72676,7.72568,1000000,1000000
2018-01-25 07:01:11.035000,7.72688,7.72581,1000000,1000000
2018-01-25 07:01:13.624000,7.72688,7.72582,1000000,1000000
2018-01-25 07:01:14.130000,7.72688,7.72581,1000000,1000000
2018-01-25 07:01:14.232000,7.72673,7.72565,1000000,1000000
2018-01-25 07:01:14.334000,7.72673,7.72582,1000000,1000000
2018-01-25 07:01:14.385000,7.72673,7.72565,1000000,1000000
2018-01-25 07:01:14.436000,7.72685,7.72582,1000000,1000000
2018-01-25 07:01:14.735000,7.72685,7.72578,1000000,1000000
2018-01-25 07:01:15.602000,7.72697,7.7259,1000000,1000000
2018-01-25 07:01:15.929000,7.72721,7.72632,1000000,1000000
2018-01-25 07:01:16.033000,7.72721,7.72614,1000000,1000000
2018-01-25 07:01:17.540000,7.72721,7.72632,1000000,1000000
2018-01-25 07:01:17.592000,7.7274,7.72633,1000000,1000000
2018-01-25 07:01:17.643000,7.7274,7.72652,1000000,1000000
2018-01-25 07:01:17.843000,7.72757,7.72652,1000000,1000000
2018-01-25 07:01:18.113000,7.72757,7.72649,1000000,1000000
2018-01-25 07:01:19.800000,7.72757,7.72652,1000000,1000000
2018-01-25 07:01:19.851000,7.72757,7.72649,1000000,1000000
2018-01-25 07:01:20.018000,7.72745,7.72638,1000000,1000000
2018-01-25 07:01:20.171000,7.72711,7.72603,1000000,1000000
2018-01-25 07:01:20.222000,7.72692,7.72585,1000000,1000000
2018-01-25 07:01:20.562000,7.72703,7.72612,1000000,1000000
2018-01-25 07:01:20.614000,7.7274,7.72632,1000000,1000000
2018-01-25 07:01:21.078000,7.72718,7.72611,1000000,1000000
2018-01-25 07:01:21.439000,7.72705,7.72599,1000000,1000000
2018-01-25 07:01:21.490000,7.72815,7.7258,1220000,1000000
2018-01-25 07:01:21.542000,7.72835,7.72672,1420000,1000000
2018-01-25 07:01:21.594000,7.72835,7.72673,1200000,1000000
2018-01-25 07:01:21.646000,7.72937,7.72672,1000000,1000000
2018-01-25 07:01:21.697000,7.72967,7.72672,1000000,1000000
2018-01-25 07:01:21.749000,7.72996,7.72674,1000000,1000000
2018-01-25 07:01:21.850000,7.72996,7.727,1000000,1000000
2018-01-25 07:01:21.952000,7.72981,7.72667,1000000,1000000
2018-01-25 07:01:22.003000,7.72981,7.72703,1000000,1000000
2018-01-25 07:01:22.131000,7.73138,7.7282,1000000,1370000
2018-01-25 07:01:22.182000,7.73138,7.72828,1000000,1000000
2018-01-25 07:01:22.283000,7.73106,7.72784,1000000,1000000
2018-01-25 07:01:22.334000,7.73084,7.72773,1000000,1000000
2018-01-25 07:01:22.385000,7.73052,7.7273,1000000,1000000
2018-01-25 07:01:22.437000,7.73052,7.72728,1000000,1000000
2018-01-25 07:01:22.591000,7.73064,7.72727,1000000,1000000
2018-01-25 07:01:22.642000,7.73064,7.72741,1000000,1000000
2018-01-25 07:01:22.694000,7.73138,7.72773,1000000,1000000
2018-01-25 07:01:23.577000,7.73138,7.72773,1370000,1000000
2018-01-25 07:01:24.485000,7.73138,7.72787,1370000,1000000
2018-01-25 07:01:24.817000,7.73124,7.72787,1000000,1000000
2018-01-25 07:01:24.869000,7.73138,7.72787,1370000,1000000
2018-01-25 07:01:25.024000,7.73138,7.72787,1000000,1000000
2018-01-25 07:01:25.848000,7.73138,7.72814,1000000,1000000
2018-01-25 07:01:26.193000,7.73138,7.72816,1000000,1000000
2018-01-25 07:01:26.832000,7.73138,7.72839,1000000,1000000
2018-01-25 07:01:27.217000,7.7315,7.72849,1000000,1000000
2018-01-25 07:01:27.323000,7.73157,7.72832,1000000,1000000
2018-01-25 07:01:27.891000,7.73156,7.72832,1000000,1000000
2018-01-25 07:01:28.578000,7.73157,7.72872,1000000,1000000
2018-01-25 07:01:29.373000,7.73175,7.72872,1000000,1000000
2018-01-25 07:01:29.526000,7.73193,7.72862,1370000,1000000
2018-01-25 07:01:29.577000,7.73193,7.72856,1000000,1000000
2018-01-25 07:01:29.628000,7.73213,7.72856,1000000,1000000
2018-01-25 07:01:29.679000,7.73213,7.7286,1000000,1000000
2018-01-25 07:01:29.933000,7.73219,7.7286,1000000,1500000
2018-01-25 07:01:30.028000,7.73219,7.72868,1000000,1000000
2018-01-25 07:01:30.348000,7.73219,7.72885,1000000,1000000
2018-01-25 07:01:30.451000,7.7325,7.72885,1000000,1000000
2018-01-25 07:01:30.502000,7.7325,7.72889,1000000,1000000
2018-01-25 07:01:30.837000,7.73268,7.7291,1000000,1000000
2018-01-25 07:01:30.940000,7.73299,7.72936,1000000,1000000
2018-01-25 07:01:30.992000,7.73299,7.72951,1000000,1000000
2018-01-25 07:01:31.250000,7.73368,7.73018,1000000,1000000
2018-01-25 07:01:31.411000,7.73399,7.73034,1000000,1000000
2018-01-25 07:01:31.515000,7.73417,7.73054,1000000,1000000
2018-01-25 07:01:31.824000,7.73475,7.7311,1370000,1000000
2018-01-25 07:01:31.875000,7.73475,7.7311,1000000,1000000
2018-01-25 07:01:31.989000,7.73497,7.73132,1000000,1000000
2018-01-25 07:01:32.295000,7.73509,7.73144,1370000,1000000
2018-01-25 07:01:32.605000,7.73521,7.73158,1370000,1000000
2018-01-25 07:01:32.801000,7.73521,7.73158,1000000,1000000
2018-01-25 07:01:32.905000,7.73547,7.73175,1000000,1000000
2018-01-25 07:01:33.109000,7.73578,7.73207,1000000,1000000
2018-01-25 07:01:33.458000,7.73609,7.73238,1000000,1000000
2018-01-25 07:01:33.764000,7.73584,7.73213,1000000,1000000
2018-01-25 07:01:33.938000,7.73572,7.732,1000000,1000000
2018-01-25 07:01:34.329000,7.73584,7.73213,1000000,1000000
2018-01-25 07:01:34.635000,7.7359,7.73225,1000000,1000000
2018-01-25 07:01:34.943000,7.73553,7.73197,1000000,1000000
2018-01-25 07:01:34.994000,7.73553,7.73188,1000000,1000000
2018-01-25 07:01:35.097000,7.73583,7.7322,1000000,1000000
2018-01-25 07:01:36,7.73584,7.73219,1000000,1000000
2018-01-25 07:01:36.347000,7.73584,7.73218,1370000,1000000
2018-01-25 07:01:36.718000,7.73584,7.73222,1370000,1000000
2018-01-25 07:01:37.036000,7.73571,7.73222,1000000,1000000
2018-01-25 07:01:37.837000,7.73552,7.73222,1000000,1000000
2018-01-25 07:01:37.941000,7.73595,7.7325,1000000,1000000
2018-01-25 07:01:37.992000,7.73615,7.7325,1000000,1000000
2018-01-25 07:01:38.044000,7.73633,7.73268,1000000,1000000
2018-01-25 07:01:39.471000,7.73645,7.73281,1000000,1000000
2018-01-25 07:01:39.777000,7.73627,7.73278,1000000,1000000
2018-01-25 07:01:39.879000,7.73607,7.73244,1000000,1000000
2018-01-25 07:01:39.980000,7.73577,7.73222,1000000,1000000
2018-01-25 07:01:40.321000,7.73608,7.73259,1500000,1000000
2018-01-25 07:01:40.628000,7.7364,7.73274,1000000,1000000
2018-01-25 07:01:40.679000,7.73652,7.73287,1500000,1000000
2018-01-25 07:01:41.021000,7.73639,7.7328,1000000,1000000
2018-01-25 07:01:41.366000,7.73646,7.73281,1000000,1000000
2018-01-25 07:01:41.416000,7.73646,7.73287,1000000,1000000
2018-01-25 07:01:41.589000,7.73646,7.73281,1000000,1000000
2018-01-25 07:01:41.640000,7.73664,7.733,1000000,1000000
2018-01-25 07:01:41.950000,7.73632,7.7329,1000000,1000000
2018-01-25 07:01:42.265000,7.73658,7.73293,1000000,1000000
2018-01-25 07:01:42.418000,7.73633,7.73294,1000000,1000000
2018-01-25 07:01:42.538000,7.73633,7.73274,1000000,1000000
2018-01-25 07:01:42.796000,7.73615,7.73274,1000000,1000000
2018-01-25 07:01:43.147000,7.73602,7.73253,1000000,1000000
2018-01-25 07:01:43.198000,7.73602,7.73237,1000000,1000000
2018-01-25 07:01:43.300000,7.73584,7.73218,1000000,1000000
2018-01-25 07:01:44.075000,7.73565,7.732,1000000,1000000
2018-01-25 07:01:44.377000,7.73546,7.73181,1000000,1000000
2018-01-25 07:01:44.913000,7.73559,7.73194,1000000,1000000
2018-01-25 07:01:45.352000,7.73559,7.73196,1000000,1000000
2018-01-25 07:01:45.751000,7.7357,7.73216,1000000,1000000
2018-01-25 07:01:46.061000,7.73558,7.73195,1000000,1000000
2018-01-25 07:01:46.214000,7.73558,7.73222,1000000,1000000
2018-01-25 07:01:46.862000,7.73546,7.73222,1000000,1000000
2018-01-25 07:01:47.201000,7.73521,7.73182,1000000,1000000
2018-01-25 07:01:47.253000,7.73503,7.73182,1000000,1000000
2018-01-25 07:01:47.305000,7.73503,7.73148,1000000,1000000
2018-01-25 07:01:47.725000,7.73484,7.73123,1000000,1000000
2018-01-25 07:01:47.776000,7.73471,7.73123,1000000,1000000
2018-01-25 07:01:48.004000,7.73471,7.73106,1000000,1000000
2018-01-25 07:01:48.507000,7.73471,7.73118,1000000,1000000
2018-01-25 07:01:48.844000,7.73459,7.73094,1000000,1000000
2018-01-25 07:01:48.895000,7.73447,7.73082,1000000,1000000
2018-01-25 07:01:49.199000,7.73471,7.73121,1000000,1000000
2018-01-25 07:01:49.527000,7.73459,7.73121,1000000,1000000
2018-01-25 07:01:49.838000,7.73447,7.73121,1000000,1000000
2018-01-25 07:01:50.411000,7.73447,7.73138,1000000,1000000
2018-01-25 07:01:51.728000,7.73459,7.73138,1000000,1000000
2018-01-25 07:01:51.957000,7.73466,7.73138,1000000,1000000
2018-01-25 07:01:52.159000,7.73459,7.73138,1000000,1000000
2018-01-25 07:01:53.963000,7.73447,7.73121,1500000,1000000
2018-01-25 07:01:54.017000,7.73447,7.73088,1000000,1000000
2018-01-25 07:01:54.173000,7.73427,7.73088,1000000,1000000
2018-01-25 07:01:54.571000,7.73427,7.73111,1000000,1000000
2018-01-25 07:01:54.755000,7.73439,7.73111,1370000,1000000
2018-01-25 07:01:55.340000,7.73427,7.73111,1000000,1000000
2018-01-25 07:01:55.907000,7.73427,7.73111,1370000,1000000
2018-01-25 07:01:56.503000,7.73433,7.73117,1370000,1000000
2018-01-25 07:01:56.823000,7.73453,7.73138,1870000,1000000
2018-01-25 07:01:57.353000,7.73441,7.73138,1000000,1000000
2018-01-25 07:01:57.455000,7.73453,7.73138,1870000,1000000
2018-01-25 07:01:57.609000,7.73441,7.7314,1000000,1000000
2018-01-25 07:01:57.711000,7.73451,7.7314,1370000,1000000
2018-01-25 07:01:57.879000,7.73449,7.73142,1370000,1000000
2018-01-25 07:01:57.980000,7.73483,7.73133,1370000,1000000
2018-01-25 07:01:58.082000,7.73458,7.73152,1370000,1000000
2018-01-25 07:01:58.234000,7.73458,7.73152,1000000,1000000
2018-01-25 07:02:00.077000,7.73478,7.73172,1000000,1000000
2018-01-25 07:02:00.232000,7.73509,7.73187,1000000,1000000
2018-01-25 07:02:00.284000,7.7355,7.73185,1370000,1000000
2018-01-25 07:02:00.501000,7.73554,7.73218,1370000,1000000
2018-01-25 07:02:00.552000,7.73554,7.73218,1000000,1000000
2018-01-25 07:02:00.965000,7.73554,7.73206,1000000,1000000
2018-01-25 07:02:01.068000,7.73554,7.73195,1000000,1000000
2018-01-25 07:02:01.119000,7.73516,7.73201,1000000,1000000
2018-01-25 07:02:01.445000,7.73497,7.73182,1000000,1000000
2018-01-25 07:02:01.777000,7.73501,7.73162,1000000,1000000
2018-01-25 07:02:01.828000,7.73501,7.73144,1000000,1000000
2018-01-25 07:02:01.879000,7.73501,7.7314,1370000,1000000
2018-01-25 07:02:02.032000,7.73478,7.73163,1000000,1000000
2018-01-25 07:02:02.952000,7.73488,7.73132,1000000,1000000
2018-01-25 07:02:03.003000,7.73468,7.73156,1000000,1000000
2018-01-25 07:02:03.972000,7.73481,7.73144,1000000,1000000
2018-01-25 07:02:04.024000,7.73476,7.73144,1000000,1000000
2018-01-25 07:02:04.075000,7.73467,7.731,1370000,1500000
2018-01-25 07:02:04.216000,7.7345,7.73088,1000000,1000000
2018-01-25 07:02:04.268000,7.73426,7.73088,1370000,1000000
2018-01-25 07:02:04.319000,7.73426,7.73063,1370000,1000000
2018-01-25 07:02:04.371000,7.73402,7.73063,1000000,1000000
2018-01-25 07:02:04.425000,7.73393,7.73044,1000000,1000000
2018-01-25 07:02:04.532000,7.7338,7.73019,1370000,1000000
2018-01-25 07:02:04.635000,7.73372,7.73007,1370000,1000000
2018-01-25 07:02:05.220000,7.73381,7.73013,1370000,1000000
2018-01-25 07:02:05.783000,7.73363,7.73037,1000000,1000000
2018-01-25 07:02:06.088000,7.7341,7.73109,1000000,1000000
2018-01-25 07:02:06.531000,7.7341,7.73119,1000000,1000000
2018-01-25 07:02:06.835000,7.73379,7.73132,1000000,1000000
2018-01-25 07:02:07.111000,7.7337,7.73085,1000000,1000000
2018-01-25 07:02:07.162000,7.73348,7.73114,1000000,1000000
2018-01-25 07:02:07.817000,7.73342,7.73121,1000000,1000000
2018-01-25 07:02:08.057000,7.73402,7.73136,1000000,1000000
2018-01-25 07:02:08.213000,7.73433,7.73139,1000000,1000000
2018-01-25 07:02:08.318000,7.7344,7.73132,1000000,1000000
2018-01-25 07:02:08.420000,7.7347,7.73132,1000000,1000000
2018-01-25 07:02:08.484000,7.73496,7.73126,1870000,1500000
2018-01-25 07:02:08.543000,7.73496,7.73168,1000000,1000000
2018-01-25 07:02:08.667000,7.73521,7.73168,1000000,1000000
2018-01-25 07:02:08.719000,7.73521,7.7318,1000000,1000000
2018-01-25 07:02:09.279000,7.7352,7.7318,1000000,1000000
2018-01-25 07:02:09.722000,7.73529,7.7318,1000000,1000000
2018-01-25 07:02:09.887000,7.73511,7.73186,1000000,1000000
2018-01-25 07:02:10.483000,7.73534,7.73198,1000000,1000000
2018-01-25 07:02:10.534000,7.73533,7.73185,1000000,1000000
2018-01-25 07:02:10.872000,7.73536,7.73185,1000000,1000000
2018-01-25 07:02:10.925000,7.73547,7.73194,1000000,1000000
2018-01-25 07:02:10.977000,7.73547,7.73218,1000000,1000000
2018-01-25 07:02:11.082000,7.73592,7.7325,1000000,1000000
2018-01-25 07:02:11.134000,7.73596,7.7325,1000000,1000000
2018-01-25 07:02:11.287000,7.73595,7.73268,1000000,1000000
2018-01-25 07:02:11.562000,7.73595,7.73256,1000000,1000000
2018-01-25 07:02:11.740000,7.73596,7.73275,1000000,1000000
2018-01-25 07:02:11.842000,7.73596,7.73256,1000000,1000000
2018-01-25 07:02:11.943000,7.73596,7.73244,1000000,1000000
2018-01-25 07:02:12.165000,7.73605,7.73244,1000000,1000000
2018-01-25 07:02:12.640000,7.73574,7.73259,1000000,1000000
2018-01-25 07:02:12.792000,7.73609,7.73246,1000000,1000000
2018-01-25 07:02:12.983000,7.73597,7.73246,1000000,1000000
2018-01-25 07:02:13.337000,7.7359,7.73275,1000000,1000000
2018-01-25 07:02:13.671000,7.73534,7.733,1000000,1000000
2018-01-25 07:02:14.089000,7.73523,7.73287,1000000,1000000
2018-01-25 07:02:15.889000,7.7355,7.73314,1000000,1000000
2018-01-25 07:02:16.202000,7.73581,7.73345,1000000,1000000
2018-01-25 07:02:16.509000,7.73611,7.73377,1000000,1000000
2018-01-25 07:02:17.723000,7.73631,7.73395,1000000,1000000
2018-01-25 07:02:17.774000,7.7365,7.73413,1000000,1000000
2018-01-25 07:02:17.929000,7.73674,7.73438,1000000,1000000
2018-01-25 07:02:18.301000,7.73658,7.73422,1000000,1000000
2018-01-25 07:02:18.568000,7.73615,7.73378,1000000,1000000
2018-01-25 07:02:18.670000,7.7359,7.73354,1000000,1000000
2018-01-25 07:02:19.097000,7.73602,7.73368,1000000,1000000
2018-01-25 07:02:21.010000,7.73628,7.73392,1000000,1000000
2018-01-25 07:02:21.411000,7.73603,7.73392,1370000,1000000
2018-01-25 07:02:21.463000,7.73555,7.73319,1970000,1000000
2018-01-25 07:02:21.514000,7.73555,7.73319,1600000,1000000
2018-01-25 07:02:21.565000,7.73533,7.73298,1000000,1000000
2018-01-25 07:02:21.667000,7.73497,7.73261,1000000,1000000
2018-01-25 07:02:21.795000,7.73513,7.73276,1000000,1000000
2018-01-25 07:02:22.103000,7.73525,7.73289,1000000,1000000
2018-01-25 07:02:22.469000,7.73513,7.73276,1000000,1000000
2018-01-25 07:02:22.785000,7.73489,7.73253,1000000,1000000
2018-01-25 07:02:23.129000,7.73508,7.73272,1000000,1000000
2018-01-25 07:02:24.240000,7.73521,7.73284,1000000,1000000
2018-01-25 07:02:24.727000,7.73533,7.73297,1000000,1000000
2018-01-25 07:02:25.032000,7.73589,7.73353,1000000,1000000
2018-01-25 07:02:25.381000,7.73651,7.73415,1000000,1000000
2018-01-25 07:02:26.575000,7.73639,7.73403,1000000,1000000
2018-01-25 07:02:26.948000,7.73626,7.7339,1000000,1000000
2018-01-25 07:02:27.744000,7.73608,7.73371,1000000,1000000
2018-01-25 07:02:27.852000,7.73594,7.7336,1000000,1000000
2018-01-25 07:02:28.190000,7.73608,7.73371,1000000,1000000
2018-01-25 07:02:28.417000,7.7362,7.73384,1000000,1000000
2018-01-25 07:02:29.026000,7.73582,7.73348,1000000,1000000
2018-01-25 07:02:29.221000,7.73595,7.73359,1000000,1000000
2018-01-25 07:02:29.578000,7.73564,7.73328,1000000,1000000
2018-01-25 07:02:30.023000,7.73578,7.73342,1000000,1000000
2018-01-25 07:02:31.038000,7.73562,7.73325,1000000,1000000
2018-01-25 07:02:31.140000,7.73542,7.73308,1000000,1000000
2018-01-25 07:02:31.242000,7.7353,7.73295,1000000,1000000
2018-01-25 07:02:31.395000,7.73518,7.73282,1000000,1000000
2018-01-25 07:02:31.498000,7.73506,7.73269,1000000,1000000
2018-01-25 07:02:32.565000,7.73492,7.73256,1000000,1000000
2018-01-25 07:02:32.874000,7.73505,7.73269,1000000,1000000
2018-01-25 07:02:33.193000,7.7353,7.73294,1000000,1000000
2018-01-25 07:02:33.554000,7.7351,7.73276,1000000,1000000
2018-01-25 07:02:33.967000,7.73509,7.73286,1000000,1000000
2018-01-25 07:02:34.166000,7.7349,7.73254,1000000,1000000
2018-01-25 07:02:34.217000,7.73478,7.73241,1000000,1000000
2018-01-25 07:02:34.525000,7.73459,7.73223,1000000,1000000
2018-01-25 07:02:35.090000,7.73471,7.73235,1000000,1000000
2018-01-25 07:02:35.293000,7.73509,7.73272,1000000,1000000
2018-01-25 07:02:35.345000,7.73494,7.73273,1000000,1000000
2018-01-25 07:02:35.623000,7.73509,7.73272,1000000,1000000
2018-01-25 07:02:35.740000,7.73501,7.7328,1000000,1000000
2018-01-25 07:02:37.102000,7.73506,7.73285,1000000,1000000
2018-01-25 07:02:37.153000,7.73532,7.73296,1000000,1000000
2018-01-25 07:02:37.204000,7.73512,7.73296,1000000,1000000
2018-01-25 07:02:37.306000,7.735,7.73276,1000000,1000000
2018-01-25 07:02:37.435000,7.73486,7.7328,1000000,1000000
2018-01-25 07:02:37.546000,7.73493,7.73266,1000000,1000000
2018-01-25 07:02:37.648000,7.73471,7.73234,1000000,1000000
2018-01-25 07:02:37.699000,7.73471,7.73254,1000000,1000000
2018-01-25 07:02:38.079000,7.73458,7.73254,1000000,1000000
2018-01-25 07:02:38.131000,7.73458,7.73222,1000000,1000000
2018-01-25 07:02:38.345000,7.73442,7.73206,1000000,1000000
2018-01-25 07:02:38.720000,7.73429,7.73193,1000000,1000000
2018-01-25 07:02:39.039000,7.73453,7.73224,1000000,1000000
2018-01-25 07:02:39.370000,7.73478,7.7325,1000000,1000000
2018-01-25 07:02:40.399000,7.73471,7.73262,1000000,1000000
2018-01-25 07:02:40.450000,7.73515,7.73281,1500000,1000000
2018-01-25 07:02:40.606000,7.73535,7.73298,1000000,1000000
2018-01-25 07:02:40.657000,7.73552,7.73318,1000000,1000000
2018-01-25 07:02:40.808000,7.73572,7.73336,1000000,1000000
2018-01-25 07:02:41.864000,7.73559,7.73324,1000000,1000000
2018-01-25 07:02:42.070000,7.73541,7.73305,1000000,1000000
2018-01-25 07:02:43.215000,7.73568,7.73332,1000000,1000000
2018-01-25 07:02:43.605000,7.73562,7.7332,1000000,1000000
2018-01-25 07:02:43.656000,7.73544,7.73307,1000000,1000000
2018-01-25 07:02:44.086000,7.73561,7.73327,1000000,1000000
2018-01-25 07:02:44.140000,7.73575,7.73338,1000000,1000000
2018-01-25 07:02:44.192000,7.73587,7.73351,1000000,1000000
2018-01-25 07:02:44.550000,7.736,7.73363,1000000,1000000
2018-01-25 07:02:45.012000,7.73537,7.73322,1000000,1000000
2018-01-25 07:02:45.064000,7.73564,7.73336,1000000,1000000
2018-01-25 07:02:46.099000,7.73564,7.73328,1000000,1000000
2018-01-25 07:02:46.150000,7.73552,7.73316,1000000,1000000
2018-01-25 07:02:46.352000,7.7356,7.73323,1000000,1000000
2018-01-25 07:02:46.556000,7.73535,7.73307,1000000,1000000
2018-01-25 07:02:46.863000,7.73553,7.73325,1000000,1000000
2018-01-25 07:02:47.520000,7.73553,7.73317,1000000,1000000
2018-01-25 07:02:47.572000,7.73528,7.73292,1000000,1000000
2018-01-25 07:02:47.892000,7.73528,7.73298,1000000,1000000
2018-01-25 07:02:47.944000,7.73516,7.7328,1000000,1000000
2018-01-25 07:02:48.048000,7.73496,7.73262,1000000,1000000
2018-01-25 07:02:49.577000,7.73496,7.73271,1000000,1000000
2018-01-25 07:02:50.289000,7.73482,7.73271,1000000,1000000
2018-01-25 07:02:52.139000,7.73482,7.73251,1000000,1000000
2018-01-25 07:02:52.815000,7.73482,7.73246,1000000,1000000
2018-01-25 07:02:52.866000,7.73453,7.73219,1000000,1000000
2018-01-25 07:02:53.072000,7.73399,7.73163,1000000,1000000
2018-01-25 07:02:53.275000,7.73407,7.73171,1000000,1000000
2018-01-25 07:02:53.379000,7.73384,7.73147,1000000,1000000
2018-01-25 07:02:53.634000,7.73395,7.73159,1000000,1000000
2018-01-25 07:02:53.946000,7.73376,7.7314,1000000,1000000
2018-01-25 07:02:54.266000,7.73354,7.7312,1000000,1000000
2018-01-25 07:02:54.368000,7.73374,7.73138,1000000,1000000
2018-01-25 07:02:54.713000,7.73374,7.73145,1000000,1000000
2018-01-25 07:02:54.836000,7.73374,7.73138,1000000,1000000
2018-01-25 07:02:54.940000,7.73355,7.73119,1000000,1000000
2018-01-25 07:02:56.345000,7.73349,7.73106,1000000,1000000
2018-01-25 07:02:57.141000,7.73367,7.73126,1000000,1000000
2018-01-25 07:02:57.245000,7.7338,7.73138,1000000,1000000
2018-01-25 07:02:57.631000,7.73398,7.73157,1000000,1000000
2018-01-25 07:02:58.501000,7.73411,7.73169,1000000,1000000
2018-01-25 07:02:58.665000,7.73424,7.73187,1000000,1000000
2018-01-25 07:02:59.025000,7.73386,7.73153,1000000,1000000
2018-01-25 07:02:59.831000,7.73386,7.7315,1000000,1000000
2018-01-25 07:02:59.933000,7.7336,7.73126,1000000,1000000
2018-01-25 07:03:00.086000,7.73349,7.73113,1000000,1000000
2018-01-25 07:03:00.330000,7.73349,7.73119,1000000,1000000
2018-01-25 07:03:00.381000,7.73387,7.73151,1000000,1000000
2018-01-25 07:03:00.483000,7.73369,7.73133,1000000,1000000
2018-01-25 07:03:00.830000,7.73356,7.7312,1000000,1000000
2018-01-25 07:03:01.138000,7.73493,7.7326,1000000,1000000
2018-01-25 07:03:01.189000,7.7356,7.73324,1500000,1000000
2018-01-25 07:03:01.240000,7.7356,7.73326,1000000,1000000
2018-01-25 07:03:01.392000,7.7361,7.73374,1000000,1000000
2018-01-25 07:03:02.818000,7.73594,7.73358,1000000,1000000
2018-01-25 07:03:03.132000,7.73483,7.73247,1000000,1000000
2018-01-25 07:03:03.439000,7.73354,7.73118,1000000,1000000
2018-01-25 07:03:03.541000,7.73339,7.73102,1000000,1000000
2018-01-25 07:03:04.241000,7.73363,7.73127,1000000,1000000
2018-01-25 07:03:04.803000,7.73382,7.73146,1000000,1000000
2018-01-25 07:03:05.124000,7.73338,7.73102,1000000,1000000
2018-01-25 07:03:05.226000,7.73324,7.73087,1000000,1000000
2018-01-25 07:03:05.327000,7.73309,7.73073,1000000,1000000
2018-01-25 07:03:06.947000,7.73284,7.73048,1000000,1000000
2018-01-25 07:03:08.598000,7.73302,7.73068,1000000,1000000
2018-01-25 07:03:09.640000,7.73291,7.73054,1000000,1000000
2018-01-25 07:03:10.666000,7.73278,7.73042,1000000,1000000
2018-01-25 07:03:10.992000,7.73276,7.7304,1000000,1000000
2018-01-25 07:03:11.861000,7.73288,7.73051,1000000,1000000
2018-01-25 07:03:11.912000,7.73288,7.73059,1000000,1000000
2018-01-25 07:03:11.963000,7.73306,7.7307,1000000,1000000
2018-01-25 07:03:13.083000,7.73306,7.73079,1000000,1000000
2018-01-25 07:03:13.186000,7.7333,7.73096,1000000,1000000
2018-01-25 07:03:13.448000,7.73344,7.73107,1000000,1000000
2018-01-25 07:03:13.991000,7.73344,7.73118,1000000,1000000
2018-01-25 07:03:14.095000,7.73368,7.73132,1000000,1000000
2018-01-25 07:03:14.639000,7.73336,7.73102,1000000,1000000
2018-01-25 07:03:14.742000,7.73325,7.73089,1000000,1000000
2018-01-25 07:03:14.844000,7.733,7.7307,1000000,1000000
2018-01-25 07:03:15.270000,7.73332,7.73114,1000000,1000000
2018-01-25 07:03:15.322000,7.73342,7.73114,1000000,1000000
2018-01-25 07:03:15.495000,7.73316,7.731,1000000,1000000
2018-01-25 07:03:15.802000,7.73305,7.73088,1000000,1000000
2018-01-25 07:03:16.104000,7.73301,7.73088,1000000,1000000
2018-01-25 07:03:16.406000,7.73275,7.73088,1000000,1000000
2018-01-25 07:03:16.507000,7.73269,7.73068,1000000,1000000
2018-01-25 07:03:16.558000,7.73265,7.73068,1000000,1000000
2018-01-25 07:03:16.610000,7.73264,7.73055,1000000,1000000
2018-01-25 07:03:16.742000,7.73264,7.73079,1000000,1000000
2018-01-25 07:03:17.054000,7.73264,7.73085,1000000,1000000
2018-01-25 07:03:17.105000,7.73276,7.73085,1000000,1000000
2018-01-25 07:03:17.160000,7.73284,7.73102,1000000,1000000
2018-01-25 07:03:17.212000,7.73298,7.73102,1000000,1000000
2018-01-25 07:03:17.263000,7.73301,7.73115,1000000,1000000
2018-01-25 07:03:17.314000,7.73303,7.73115,1000000,1000000
2018-01-25 07:03:17.366000,7.73305,7.73115,1000000,1000000
2018-01-25 07:03:18.019000,7.73306,7.73115,1000000,1000000
2018-01-25 07:03:18.071000,7.73294,7.73115,1000000,1000000
2018-01-25 07:03:18.363000,7.73299,7.73115,1000000,1000000
2018-01-25 07:03:18.419000,7.73316,7.73135,1000000,1000000
2018-01-25 07:03:18.551000,7.73322,7.73135,1000000,1000000
2018-01-25 07:03:18.603000,7.73322,7.73146,1000000,1000000
2018-01-25 07:03:18.756000,7.7331,7.73128,1000000,1000000
2018-01-25 07:03:18.807000,7.73328,7.73128,1000000,1000000
2018-01-25 07:03:18.859000,7.73328,7.73152,1000000,1000000
2018-01-25 07:03:18.911000,7.73344,7.73152,1000000,1000000
2018-01-25 07:03:18.964000,7.73361,7.73165,1000000,1000000
2018-01-25 07:03:19.015000,7.73365,7.73165,1000000,1000000
2018-01-25 07:03:19.068000,7.73365,7.73177,1000000,1000000
2018-01-25 07:03:19.121000,7.7337,7.73177,1000000,1000000
2018-01-25 07:03:19.823000,7.73365,7.73177,1000000,1000000
2018-01-25 07:03:20.962000,7.73376,7.73196,1000000,1000000
2018-01-25 07:03:21.014000,7.7341,7.73196,1000000,1000000
2018-01-25 07:03:21.118000,7.73432,7.73196,1000000,1000000
2018-01-25 07:03:21.228000,7.73433,7.73233,1000000,1000000
2018-01-25 07:03:21.330000,7.73434,7.732,1000000,1000000
2018-01-25 07:03:21.594000,7.73437,7.732,1000000,1000000
2018-01-25 07:03:21.645000,7.73437,7.73212,1000000,1000000
2018-01-25 07:03:22.107000,7.73444,7.73212,1000000,1000000
2018-01-25 07:03:22.226000,7.73441,7.73207,1000000,1000000
2018-01-25 07:03:22.670000,7.73437,7.73203,1000000,1000000
2018-01-25 07:03:23.262000,7.7343,7.732,1000000,1000000
2018-01-25 07:03:23.485000,7.73409,7.73175,1000000,1000000
2018-01-25 07:03:23.538000,7.73433,7.73206,1000000,1000000
2018-01-25 07:03:23.589000,7.73438,7.73206,1000000,1000000
2018-01-25 07:03:23.812000,7.73441,7.73206,1000000,1000000
2018-01-25 07:03:23.865000,7.73442,7.73211,1000000,1000000
2018-01-25 07:03:24.087000,7.73457,7.73225,1000000,1000000
2018-01-25 07:03:24.138000,7.73457,7.73222,1000000,1000000
2018-01-25 07:03:24.328000,7.73454,7.73221,1000000,1000000
2018-01-25 07:03:24.702000,7.73457,7.73221,1000000,1000000
2018-01-25 07:03:25.253000,7.73457,7.7323,1000000,1000000
2018-01-25 07:03:25.458000,7.73488,7.73253,1000000,1000000
2018-01-25 07:03:25.562000,7.73488,7.73261,1000000,1000000
2018-01-25 07:03:25.667000,7.73506,7.73272,1000000,1000000
2018-01-25 07:03:25.722000,7.73526,7.7329,1000000,1000000
2018-01-25 07:03:25.773000,7.73517,7.7329,1000000,1000000
2018-01-25 07:03:26.235000,7.73513,7.7329,1000000,1000000
2018-01-25 07:03:26.337000,7.73492,7.73259,1000000,1000000
2018-01-25 07:03:26.439000,7.73495,7.73259,1000000,1000000
2018-01-25 07:03:27.794000,7.73482,7.73247,1000000,1000000
2018-01-25 07:03:27.997000,7.7347,7.73228,1500000,1000000
2018-01-25 07:03:28.510000,7.7344,7.73215,1000000,1000000
2018-01-25 07:03:28.613000,7.73432,7.73197,1000000,1000000
2018-01-25 07:03:28.664000,7.73407,7.73197,1000000,1000000
2018-01-25 07:03:28.715000,7.73407,7.73172,1000000,1000000
2018-01-25 07:03:29.300000,7.73408,7.73172,1000000,1000000
2018-01-25 07:03:30.133000,7.73395,7.73185,1000000,1000000
2018-01-25 07:03:30.453000,7.73341,7.73234,1000000,1000000
2018-01-25 07:03:31.130000,7.73358,7.7325,1000000,1000000
2018-01-25 07:03:31.284000,7.73339,7.73232,1000000,1000000
2018-01-25 07:03:34.734000,7.73329,7.73221,1000000,1000000
2018-01-25 07:03:34.950000,7.73315,7.73207,1000000,1000000
2018-01-25 07:03:35.257000,7.73344,7.73236,1000000,1000000
2018-01-25 07:03:35.573000,7.73402,7.73294,1000000,1000000
2018-01-25 07:03:35.882000,7.73351,7.73245,1000000,1000000
2018-01-25 07:03:35.932000,7.73371,7.73263,1000000,1000000
2018-01-25 07:03:36.135000,7.73389,7.73281,1000000,1000000
2018-01-25 07:03:38.751000,7.73378,7.7327,1000000,1000000
2018-01-25 07:03:39.689000,7.73389,7.73284,1000000,1000000
2018-01-25 07:03:43.010000,7.73375,7.73268,1000000,1000000
2018-01-25 07:03:43.766000,7.73362,7.73254,1000000,1000000
2018-01-25 07:03:44.971000,7.73381,7.73274,1000000,1000000
2018-01-25 07:03:45.022000,7.73429,7.73239,1000000,1000000
2018-01-25 07:03:45.074000,7.73423,7.73239,1000000,1000000
2018-01-25 07:03:45.125000,7.73429,7.73211,1000000,1000000
2018-01-25 07:03:45.177000,7.73432,7.73211,1000000,1000000
2018-01-25 07:03:45.228000,7.73421,7.73211,1000000,1000000
2018-01-25 07:03:45.701000,7.73403,7.73211,1000000,1000000
2018-01-25 07:03:45.808000,7.73316,7.73095,1000000,1000000
2018-01-25 07:03:45.860000,7.73297,7.73095,1000000,1500000
2018-01-25 07:03:46.443000,7.73288,7.73095,1000000,1000000
2018-01-25 07:03:46.815000,7.73278,7.73052,1000000,1000000
2018-01-25 07:03:46.867000,7.73254,7.73052,1000000,1000000
2018-01-25 07:03:46.918000,7.73215,7.72995,1000000,1000000
2018-01-25 07:03:47.011000,7.73174,7.72995,1000000,1000000
2018-01-25 07:03:47.063000,7.73155,7.72932,1000000,1000000
2018-01-25 07:03:47.114000,7.7315,7.72917,1000000,1000000
2018-01-25 07:03:47.267000,7.73126,7.7289,1000000,1000000
2018-01-25 07:03:49.956000,7.73138,7.72908,1000000,1000000
2018-01-25 07:03:50.505000,7.73138,7.72912,1000000,1000000
2018-01-25 07:03:51.351000,7.73138,7.72902,1000000,1000000
2018-01-25 07:03:51.478000,7.73155,7.72918,1000000,1000000
2018-01-25 07:03:53.091000,7.73152,7.72918,1000000,1000000
2018-01-25 07:03:53.145000,7.73141,7.72905,1000000,1000000
2018-01-25 07:03:53.248000,7.73136,7.72905,1000000,1000000
2018-01-25 07:03:53.511000,7.73119,7.72883,1000000,1500000
2018-01-25 07:03:53.614000,7.73135,7.72902,1000000,1000000
2018-01-25 07:03:53.676000,7.7312,7.72884,1000000,1000000
2018-01-25 07:03:55.436000,7.73116,7.72904,1000000,1000000
2018-01-25 07:03:55.762000,7.73096,7.72924,1000000,1000000
2018-01-25 07:03:56.090000,7.73105,7.72933,1000000,1000000
2018-01-25 07:03:56.394000,7.73075,7.72903,1000000,1000000
2018-01-25 07:03:58.114000,7.73022,7.72851,1000000,1000000
2018-01-25 07:03:59.094000,7.73048,7.72876,1000000,1000000
2018-01-25 07:03:59.145000,7.73058,7.72888,1000000,1000000
2018-01-25 07:03:59.891000,7.73072,7.729,1000000,1000000
2018-01-25 07:04:00.429000,7.73052,7.7288,1000000,1500000
2018-01-25 07:04:02.667000,7.73069,7.72897,1000000,1000000
2018-01-25 07:04:02.975000,7.73044,7.72907,1000000,1000000
2018-01-25 07:04:03.028000,7.73103,7.72933,1000000,1000000
2018-01-25 07:04:03.079000,7.73122,7.72952,1000000,1000000
2018-01-25 07:04:03.408000,7.73166,7.72996,1000000,1000000
2018-01-25 07:04:03.716000,7.73155,7.72984,1000000,1000000
2018-01-25 07:04:03.884000,7.73168,7.72997,1000000,1000000
2018-01-25 07:04:05.041000,7.73181,7.73009,1000000,1000000
2018-01-25 07:04:05.093000,7.73181,7.73011,1000000,1000000
2018-01-25 07:04:05.332000,7.73259,7.73087,1000000,1000000
2018-01-25 07:04:05.488000,7.73259,7.73094,1000000,1000000
2018-01-25 07:04:05.540000,7.73308,7.73138,1000000,1000000
2018-01-25 07:04:05.643000,7.73329,7.73157,1000000,1000000
2018-01-25 07:04:05.748000,7.73346,7.73174,1000000,1000000
2018-01-25 07:04:06.079000,7.73457,7.7331,1000000,1000000
2018-01-25 07:04:06.384000,7.73528,7.73419,1000000,1000000
2018-01-25 07:04:06.620000,7.73588,7.7346,1000000,1000000
2018-01-25 07:04:06.672000,7.73658,7.735,1000000,1000000
2018-01-25 07:04:06.775000,7.73658,7.73487,1000000,1000000
2018-01-25 07:04:06.928000,7.73664,7.73487,1000000,1000000
2018-01-25 07:04:07.128000,7.73683,7.73505,1000000,1000000
2018-01-25 07:04:07.230000,7.73697,7.73519,1000000,1000000
2018-01-25 07:04:07.534000,7.73788,7.73615,1000000,1000000
2018-01-25 07:04:07.637000,7.73791,7.73615,1000000,1000000
2018-01-25 07:04:07.848000,7.73776,7.73598,1000000,1000000
2018-01-25 07:04:07.949000,7.73763,7.73585,1000000,1000000
2018-01-25 07:04:08.253000,7.73806,7.73628,1000000,1000000
2018-01-25 07:04:08.578000,7.73869,7.73691,1000000,1000000
2018-01-25 07:04:09.009000,7.73884,7.73706,1000000,1000000
2018-01-25 07:04:09.318000,7.73871,7.73694,1000000,1000000
2018-01-25 07:04:10.169000,7.73892,7.73729,1000000,1000000
2018-01-25 07:04:10.221000,7.73907,7.73729,1000000,1000000
2018-01-25 07:04:10.273000,7.73938,7.73795,1000000,1000000
2018-01-25 07:04:10.328000,7.73973,7.73795,1000000,1000000
2018-01-25 07:04:10.449000,7.74042,7.73864,1000000,1000000
2018-01-25 07:04:10.777000,7.73933,7.73755,1000000,1000000
2018-01-25 07:04:11.083000,7.73886,7.73716,1000000,1000000
2018-01-25 07:04:11.184000,7.73876,7.73704,1000000,1000000
2018-01-25 07:04:11.386000,7.73756,7.73586,1000000,1000000
2018-01-25 07:04:11.691000,7.73702,7.7353,1000000,1000000
2018-01-25 07:04:12.031000,7.73685,7.73513,1000000,1000000
2018-01-25 07:04:12.356000,7.73586,7.73414,1000000,1000000
2018-01-25 07:04:12.665000,7.73477,7.73305,1000000,1000000
2018-01-25 07:04:13.017000,7.734,7.7323,1000000,1000000
2018-01-25 07:04:13.069000,7.73381,7.73206,1000000,1000000
2018-01-25 07:04:13.202000,7.7337,7.73196,1000000,1000000
2018-01-25 07:04:13.433000,7.73293,7.73111,1000000,1000000
2018-01-25 07:04:13.537000,7.73281,7.73099,1000000,1000000
2018-01-25 07:04:13.967000,7.73256,7.73079,1000000,1000000
2018-01-25 07:04:14.070000,7.73319,7.73136,1000000,1000000
2018-01-25 07:04:14.250000,7.73362,7.7318,1000000,1000000
2018-01-25 07:04:14.456000,7.73344,7.73161,1000000,1000000
2018-01-25 07:04:14.557000,7.73355,7.73175,1000000,1000000
2018-01-25 07:04:14.855000,7.73368,7.73187,1000000,1000000
2018-01-25 07:04:14.957000,7.7335,7.73168,1000000,1000000
2018-01-25 07:04:16.237000,7.7335,7.73189,1000000,1600000
2018-01-25 07:04:16.289000,7.73397,7.73222,1000000,1370000
2018-01-25 07:04:16.340000,7.73397,7.73259,1000000,1000000
2018-01-25 07:04:16.392000,7.73469,7.73285,1000000,1000000
2018-01-25 07:04:16.494000,7.73495,7.73333,1000000,1000000
2018-01-25 07:04:16.597000,7.73557,7.73376,1000000,1000000
2018-01-25 07:04:16.649000,7.73557,7.73386,1000000,1000000
2018-01-25 07:04:16.701000,7.73602,7.7343,1000000,1000000
2018-01-25 07:04:16.752000,7.73621,7.73449,1000000,1000000
2018-01-25 07:04:17.122000,7.73688,7.73518,1000000,1000000
2018-01-25 07:04:17.223000,7.7371,7.73538,1000000,1000000
2018-01-25 07:04:17.325000,7.73722,7.7355,1000000,1000000
2018-01-25 07:04:17.641000,7.73753,7.73581,1000000,1000000
2018-01-25 07:04:17.977000,7.73757,7.73582,1000000,1000000
2018-01-25 07:04:18.349000,7.73776,7.73601,1000000,1000000
2018-01-25 07:04:18.455000,7.73794,7.73618,1000000,1000000
2018-01-25 07:04:19.380000,7.73781,7.73602,1000000,1000000
2018-01-25 07:04:20.505000,7.73768,7.7359,1000000,1000000
2018-01-25 07:04:20.864000,7.73793,7.73615,1000000,1000000
2018-01-25 07:04:23.359000,7.73777,7.73601,1000000,1000000
2018-01-25 07:04:23.669000,7.73764,7.73588,1000000,1000000
2018-01-25 07:04:23.999000,7.73749,7.73578,1000000,1000000
2018-01-25 07:04:24.121000,7.73727,7.73555,1000000,1000000
2018-01-25 07:04:24.330000,7.73715,7.73543,1000000,1000000
2018-01-25 07:04:24.687000,7.73693,7.73521,1000000,1000000
2018-01-25 07:04:24.993000,7.73699,7.73529,1000000,1000000
2018-01-25 07:04:25.452000,7.7366,7.73488,1000000,1000000
2018-01-25 07:04:25.554000,7.73648,7.73476,1000000,1000000
2018-01-25 07:04:25.860000,7.73617,7.73445,1000000,1000000
2018-01-25 07:04:26.199000,7.73592,7.7342,1000000,1000000
2018-01-25 07:04:26.555000,7.7353,7.73358,1000000,1000000
2018-01-25 07:04:26.707000,7.7348,7.73302,1000000,1000000
2018-01-25 07:04:26.912000,7.73449,7.73271,1000000,1000000
2018-01-25 07:04:27.248000,7.73436,7.73258,1000000,1000000
2018-01-25 07:04:27.606000,7.73449,7.73271,1000000,1000000
2018-01-25 07:04:27.949000,7.73461,7.73283,1000000,1000000
2018-01-25 07:04:28.255000,7.73542,7.73364,1000000,1000000
2018-01-25 07:04:28.582000,7.7356,7.73384,1000000,1000000
2018-01-25 07:04:29.427000,7.73574,7.73402,1000000,1000000
2018-01-25 07:04:30.001000,7.73588,7.7341,1000000,1000000
2018-01-25 07:04:30.527000,7.73572,7.73394,1000000,1000000
2018-01-25 07:04:30.899000,7.73464,7.73286,1000000,1000000
2018-01-25 07:04:31.204000,7.73191,7.73018,1000000,1000000
2018-01-25 07:04:31.458000,7.73092,7.72914,1000000,1000000
2018-01-25 07:04:31.630000,7.73033,7.72864,1000000,1000000
2018-01-25 07:04:31.685000,7.73033,7.72857,1000000,1000000
2018-01-25 07:04:31.743000,7.73023,7.72845,1000000,1000000
2018-01-25 07:04:33.048000,7.73038,7.72862,1000000,1000000
2018-01-25 07:04:33.884000,7.73026,7.72848,1000000,1000000
2018-01-25 07:04:35.932000,7.73037,7.72865,1000000,1000000
2018-01-25 07:04:36.243000,7.73024,7.72852,1000000,1000000
2018-01-25 07:04:36.573000,7.73067,7.72895,1000000,1000000
2018-01-25 07:04:36.885000,7.73243,7.73071,1000000,1000000
2018-01-25 07:04:37.209000,7.73266,7.73094,1000000,1000000
2018-01-25 07:04:37.515000,7.73302,7.7313,1000000,1000000
2018-01-25 07:04:37.841000,7.73323,7.73153,1000000,1000000
2018-01-25 07:04:39.170000,7.73357,7.73185,1000000,1000000
2018-01-25 07:04:39.275000,7.73381,7.73209,1000000,1000000
2018-01-25 07:04:39.583000,7.7356,7.73388,1000000,1000000
2018-01-25 07:04:39.893000,7.73657,7.73485,1000000,1000000
2018-01-25 07:04:40.239000,7.737,7.73529,1000000,1000000
2018-01-25 07:04:40.574000,7.73682,7.73511,1000000,1000000
2018-01-25 07:04:41.302000,7.73695,7.73523,1000000,1000000
2018-01-25 07:04:41.405000,7.73713,7.73543,1000000,1000000
2018-01-25 07:04:41.507000,7.73733,7.73562,1000000,1000000
2018-01-25 07:04:41.753000,7.73717,7.73545,1000000,1000000
2018-01-25 07:04:41.805000,7.73695,7.73525,1000000,1000000
2018-01-25 07:04:42.109000,7.73684,7.73514,1000000,1000000
2018-01-25 07:04:42.261000,7.73703,7.73531,1000000,1000000
2018-01-25 07:04:44.636000,7.73725,7.73489,1000000,1000000
2018-01-25 07:04:49.145000,7.73713,7.73476,1000000,1000000
2018-01-25 07:04:49.349000,7.73702,7.73466,1000000,1000000
2018-01-25 07:04:49.678000,7.73677,7.73441,1000000,1000000
2018-01-25 07:04:49.983000,7.73665,7.73429,1000000,1000000
2018-01-25 07:04:50.168000,7.73715,7.73478,1000000,1000000
2018-01-25 07:04:50.377000,7.73696,7.7346,1000000,1000000
2018-01-25 07:04:51.232000,7.73684,7.73447,1000000,1000000
2018-01-25 07:04:51.390000,7.73696,7.7346,1000000,1000000
2018-01-25 07:04:52.478000,7.73683,7.73447,1000000,1000000
2018-01-25 07:04:52.822000,7.73694,7.7346,1000000,1000000
2018-01-25 07:04:56.146000,7.73708,7.73471,1000000,1000000
2018-01-25 07:04:56.197000,7.73671,7.73471,1000000,1000000
2018-01-25 07:04:56.249000,7.73629,7.73403,1000000,1000000
2018-01-25 07:04:56.300000,7.73564,7.73383,1000000,1000000
2018-01-25 07:04:56.351000,7.73564,7.73329,1000000,1000000
2018-01-25 07:04:56.404000,7.73549,7.73313,1000000,1000000
2018-01-25 07:04:56.536000,7.73531,7.73295,1000000,1000000
2018-01-25 07:04:56.843000,7.73436,7.732,1000000,1000000
2018-01-25 07:04:57.047000,7.7339,7.73153,1000000,1000000
2018-01-25 07:04:57.148000,7.7337,7.73134,1000000,1000000
2018-01-25 07:04:57.859000,7.73385,7.7315,1000000,1000000
2018-01-25 07:04:58.913000,7.73373,7.73137,1000000,1000000
2018-01-25 07:04:59.327000,7.7336,7.73125,1000000,1000000
2018-01-25 07:04:59.429000,7.73348,7.73112,1000000,1000000
2018-01-25 07:04:59.533000,7.73362,7.73126,1000000,1000000
2018-01-25 07:05:00.204000,7.73374,7.73138,1000000,1000000
2018-01-25 07:05:00.559000,7.73362,7.73126,1000000,1000000
2018-01-25 07:05:00.940000,7.73318,7.73082,1000000,1000000
2018-01-25 07:05:01.250000,7.73299,7.73065,1000000,1000000
2018-01-25 07:05:01.847000,7.73278,7.73041,1000000,1000000
2018-01-25 07:05:02.801000,7.7329,7.73054,1000000,1000000
2018-01-25 07:05:03.152000,7.73284,7.73048,1000000,1000000
2018-01-25 07:05:03.493000,7.73296,7.7306,1000000,1000000
2018-01-25 07:05:03.901000,7.7331,7.73074,1000000,1000000
2018-01-25 07:05:04.857000,7.73322,7.73086,1000000,1000000
2018-01-25 07:05:05.215000,7.7334,7.73106,1000000,1000000
2018-01-25 07:05:06.373000,7.73316,7.7308,1000000,1000000
2018-01-25 07:05:07.019000,7.7333,7.73094,1000000,1000000
2018-01-25 07:05:08.004000,7.73316,7.7308,1000000,1000000
2018-01-25 07:05:10.165000,7.73303,7.73068,1000000,1000000
2018-01-25 07:05:11.096000,7.73285,7.73049,1000000,1000000
2018-01-25 07:05:11.147000,7.73272,7.73049,1000000,1000000
2018-01-25 07:05:11.198000,7.73254,7.73018,1000000,1000000
2018-01-25 07:05:11.248000,7.73244,7.73018,1000000,1000000
2018-01-25 07:05:11.335000,7.73248,7.73018,1000000,1000000
2018-01-25 07:05:11.386000,7.73216,7.72981,1000000,1000000
2018-01-25 07:05:11.547000,7.73203,7.72967,1000000,1000000
2018-01-25 07:05:11.655000,7.7319,7.72954,1000000,1000000
2018-01-25 07:05:12.089000,7.73178,7.72942,1000000,1000000
2018-01-25 07:05:12.348000,7.7316,7.72923,1000000,1000000
2018-01-25 07:05:13.041000,7.73147,7.72911,1000000,1000000
2018-01-25 07:05:13.337000,7.7316,7.72923,1000000,1000000
2018-01-25 07:05:13.448000,7.73171,7.72937,1000000,1000000
2018-01-25 07:05:13.645000,7.73184,7.72948,1000000,1000000
2018-01-25 07:05:13.799000,7.73184,7.72959,1000000,1000000
2018-01-25 07:05:13.850000,7.73216,7.72979,1000000,1000000
2018-01-25 07:05:14.233000,7.73228,7.72992,1000000,1000000
2018-01-25 07:05:14.395000,7.73216,7.72979,1000000,1000000
2018-01-25 07:05:15.914000,7.73229,7.72993,1000000,1000000
2018-01-25 07:05:16.737000,7.73242,7.73005,1000000,1000000
2018-01-25 07:05:16.891000,7.73254,7.73018,1000000,1000000
2018-01-25 07:05:18.340000,7.73242,7.73005,1000000,1000000
2018-01-25 07:05:18.499000,7.73263,7.73029,1000000,1000000
2018-01-25 07:05:18.806000,7.73336,7.731,1000000,1000000
2018-01-25 07:05:18.921000,7.73336,7.73103,1000000,1000000
2018-01-25 07:05:18.973000,7.73386,7.73152,1000000,1000000
2018-01-25 07:05:19.025000,7.73401,7.73167,1000000,1000000
2018-01-25 07:05:19.230000,7.73495,7.73259,1000000,1000000
2018-01-25 07:05:19.282000,7.73495,7.73267,1000000,1000000
2018-01-25 07:05:19.333000,7.73523,7.73288,1000000,1000000
2018-01-25 07:05:19.436000,7.73541,7.73305,1000000,1000000
2018-01-25 07:05:19.488000,7.73541,7.7333,1000000,1000000
2018-01-25 07:05:19.539000,7.73599,7.73363,1000000,1000000
2018-01-25 07:05:19.591000,7.73599,7.73371,1000000,1000000
2018-01-25 07:05:19.643000,7.73638,7.73404,1000000,1000000
2018-01-25 07:05:19.694000,7.73638,7.73406,1000000,1000000
2018-01-25 07:05:19.746000,7.73674,7.73438,1000000,1000000
2018-01-25 07:05:20.568000,7.73648,7.73412,1000000,1000000
2018-01-25 07:05:21.174000,7.73634,7.73398,1000000,1000000
2018-01-25 07:05:21.495000,7.73435,7.73199,1000000,1000000
2018-01-25 07:05:21.959000,7.73448,7.73212,1000000,1000000
2018-01-25 07:05:22.316000,7.73428,7.73194,1000000,1000000
2018-01-25 07:05:22.585000,7.73441,7.73206,1000000,1000000
2018-01-25 07:05:23.627000,7.73429,7.73193,1000000,1000000
2018-01-25 07:05:23.974000,7.73447,7.73213,1000000,1000000
2018-01-25 07:05:24.076000,7.7346,7.73224,1000000,1000000
2018-01-25 07:05:24.306000,7.73474,7.73238,1000000,1000000
2018-01-25 07:05:24.509000,7.73517,7.7328,1000000,1000000
2018-01-25 07:05:24.560000,7.73534,7.73298,1000000,1000000
2018-01-25 07:05:25.884000,7.73534,7.733,1000000,1000000
2018-01-25 07:05:26.050000,7.73534,7.73298,1000000,1000000
2018-01-25 07:05:26.155000,7.73516,7.73279,1000000,1000000
2018-01-25 07:05:26.235000,7.73516,7.73282,1000000,1000000
2018-01-25 07:05:26.287000,7.73536,7.733,1000000,1000000
2018-01-25 07:05:26.342000,7.73518,7.73281,1000000,1000000
2018-01-25 07:05:26.393000,7.73518,7.73285,1000000,1000000
2018-01-25 07:05:27.442000,7.73518,7.73304,1000000,1000000
2018-01-25 07:05:27.607000,7.73495,7.73265,1000000,1000000
2018-01-25 07:05:27.658000,7.7343,7.73265,1000000,1000000
2018-01-25 07:05:27.710000,7.73373,7.73154,1000000,1000000
2018-01-25 07:05:27.762000,7.73359,7.73153,1000000,1000000
2018-01-25 07:05:27.915000,7.73277,7.73052,1000000,1000000
2018-01-25 07:05:27.967000,7.73263,7.73053,1000000,1000000
2018-01-25 07:05:28.221000,7.73158,7.72942,1000000,1000000
2018-01-25 07:05:28.276000,7.73144,7.72942,1000000,1000000
2018-01-25 07:05:28.429000,7.73118,7.72883,1000000,1000000
2018-01-25 07:05:28.480000,7.73104,7.72868,1000000,1000000
2018-01-25 07:05:28.634000,7.73091,7.72855,1000000,1000000
2018-01-25 07:05:29.004000,7.72963,7.72742,1000000,1000000
2018-01-25 07:05:29.107000,7.72963,7.72727,1000000,1000000
2018-01-25 07:05:29.564000,7.72949,7.72712,1000000,1000000
2018-01-25 07:05:30.408000,7.72964,7.72729,1000000,1000000
2018-01-25 07:05:30.612000,7.72996,7.7276,1000000,1000000
2018-01-25 07:05:31.986000,7.72996,7.72768,1000000,1000000
2018-01-25 07:05:32.089000,7.7303,7.72796,1000000,1000000
2018-01-25 07:05:32.192000,7.73061,7.72855,1000000,1000000
2018-01-25 07:05:32.499000,7.73221,7.72998,1000000,1000000
2018-01-25 07:05:32.556000,7.73221,7.72993,1000000,1000000
2018-01-25 07:05:32.607000,7.73221,7.72997,1000000,1000000
2018-01-25 07:05:32.710000,7.73251,7.73015,1000000,1000000
2018-01-25 07:05:32.813000,7.73282,7.73045,1000000,1000000
2018-01-25 07:05:32.967000,7.73282,7.73064,1000000,1000000
2018-01-25 07:05:33.019000,7.73309,7.73073,1000000,1000000
2018-01-25 07:05:33.072000,7.73309,7.7308,1000000,1000000
2018-01-25 07:05:33.177000,7.73337,7.73101,1000000,1000000
2018-01-25 07:05:33.228000,7.73337,7.7312,1000000,1000000
2018-01-25 07:05:33.279000,7.73337,7.73101,1000000,1000000
2018-01-25 07:05:33.435000,7.73353,7.73117,1000000,1000000
2018-01-25 07:05:33.879000,7.73365,7.73129,1000000,1000000
2018-01-25 07:05:34.191000,7.73387,7.73153,1000000,1000000
2018-01-25 07:05:35.151000,7.73404,7.73167,1000000,1000000
2018-01-25 07:05:35.203000,7.73404,7.73178,1000000,1000000
2018-01-25 07:05:35.357000,7.735,7.73264,1000000,1000000
2018-01-25 07:05:35.408000,7.735,7.73279,1000000,1000000
2018-01-25 07:05:35.459000,7.73555,7.73319,1000000,1000000
2018-01-25 07:05:35.561000,7.73605,7.73369,1000000,1000000
2018-01-25 07:05:35.765000,7.73639,7.73402,1000000,1000000
2018-01-25 07:05:35.816000,7.73639,7.73419,1000000,1000000
2018-01-25 07:05:36.008000,7.73712,7.73478,1000000,1600000
2018-01-25 07:05:36.060000,7.73712,7.73478,1000000,1000000
2018-01-25 07:05:36.364000,7.73727,7.73492,1000000,1000000
2018-01-25 07:05:36.618000,7.73684,7.73464,1000000,1000000
2018-01-25 07:05:36.720000,7.73581,7.73352,1000000,1200000
2018-01-25 07:05:36.771000,7.73581,7.73345,1000000,1000000
2018-01-25 07:05:36.924000,7.73555,7.73319,1000000,1000000
2018-01-25 07:05:37.609000,7.73568,7.73331,1000000,1000000
2018-01-25 07:05:38.016000,7.73545,7.73309,1000000,1000000
2018-01-25 07:05:38.298000,7.73394,7.73157,1000000,1000000
2018-01-25 07:05:38.350000,7.73344,7.73108,1000000,1000000
2018-01-25 07:05:38.453000,7.73316,7.73079,1000000,1000000
2018-01-25 07:05:38.606000,7.733,7.73066,1000000,1000000
2018-01-25 07:05:39.845000,7.73289,7.73052,1000000,1000000
2018-01-25 07:05:40.051000,7.73324,7.73088,1000000,1000000
2018-01-25 07:05:40.406000,7.73343,7.73107,1000000,1000000
2018-01-25 07:05:41.240000,7.73356,7.73119,1000000,1000000
2018-01-25 07:05:43.181000,7.73335,7.73099,1000000,1000000
2018-01-25 07:05:43.726000,7.73335,7.73102,1000000,1000000
2018-01-25 07:05:44.981000,7.73354,7.73144,1000000,1000000
2018-01-25 07:05:45.088000,7.73441,7.73205,1000000,1000000
2018-01-25 07:05:45.194000,7.73453,7.73217,1000000,1000000
2018-01-25 07:05:45.496000,7.73478,7.73242,1000000,1000000
2018-01-25 07:05:46.911000,7.73463,7.73227,1000000,1000000
2018-01-25 07:05:47.221000,7.73474,7.73238,1000000,1000000
2018-01-25 07:05:47.988000,7.73474,7.73248,1000000,1000000
2018-01-25 07:05:48.089000,7.73499,7.73263,1000000,1000000
2018-01-25 07:05:48.547000,7.73499,7.73266,1000000,1000000
2018-01-25 07:05:50.664000,7.73499,7.73263,1000000,1000000
2018-01-25 07:05:51.584000,7.73485,7.73249,1000000,1000000
2018-01-25 07:05:52.005000,7.73496,7.7326,1000000,1000000
2018-01-25 07:05:52.107000,7.7351,7.73273,1000000,1000000
2018-01-25 07:05:52.312000,7.7351,7.73284,1000000,1000000
2018-01-25 07:05:52.363000,7.73521,7.73287,1000000,1000000
2018-01-25 07:05:52.465000,7.7351,7.73273,1000000,1000000
2018-01-25 07:05:53.183000,7.7351,7.73279,1000000,1000000
2018-01-25 07:05:53.286000,7.73522,7.73288,1000000,1000000
2018-01-25 07:05:53.338000,7.73522,7.73296,1000000,1000000
2018-01-25 07:05:53.608000,7.73578,7.73342,1000000,1000000
2018-01-25 07:05:54.054000,7.73561,7.73335,1000000,1000000
2018-01-25 07:05:54.260000,7.73576,7.7334,1000000,1000000
2018-01-25 07:05:55.261000,7.73555,7.73335,1000000,1000000
2018-01-25 07:05:55.363000,7.73555,7.73325,1000000,1000000
2018-01-25 07:05:56.337000,7.73555,7.73324,1000000,1000000
2018-01-25 07:05:56.389000,7.73542,7.73306,1000000,1500000
2018-01-25 07:05:56.595000,7.73542,7.73321,1000000,1000000
2018-01-25 07:05:56.647000,7.73569,7.73335,1000000,1000000
2018-01-25 07:05:56.750000,7.73582,7.73346,1000000,1000000
2018-01-25 07:05:56.802000,7.73582,7.73363,1000000,1000000
2018-01-25 07:05:56.965000,7.73607,7.73371,1000000,1000000
2018-01-25 07:05:57.995000,7.73595,7.73359,1000000,1000000
2018-01-25 07:05:58.459000,7.73612,7.73378,1000000,1000000
2018-01-25 07:06:00.810000,7.73588,7.73378,1000000,1000000
2018-01-25 07:06:00.861000,7.73588,7.73365,1000000,1000000
2018-01-25 07:06:00.985000,7.73588,7.73359,1000000,1000000
2018-01-25 07:06:01.421000,7.73601,7.73367,1000000,1000000
2018-01-25 07:06:01.472000,7.73601,7.7338,1000000,1000000
2018-01-25 07:06:01.523000,7.73639,7.73404,1000000,1000000
2018-01-25 07:06:01.632000,7.7366,7.73435,1000000,1000000
2018-01-25 07:06:01.835000,7.73668,7.73432,1000000,1000000
2018-01-25 07:06:01.942000,7.73689,7.73453,1000000,1000000
2018-01-25 07:06:02.259000,7.73749,7.73513,1000000,1000000
2018-01-25 07:06:02.635000,7.73766,7.73531,1000000,1000000
2018-01-25 07:06:03.060000,7.73763,7.73531,1000000,1000000
2018-01-25 07:06:03.164000,7.73754,7.73518,1000000,1000000
2018-01-25 07:06:03.578000,7.73752,7.73518,1000000,1000000
2018-01-25 07:06:03.923000,7.73733,7.73505,1000000,1000000
2018-01-25 07:06:04.024000,7.73722,7.73485,1000000,1000000
2018-01-25 07:06:04.126000,7.73734,7.73501,1000000,1000000
2018-01-25 07:06:04.177000,7.73734,7.73498,1000000,1000000
2018-01-25 07:06:04.342000,7.73745,7.73523,1000000,1000000
2018-01-25 07:06:04.394000,7.73759,7.73524,1000000,1000000
2018-01-25 07:06:04.552000,7.73772,7.73535,1000000,1000000
2018-01-25 07:06:04.603000,7.73772,7.73539,1000000,1000000
2018-01-25 07:06:04.757000,7.73783,7.73547,1000000,1000000
2018-01-25 07:06:04.863000,7.73802,7.73565,1000000,1000000
2018-01-25 07:06:05,7.73802,7.73607,1000000,1000000
2018-01-25 07:06:05.053000,7.73834,7.73613,1000000,1000000
2018-01-25 07:06:05.105000,7.73834,7.73617,1000000,1000000
2018-01-25 07:06:05.411000,7.73822,7.73627,1000000,1000000
2018-01-25 07:06:05.462000,7.73854,7.7363,1000000,1000000
2018-01-25 07:06:05.513000,7.73854,7.73636,1000000,1000000
2018-01-25 07:06:05.652000,7.73876,7.73642,1500000,1000000
2018-01-25 07:06:05.755000,7.73858,7.73622,1000000,1000000
2018-01-25 07:06:05.858000,7.73838,7.7362,1000000,1000000
2018-01-25 07:06:06.512000,7.73823,7.73628,1000000,1000000
2018-01-25 07:06:06.853000,7.73823,7.73624,1000000,1000000
2018-01-25 07:06:06.904000,7.73823,7.73615,1000000,1000000
2018-01-25 07:06:07.109000,7.73823,7.73618,1000000,1000000
2018-01-25 07:06:07.258000,7.73823,7.73595,1000000,1000000
2018-01-25 07:06:07.363000,7.73823,7.73617,1000000,1000000
2018-01-25 07:06:07.572000,7.73823,7.73594,1000000,1000000
2018-01-25 07:06:07.623000,7.73823,7.73589,1000000,1000000
2018-01-25 07:06:07.726000,7.73806,7.73599,1000000,1000000
2018-01-25 07:06:07.777000,7.73806,7.73596,1000000,1000000
2018-01-25 07:06:08.075000,7.73806,7.73589,1000000,1000000
2018-01-25 07:06:08.127000,7.7384,7.73603,1500000,1000000
2018-01-25 07:06:08.703000,7.73844,7.73616,1000000,1000000
2018-01-25 07:06:08.755000,7.73852,7.73616,1000000,1000000
2018-01-25 07:06:08.994000,7.73865,7.73628,1500000,1000000
2018-01-25 07:06:09.210000,7.7385,7.73626,1000000,1000000
2018-01-25 07:06:09.314000,7.7385,7.73623,1000000,1000000
2018-01-25 07:06:09.366000,7.73869,7.73643,1000000,1000000
2018-01-25 07:06:09.418000,7.73869,7.73634,1000000,1000000
2018-01-25 07:06:09.473000,7.73887,7.73652,1000000,1000000
2018-01-25 07:06:09.821000,7.73906,7.73672,1000000,1000000
2018-01-25 07:06:09.976000,7.73926,7.7369,1000000,1000000
2018-01-25 07:06:10.027000,7.73926,7.73752,1000000,1000000
2018-01-25 07:06:10.079000,7.73988,7.73771,1000000,1000000
2018-01-25 07:06:10.131000,7.73988,7.73752,1000000,1000000
2018-01-25 07:06:10.183000,7.74009,7.73772,1000000,1000000
2018-01-25 07:06:10.292000,7.74009,7.73777,1000000,1000000
2018-01-25 07:06:10.615000,7.7401,7.73774,1000000,1000000
2018-01-25 07:06:10.895000,7.73969,7.73761,1000000,1000000
2018-01-25 07:06:10.948000,7.73948,7.73711,1000000,1000000
2018-01-25 07:06:11.051000,7.73935,7.73699,1000000,1000000
2018-01-25 07:06:11.395000,7.73904,7.73674,1000000,1000000
2018-01-25 07:06:11.446000,7.73882,7.73646,1000000,1000000
2018-01-25 07:06:11.549000,7.7387,7.73635,1000000,1000000
2018-01-25 07:06:11.927000,7.7381,7.73576,1000000,1000000
2018-01-25 07:06:11.978000,7.7378,7.73543,1000000,1000000
2018-01-25 07:06:12.037000,7.7376,7.73526,1000000,1000000
2018-01-25 07:06:12.443000,7.73786,7.73543,1000000,1000000
2018-01-25 07:06:12.644000,7.73767,7.73525,1000000,1000000
2018-01-25 07:06:13.379000,7.7378,7.73537,1000000,1000000
2018-01-25 07:06:13.733000,7.7375,7.73537,1000000,1000000
2018-01-25 07:06:13.887000,7.73729,7.73488,1500000,1000000
2018-01-25 07:06:13.996000,7.73725,7.73488,1000000,1000000
2018-01-25 07:06:14.048000,7.73744,7.73502,1000000,1000000
2018-01-25 07:06:14.867000,7.7375,7.73522,1000000,1000000
2018-01-25 07:06:14.920000,7.73755,7.73522,1000000,1000000
2018-01-25 07:06:14.972000,7.73767,7.73535,1000000,1000000
2018-01-25 07:06:15.024000,7.73777,7.73535,1000000,1000000
2018-01-25 07:06:15.075000,7.73789,7.73548,1000000,1000000
2018-01-25 07:06:15.996000,7.73792,7.7356,1000000,1000000
2018-01-25 07:06:16.521000,7.73786,7.7356,1000000,1000000
2018-01-25 07:06:16.930000,7.73748,7.73535,1000000,1000000
2018-01-25 07:06:17.842000,7.73713,7.73511,1000000,1000000
2018-01-25 07:06:18.148000,7.73695,7.73499,1000000,1000000
2018-01-25 07:06:18.199000,7.73695,7.73481,1000000,1000000
2018-01-25 07:06:18.622000,7.73706,7.73481,1000000,1000000
2018-01-25 07:06:19.646000,7.73717,7.73481,1000000,1000000
2018-01-25 07:06:19.748000,7.73718,7.73493,1000000,1000000
2018-01-25 07:06:20.056000,7.73713,7.73493,1000000,1000000
2018-01-25 07:06:20.286000,7.73706,7.7347,1000000,1000000
2018-01-25 07:06:20.339000,7.7369,7.7347,1000000,1000000
2018-01-25 07:06:20.443000,7.73671,7.73439,1000000,1000000
2018-01-25 07:06:20.494000,7.73622,7.73414,1000000,1000000
2018-01-25 07:06:20.597000,7.73553,7.73337,1000000,1500000
2018-01-25 07:06:20.700000,7.73532,7.73328,1000000,1000000
2018-01-25 07:06:20.751000,7.73524,7.73308,1000000,1000000
2018-01-25 07:06:20.803000,7.73518,7.7331,1000000,1000000
2018-01-25 07:06:20.855000,7.73495,7.73281,1000000,1000000
2018-01-25 07:06:20.907000,7.73484,7.73255,1000000,1000000
2018-01-25 07:06:21.042000,7.73484,7.73273,1000000,1000000
2018-01-25 07:06:21.094000,7.73441,7.73214,1000000,1000000
2018-01-25 07:06:21.145000,7.73428,7.73205,1000000,1000000
2018-01-25 07:06:21.197000,7.7341,7.73178,1000000,1000000
2018-01-25 07:06:21.256000,7.73412,7.73178,1000000,1000000
2018-01-25 07:06:21.357000,7.73393,7.73161,1000000,1000000
2018-01-25 07:06:21.616000,7.73338,7.73102,1000000,1000000
2018-01-25 07:06:21.667000,7.73322,7.73092,1000000,1000000
2018-01-25 07:06:21.769000,7.73322,7.73088,1500000,1000000
2018-01-25 07:06:21.868000,7.73309,7.73086,1000000,1000000
2018-01-25 07:06:22.376000,7.73308,7.73086,1000000,1000000
2018-01-25 07:06:22.429000,7.73334,7.73103,1000000,1000000
2018-01-25 07:06:22.485000,7.73367,7.73136,1000000,1000000
2018-01-25 07:06:22.797000,7.73408,7.73194,1000000,1000000
2018-01-25 07:06:22.849000,7.73401,7.73179,1000000,1000000
2018-01-25 07:06:22.900000,7.73415,7.73185,1000000,1000000
2018-01-25 07:06:22.952000,7.73415,7.73197,1000000,1000000
2018-01-25 07:06:23.004000,7.73431,7.73197,1000000,1500000
2018-01-25 07:06:23.055000,7.73433,7.73208,1000000,1000000
2018-01-25 07:06:23.158000,7.73475,7.73243,1500000,1000000
2018-01-25 07:06:23.209000,7.73475,7.73273,1000000,1000000
2018-01-25 07:06:23.261000,7.73484,7.73273,1000000,1000000
2018-01-25 07:06:23.312000,7.73506,7.73296,1000000,1000000
2018-01-25 07:06:23.415000,7.73506,7.73279,1000000,1000000
2018-01-25 07:06:23.466000,7.735,7.73279,1000000,1000000
2018-01-25 07:06:23.569000,7.73519,7.73292,1000000,1000000
2018-01-25 07:06:23.621000,7.73519,7.73313,1000000,1000000
2018-01-25 07:06:23.672000,7.73528,7.73313,1000000,1000000
2018-01-25 07:06:23.724000,7.73528,7.73326,1000000,1000000
2018-01-25 07:06:23.775000,7.73538,7.73326,1000000,1000000
2018-01-25 07:06:23.827000,7.73557,7.73344,1000000,1000000
2018-01-25 07:06:23.878000,7.73578,7.73363,1000000,1000000
2018-01-25 07:06:24.029000,7.73633,7.7341,1000000,1000000
2018-01-25 07:06:24.080000,7.73642,7.7341,1000000,1000000
2018-01-25 07:06:24.132000,7.73665,7.73431,1000000,1000000
2018-01-25 07:06:24.234000,7.73695,7.73458,1000000,1000000
2018-01-25 07:06:24.436000,7.73715,7.73478,1000000,1000000
2018-01-25 07:06:24.742000,7.7373,7.73494,1500000,1000000
2018-01-25 07:06:25.086000,7.73711,7.73475,1000000,1000000
2018-01-25 07:06:25.395000,7.73726,7.7349,1000000,1000000
2018-01-25 07:06:25.736000,7.73738,7.73502,1000000,1000000
2018-01-25 07:06:25.839000,7.73771,7.73534,1000000,1000000
2018-01-25 07:06:25.941000,7.73805,7.73569,1000000,1000000
2018-01-25 07:06:26.248000,7.73894,7.73658,1000000,1000000
2018-01-25 07:06:26.596000,7.73926,7.7369,1000000,1000000
2018-01-25 07:06:26.900000,7.73957,7.73721,1000000,1000000
2018-01-25 07:06:27.001000,7.73975,7.73738,1000000,1000000
2018-01-25 07:06:27.103000,7.73988,7.73756,1000000,1000000
2018-01-25 07:06:27.308000,7.74035,7.73801,1000000,1000000
2018-01-25 07:06:27.359000,7.74038,7.73801,1000000,1000000
2018-01-25 07:06:27.461000,7.74047,7.73816,1000000,1000000
2018-01-25 07:06:27.615000,7.74044,7.73808,1000000,1000000
2018-01-25 07:06:27.718000,7.74047,7.73822,1000000,1000000
2018-01-25 07:06:27.770000,7.74058,7.73822,1000000,1000000
2018-01-25 07:06:27.968000,7.74072,7.73836,1000000,1600000
2018-01-25 07:06:28.019000,7.74091,7.73854,1500000,1350000
2018-01-25 07:06:28.837000,7.74077,7.73841,1000000,1000000
2018-01-25 07:06:29.167000,7.74092,7.73856,1000000,1000000
2018-01-25 07:06:29.670000,7.74076,7.73842,1000000,1000000
2018-01-25 07:06:30.441000,7.74089,7.73853,1000000,1000000
2018-01-25 07:06:30.646000,7.74101,7.73867,1000000,1000000
2018-01-25 07:06:30.750000,7.74114,7.73878,1000000,1000000
2018-01-25 07:06:30.934000,7.74101,7.73864,1000000,1000000
2018-01-25 07:06:30.985000,7.74064,7.7383,1000000,1000000
2018-01-25 07:06:31.291000,7.73943,7.73707,1000000,1000000
2018-01-25 07:06:31.393000,7.73926,7.7369,1000000,1000000
2018-01-25 07:06:31.724000,7.73873,7.73637,1000000,1000000
2018-01-25 07:06:32.032000,7.73779,7.73542,1000000,1000000
2018-01-25 07:06:32.135000,7.73738,7.73502,1000000,1000000
2018-01-25 07:06:32.445000,7.73647,7.7341,1000000,1000000
2018-01-25 07:06:32.605000,7.73611,7.73374,1000000,1000000
2018-01-25 07:06:32.913000,7.73602,7.73365,1000000,1000000
2018-01-25 07:06:33.222000,7.73535,7.73298,1000000,1000000
2018-01-25 07:06:33.556000,7.73448,7.73213,1000000,1000000
2018-01-25 07:06:33.786000,7.73431,7.73195,1000000,1000000
2018-01-25 07:06:34.357000,7.73455,7.73223,1000000,1000000
2018-01-25 07:06:34.460000,7.73518,7.73282,1000000,1000000
2018-01-25 07:06:34.603000,7.73537,7.733,1000000,1000000
2018-01-25 07:06:35.368000,7.73523,7.73287,1000000,1000000
2018-01-25 07:06:35.715000,7.7351,7.73275,1000000,1000000
2018-01-25 07:06:35.872000,7.73572,7.73335,1000000,1000000
2018-01-25 07:06:35.923000,7.73572,7.73364,1000000,1000000
2018-01-25 07:06:35.977000,7.73615,7.73379,1000000,1000000
2018-01-25 07:06:36.109000,7.73681,7.73444,1000000,1000000
2018-01-25 07:06:36.160000,7.73691,7.73455,1000000,1000000
2018-01-25 07:06:36.466000,7.73768,7.7357,1000000,1000000
2018-01-25 07:06:36.516000,7.73806,7.7357,1000000,1000000
2018-01-25 07:06:36.837000,7.73812,7.73576,1000000,1000000
2018-01-25 07:06:37.141000,7.73872,7.73636,1000000,1000000
2018-01-25 07:06:37.662000,7.73885,7.73648,1000000,1000000
2018-01-25 07:06:37.768000,7.73897,7.73661,1000000,1000000
2018-01-25 07:06:37.870000,7.73939,7.73702,1000000,1000000
2018-01-25 07:06:37.972000,7.73953,7.73719,1000000,1000000
2018-01-25 07:06:38.024000,7.73985,7.73749,1000000,1000000
2018-01-25 07:06:38.778000,7.7401,7.73774,1000000,1000000
2018-01-25 07:06:39.017000,7.74035,7.73798,1000000,1000000
2018-01-25 07:06:39.120000,7.74064,7.73827,1000000,1000000
2018-01-25 07:06:39.434000,7.74169,7.73935,1000000,1000000
2018-01-25 07:06:39.609000,7.74184,7.73947,1000000,1000000
2018-01-25 07:06:39.663000,7.74218,7.73986,1000000,1000000
2018-01-25 07:06:39.919000,7.74248,7.74011,1000000,1000000
2018-01-25 07:06:39.971000,7.74273,7.74039,1000000,1000000
2018-01-25 07:06:40.346000,7.74298,7.74063,1000000,1000000
2018-01-25 07:06:40.413000,7.74286,7.7405,1000000,1000000
2018-01-25 07:06:40.468000,7.74274,7.74037,1000000,1000000
2018-01-25 07:06:40.571000,7.74249,7.74015,1000000,1000000
2018-01-25 07:06:40.878000,7.74029,7.73842,1000000,1000000
2018-01-25 07:06:41.200000,7.74004,7.73863,1000000,1000000
2018-01-25 07:06:41.302000,7.73979,7.73802,1000000,1000000
2018-01-25 07:06:41.456000,7.73979,7.73742,1000000,1000000
2018-01-25 07:06:41.507000,7.73966,7.7373,1000000,1000000
2018-01-25 07:06:41.811000,7.7389,7.73654,1000000,1000000
2018-01-25 07:06:42.676000,7.73903,7.73666,1000000,1000000
2018-01-25 07:06:43.502000,7.73885,7.73649,1000000,1000000
2018-01-25 07:06:43.807000,7.73865,7.73631,1000000,1000000
2018-01-25 07:06:43.858000,7.73848,7.73611,1000000,1000000
2018-01-25 07:06:44.753000,7.73858,7.73622,1000000,1000000
2018-01-25 07:06:45.101000,7.73847,7.73611,1000000,1000000
2018-01-25 07:06:45.714000,7.73848,7.73611,1000000,1000000
2018-01-25 07:06:46.051000,7.73823,7.73586,1000000,1000000
2018-01-25 07:06:47.690000,7.7381,7.73574,1000000,1000000
2018-01-25 07:06:47.987000,7.73823,7.73586,1000000,1000000
2018-01-25 07:06:49.359000,7.73844,7.73608,1000000,1000000
2018-01-25 07:06:49.462000,7.7383,7.73593,1000000,1000000
2018-01-25 07:06:50.839000,7.73868,7.73632,1000000,1000000
2018-01-25 07:06:51.768000,7.7385,7.73616,1000000,1000000
2018-01-25 07:06:51.935000,7.73833,7.73597,1000000,1000000
2018-01-25 07:06:51.986000,7.73846,7.7361,1000000,1000000
2018-01-25 07:06:52.755000,7.73846,7.73615,1000000,1000000
2018-01-25 07:06:52.867000,7.73883,7.73647,1000000,1000000
2018-01-25 07:06:52.919000,7.73895,7.7366,1000000,1000000
2018-01-25 07:06:54.273000,7.73907,7.73673,1000000,1000000
2018-01-25 07:06:54.376000,7.73921,7.73684,1000000,1000000
2018-01-25 07:06:54.479000,7.73946,7.73709,1000000,1000000
2018-01-25 07:06:54.812000,7.73963,7.73729,1000000,1000000
2018-01-25 07:06:55.072000,7.73946,7.73709,1000000,1000000
2018-01-25 07:06:55.175000,7.73958,7.73722,1000000,1000000
2018-01-25 07:06:56.910000,7.73939,7.73703,1000000,1000000
2018-01-25 07:06:57.316000,7.74025,7.73789,1000000,1000000
2018-01-25 07:06:57.574000,7.74044,7.73801,1000000,1000000
2018-01-25 07:06:57.779000,7.74063,7.7382,1000000,1000000
2018-01-25 07:06:58.639000,7.7405,7.73808,1000000,1000000
2018-01-25 07:06:58.970000,7.73943,7.737,1000000,1000000
2018-01-25 07:06:59.125000,7.7393,7.73688,1000000,1000000
2018-01-25 07:07:00.069000,7.73935,7.73701,1000000,1000000
2018-01-25 07:07:00.376000,7.73904,7.73669,1000000,1000000
2018-01-25 07:07:00.428000,7.73902,7.73669,1000000,1000000
2018-01-25 07:07:00.479000,7.73882,7.73648,1000000,1000000
2018-01-25 07:07:00.625000,7.7387,7.73634,1000000,1000000
2018-01-25 07:07:00.728000,7.73894,7.73658,1000000,1000000
2018-01-25 07:07:01.037000,7.73958,7.73722,1000000,1000000
2018-01-25 07:07:01.371000,7.73947,7.73711,1000000,1000000
2018-01-25 07:07:01.681000,7.74011,7.73777,1000000,1000000
2018-01-25 07:07:01.939000,7.74036,7.73799,1000000,1000000
2018-01-25 07:07:01.990000,7.74047,7.7381,1000000,1000000
2018-01-25 07:07:02.895000,7.74028,7.73792,1000000,1000000
2018-01-25 07:07:03.085000,7.74016,7.73779,1000000,1000000
2018-01-25 07:07:03.732000,7.74027,7.73793,1000000,1000000
2018-01-25 07:07:04.146000,7.73997,7.73761,1000000,1000000
2018-01-25 07:07:04.299000,7.73977,7.73743,1000000,1000000
2018-01-25 07:07:05.238000,7.73992,7.73757,1000000,1000000
2018-01-25 07:07:05.821000,7.74006,7.73772,1000000,1000000
2018-01-25 07:07:06.026000,7.74041,7.73805,1000000,1000000
2018-01-25 07:07:06.300000,7.74029,7.73792,1000000,1000000
2018-01-25 07:07:06.403000,7.74009,7.73773,1000000,1000000
2018-01-25 07:07:06.710000,7.74015,7.7378,1000000,1000000
2018-01-25 07:07:07.683000,7.74029,7.73793,1000000,1000000
2018-01-25 07:07:08.300000,7.74054,7.73818,1000000,1000000
2018-01-25 07:07:08.613000,7.74096,7.73868,1000000,1000000
2018-01-25 07:07:08.665000,7.74104,7.73868,1000000,1000000
2018-01-25 07:07:08.768000,7.74123,7.73886,1000000,1000000
2018-01-25 07:07:08.903000,7.74121,7.73886,1000000,1000000
2018-01-25 07:07:09.247000,7.74123,7.73886,1000000,1000000
2018-01-25 07:07:09.299000,7.74135,7.73899,1000000,1000000
2018-01-25 07:07:09.608000,7.74128,7.73894,1000000,1000000
2018-01-25 07:07:09.954000,7.74126,7.73894,1000000,1000000
2018-01-25 07:07:10.006000,7.74128,7.73894,1000000,1000000
2018-01-25 07:07:10.861000,7.74148,7.73913,1000000,1000000
2018-01-25 07:07:10.916000,7.74168,7.73934,1000000,1000000
2018-01-25 07:07:11.226000,7.74266,7.74034,1000000,1000000
2018-01-25 07:07:11.278000,7.74321,7.74084,1000000,1000000
2018-01-25 07:07:11.381000,7.74307,7.74071,1000000,1000000
2018-01-25 07:07:11.711000,7.74381,7.74149,1000000,1000000
2018-01-25 07:07:11.763000,7.74367,7.7413,1000000,1000000
2018-01-25 07:07:11.919000,7.74396,7.74165,1000000,1000000
2018-01-25 07:07:12.021000,7.74426,7.74194,1000000,1000000
2018-01-25 07:07:12.073000,7.74426,7.74212,1000000,1000000
2018-01-25 07:07:12.125000,7.74457,7.74223,1000000,1000000
2018-01-25 07:07:12.177000,7.74457,7.74221,1000000,1500000
2018-01-25 07:07:12.229000,7.74484,7.74252,1000000,1000000
2018-01-25 07:07:12.385000,7.74464,7.74229,1000000,1000000
2018-01-25 07:07:12.437000,7.74421,7.74212,1000000,1000000
2018-01-25 07:07:12.592000,7.7432,7.74085,1000000,1000000
2018-01-25 07:07:12.644000,7.74349,7.74116,1000000,1000000
2018-01-25 07:07:12.748000,7.74293,7.74057,1000000,1000000
2018-01-25 07:07:12.800000,7.74281,7.74057,1000000,1000000
2018-01-25 07:07:12.852000,7.74231,7.73995,1000000,1000000
2018-01-25 07:07:12.955000,7.74183,7.73949,1000000,1000000
2018-01-25 07:07:13.064000,7.74154,7.73917,1000000,1000000
2018-01-25 07:07:13.203000,7.74108,7.73872,1000000,1000000
2018-01-25 07:07:13.408000,7.74121,7.73884,1000000,1000000
2018-01-25 07:07:13.612000,7.74097,7.7386,1000000,1000000
2018-01-25 07:07:13.980000,7.74084,7.73847,1000000,1000000
2018-01-25 07:07:14.296000,7.74065,7.73829,1000000,1000000
2018-01-25 07:07:14.347000,7.74078,7.73841,1000000,1000000
2018-01-25 07:07:14.595000,7.74059,7.73822,1000000,1000000
2018-01-25 07:07:14.947000,7.7404,7.73804,1000000,1000000
2018-01-25 07:07:15.186000,7.74053,7.73816,1000000,1000000
2018-01-25 07:07:15.363000,7.74065,7.73829,1000000,1000000
2018-01-25 07:07:16.177000,7.74053,7.73816,1000000,1000000
2018-01-25 07:07:16.281000,7.7407,7.73836,1000000,1000000
2018-01-25 07:07:16.749000,7.74083,7.73848,1000000,1000000
2018-01-25 07:07:17.065000,7.74071,7.73835,1000000,1000000
2018-01-25 07:07:18.505000,7.74071,7.73841,1000000,1000000
2018-01-25 07:07:18.612000,7.74071,7.73835,1000000,1000000
2018-01-25 07:07:19.653000,7.74095,7.73858,1000000,1000000
2018-01-25 07:07:19.839000,7.74114,7.73877,1000000,1000000
2018-01-25 07:07:20.146000,7.74125,7.73891,1000000,1000000
2018-01-25 07:07:20.365000,7.74145,7.73908,1000000,1000000
2018-01-25 07:07:20.690000,7.74157,7.73921,1000000,1000000
2018-01-25 07:07:21.134000,7.74144,7.73909,1000000,1000000
2018-01-25 07:07:21.240000,7.74124,7.73888,1000000,1000000
2018-01-25 07:07:21.413000,7.74112,7.73875,1000000,1500000
2018-01-25 07:07:21.892000,7.74124,7.73888,1000000,1000000
2018-01-25 07:07:22.193000,7.74112,7.73889,1000000,1000000
2018-01-25 07:07:22.301000,7.74112,7.73875,1000000,1000000
2018-01-25 07:07:23.307000,7.74087,7.7385,1000000,1000000
2018-01-25 07:07:23.717000,7.74087,7.73859,1000000,1000000
2018-01-25 07:07:23.819000,7.74124,7.73888,1000000,1000000
2018-01-25 07:07:23.922000,7.74124,7.73893,1000000,1000000
2018-01-25 07:07:24.876000,7.74124,7.73894,1000000,1000000
2018-01-25 07:07:25.218000,7.74124,7.7389,1000000,1000000
2018-01-25 07:07:25.270000,7.74124,7.73888,1000000,1000000
2018-01-25 07:07:25.837000,7.74104,7.7387,1000000,1000000
2018-01-25 07:07:25.940000,7.74122,7.73886,1000000,1000000
2018-01-25 07:07:26.196000,7.74122,7.73896,1000000,1000000
2018-01-25 07:07:26.247000,7.74149,7.73912,1000000,1000000
2018-01-25 07:07:26.430000,7.74136,7.73899,1000000,1000000
2018-01-25 07:07:26.752000,7.74129,7.73894,1000000,1000000
2018-01-25 07:07:26.854000,7.74142,7.73905,1000000,1000000
2018-01-25 07:07:28.102000,7.74127,7.73908,1000000,1000000
2018-01-25 07:07:28.205000,7.7414,7.73905,1000000,1000000
2018-01-25 07:07:28.256000,7.7414,7.7391,1000000,1000000
2018-01-25 07:07:28.520000,7.74172,7.73935,1000000,1000000
2018-01-25 07:07:29.858000,7.74155,7.73918,1000000,1000000
2018-01-25 07:07:30.778000,7.74167,7.73931,1000000,1000000
2018-01-25 07:07:30.929000,7.7418,7.73943,1000000,1000000
2018-01-25 07:07:34.602000,7.7418,7.73944,1000000,1000000
2018-01-25 07:07:34.756000,7.7418,7.73948,1000000,1000000
2018-01-25 07:07:34.912000,7.7424,7.74003,1000000,1000000
2018-01-25 07:07:35.082000,7.74228,7.74003,1000000,1000000
2018-01-25 07:07:35.134000,7.74207,7.73973,1000000,1000000
2018-01-25 07:07:35.238000,7.74221,7.73988,1000000,1000000
2018-01-25 07:07:35.601000,7.74212,7.73976,1000000,1000000
2018-01-25 07:07:35.652000,7.74193,7.73957,1000000,1000000
2018-01-25 07:07:36.003000,7.74179,7.73945,1000000,1000000
2018-01-25 07:07:36.207000,7.74156,7.73919,1000000,1000000
2018-01-25 07:07:36.308000,7.74141,7.73907,1000000,1000000
2018-01-25 07:07:37.074000,7.74155,7.73918,1000000,1000000
2018-01-25 07:07:37.388000,7.74142,7.73906,1000000,1000000
2018-01-25 07:07:38.056000,7.74142,7.73913,1000000,1000000
2018-01-25 07:07:38.109000,7.74142,7.73907,1000000,1000000
2018-01-25 07:07:38.161000,7.74155,7.73918,1000000,1000000
2018-01-25 07:07:38.266000,7.74173,7.73937,1000000,1000000
2018-01-25 07:07:38.913000,7.74171,7.73937,1000000,1000000
2018-01-25 07:07:38.964000,7.74159,7.73924,1000000,1000000
2018-01-25 07:07:39.016000,7.74148,7.73924,1000000,1000000
2018-01-25 07:07:39.154000,7.74148,7.73912,1500000,1000000
2018-01-25 07:07:39.512000,7.74161,7.73924,1000000,1000000
2018-01-25 07:07:39.613000,7.74173,7.73937,1000000,1000000
2018-01-25 07:07:40.930000,7.74186,7.73966,1000000,1000000
2018-01-25 07:07:41.235000,7.74238,7.7402,1000000,1000000
2018-01-25 07:07:41.286000,7.74238,7.74011,1000000,1000000
2018-01-25 07:07:41.337000,7.74238,7.74002,1000000,1000000
2018-01-25 07:07:41.388000,7.74226,7.7399,1000000,1000000
2018-01-25 07:07:41.701000,7.74207,7.73971,1000000,1500000
2018-01-25 07:07:42.271000,7.74207,7.73976,1000000,1000000
2018-01-25 07:07:42.604000,7.74219,7.73984,1000000,1000000
2018-01-25 07:07:42.707000,7.74194,7.73961,1000000,1000000
2018-01-25 07:07:42.762000,7.74194,7.73959,1000000,1000000
2018-01-25 07:07:42.865000,7.74211,7.73974,1000000,1000000
2018-01-25 07:07:43.118000,7.74192,7.73955,1000000,1000000
2018-01-25 07:07:43.425000,7.7417,7.73937,1000000,1000000
2018-01-25 07:07:43.476000,7.7416,7.73925,1000000,1000000
2018-01-25 07:07:43.630000,7.74179,7.73943,1000000,1000000
2018-01-25 07:07:43.682000,7.74166,7.7393,1000000,1000000
2018-01-25 07:07:45.055000,7.74149,7.73917,1000000,1000000
2018-01-25 07:07:45.258000,7.74135,7.73899,1000000,1000000
2018-01-25 07:07:45.503000,7.74154,7.73917,1000000,1000000
2018-01-25 07:07:45.657000,7.74165,7.73931,1000000,1000000
2018-01-25 07:07:45.936000,7.74154,7.73917,1000000,1000000
2018-01-25 07:07:46.355000,7.74152,7.73917,1000000,1000000
2018-01-25 07:07:46.687000,7.74147,7.73917,1000000,1000000
