time,ask,bid,ask_volume,bid_volume
2019-03-06 12:55:00.185000,3.80552,3.80488,1000000,1000000
2019-03-06 12:55:00.322000,3.8055,3.80488,1000000,1000000
2019-03-06 12:55:00.372000,3.80552,3.80488,1000000,1000000
2019-03-06 12:55:00.423000,3.8055,3.80488,1000000,1000000
2019-03-06 12:55:00.473000,3.80552,3.80488,1000000,1000000
2019-03-06 12:55:12.400000,3.80542,3.80488,1000000,1000000
2019-03-06 12:55:16.266000,3.80532,3.80478,1000000,1000000
2019-03-06 12:55:16.899000,3.80532,3.80468,1000000,1000000
2019-03-06 12:55:16.950000,3.80528,3.80468,1000000,1000000
2019-03-06 12:55:18.943000,3.80521,3.80469,1000000,1000000
2019-03-06 12:55:19.133000,3.80528,3.80469,1000000,1000000
2019-03-06 12:55:21.708000,3.80522,3.80468,1000000,1000000
2019-03-06 12:55:21.909000,3.80528,3.80469,1000000,1000000
2019-03-06 12:55:28.813000,3.80528,3.80478,1000000,1000000
2019-03-06 12:55:28.864000,3.80521,3.80469,1000000,1000000
2019-03-06 12:55:28.965000,3.80521,3.80459,1000000,1000000
2019-03-06 12:55:29.262000,3.80512,3.80458,1000000,1000000
2019-03-06 12:55:29.776000,3.80512,3.80448,1000000,1000000
2019-03-06 12:55:29.876000,3.80502,3.80448,1000000,1000000
2019-03-06 12:55:29.977000,3.80512,3.80448,1000000,1000000
2019-03-06 12:55:33.755000,3.80513,3.80459,1000000,1000000
2019-03-06 12:55:33.805000,3.80518,3.80459,1000000,1000000
2019-03-06 12:55:34.008000,3.80521,3.80459,1000000,1000000
2019-03-06 12:55:37.033000,3.80512,3.80458,1000000,1000000
2019-03-06 12:55:37.191000,3.80521,3.80459,1000000,1000000
2019-03-06 12:55:38.620000,3.80522,3.80468,1000000,1000000
2019-03-06 12:55:39.668000,3.80522,3.80458,1000000,1000000
2019-03-06 12:55:39.830000,3.80522,3.80468,1000000,1000000
2019-03-06 12:55:40.306000,3.80531,3.80468,1000000,1000000
2019-03-06 12:55:40.609000,3.80532,3.80468,1000000,1000000
2019-03-06 12:55:43.941000,3.80537,3.80479,1000000,1000000
2019-03-06 12:55:44.036000,3.8054,3.80479,1000000,1000000
2019-03-06 12:55:46.401000,3.80541,3.80479,1000000,1000000
2019-03-06 12:55:47.666000,3.80532,3.80478,1000000,1000000
2019-03-06 12:55:47.867000,3.80542,3.80478,1000000,1000000
2019-03-06 12:55:50.763000,3.80541,3.80489,1000000,1000000
2019-03-06 12:55:50.967000,3.80542,3.80478,1000000,1000000
2019-03-06 12:55:55.765000,3.80542,3.80488,1000000,1000000
2019-03-06 12:56:03.730000,3.80541,3.80479,1000000,1000000
2019-03-06 12:56:03.936000,3.80542,3.80488,1000000,1000000
2019-03-06 12:56:07.219000,3.80546,3.80499,1000000,1000000
2019-03-06 12:56:07.269000,3.80555,3.80499,1000000,1000000
2019-03-06 12:56:07.320000,3.80561,3.80499,1000000,1000000
2019-03-06 12:56:07.744000,3.80561,3.80509,1000000,1000000
2019-03-06 12:56:08.053000,3.80562,3.80498,1000000,1000000
2019-03-06 12:56:10.222000,3.80561,3.80509,1000000,1000000
2019-03-06 12:56:13.644000,3.80564,3.80508,1000000,1000000
2019-03-06 12:56:13.695000,3.80564,3.80518,1000000,1000000
2019-03-06 12:56:13.805000,3.80564,3.80508,1000000,1000000
2019-03-06 12:56:13.856000,3.80572,3.80508,1000000,1000000
2019-03-06 12:56:13.907000,3.80572,3.80518,1000000,1000000
2019-03-06 12:56:14.013000,3.80578,3.80518,1000000,1000000
2019-03-06 12:56:14.240000,3.80571,3.80519,1000000,1000000
2019-03-06 12:56:14.594000,3.80581,3.80519,1000000,1000000
2019-03-06 12:56:15.015000,3.80572,3.80518,1000000,1000000
2019-03-06 12:56:15.117000,3.80581,3.80529,1000000,1000000
2019-03-06 12:56:15.345000,3.80584,3.80538,1000000,1000000
2019-03-06 12:56:15.462000,3.8059,3.80538,1000000,1000000
2019-03-06 12:56:15.614000,3.8059,3.80548,1000000,1000000
2019-03-06 12:56:15.665000,3.80597,3.80548,1000000,1000000
2019-03-06 12:56:16.124000,3.80591,3.80539,1000000,1000000
2019-03-06 12:56:16.540000,3.80597,3.80538,1000000,1000000
2019-03-06 12:56:17.057000,3.80591,3.80539,1000000,1000000
2019-03-06 12:56:19.693000,3.80582,3.80528,1000000,1000000
2019-03-06 12:56:19.844000,3.80582,3.80518,1000000,1000000
2019-03-06 12:56:23.529000,3.80571,3.80519,1000000,1000000
2019-03-06 12:56:23.631000,3.80561,3.80509,1000000,1000000
2019-03-06 12:56:23.682000,3.80561,3.80499,1000000,1000000
2019-03-06 12:56:23.733000,3.80562,3.80508,1000000,1000000
2019-03-06 12:56:25.099000,3.80562,3.80498,1000000,1000000
2019-03-06 12:56:25.149000,3.80562,3.80508,1000000,1000000
2019-03-06 12:56:26.942000,3.80562,3.80498,1000000,1000000
2019-03-06 12:56:27.043000,3.80551,3.80499,1000000,1000000
2019-03-06 12:56:29.567000,3.80561,3.80498,1000000,1000000
2019-03-06 12:56:29.735000,3.80561,3.80508,1000000,1000000
2019-03-06 12:56:30.628000,3.80561,3.80498,1000000,1000000
2019-03-06 12:56:30.679000,3.80561,3.80509,1500000,1000000
2019-03-06 12:56:31.897000,3.80561,3.80508,1000000,1000000
2019-03-06 12:56:33.962000,3.80561,3.80518,1000000,1000000
2019-03-06 12:56:34.013000,3.80568,3.80518,1000000,1000000
2019-03-06 12:56:37.816000,3.80572,3.80518,1000000,1000000
2019-03-06 12:56:37.967000,3.80569,3.80509,1000000,1000000
2019-03-06 12:56:41.612000,3.80569,3.80519,1000000,1000000
2019-03-06 12:56:41.759000,3.80572,3.80518,1000000,1000000
2019-03-06 12:56:41.860000,3.80571,3.80519,1000000,1000000
2019-03-06 12:56:41.911000,3.80567,3.80508,1000000,1000000
2019-03-06 12:56:43.934000,3.80567,3.80518,1000000,1000000
2019-03-06 12:56:44.104000,3.80567,3.80508,1000000,1000000
2019-03-06 12:56:45.762000,3.80567,3.80518,1000000,1000000
2019-03-06 12:56:46.020000,3.80576,3.80529,1000000,1000000
2019-03-06 12:56:46.157000,3.80575,3.80529,1000000,1000000
2019-03-06 12:56:47.298000,3.80575,3.80519,1000000,1000000
2019-03-06 12:56:47.505000,3.80575,3.80528,1000000,1000000
2019-03-06 12:56:49.273000,3.80581,3.80528,1000000,1000000
2019-03-06 12:56:58.632000,3.80581,3.80529,1500000,1000000
2019-03-06 12:56:59.968000,3.80581,3.80528,1000000,1000000
2019-03-06 12:57:06.367000,3.80581,3.80518,1000000,1000000
2019-03-06 12:57:06.620000,3.80581,3.80528,1000000,1000000
2019-03-06 12:57:06.721000,3.80575,3.80528,1000000,1000000
2019-03-06 12:57:08.526000,3.80575,3.80518,1000000,1000000
2019-03-06 12:57:08.795000,3.80572,3.80518,1000000,1000000
2019-03-06 12:57:08.974000,3.8057,3.80518,1000000,1000000
2019-03-06 12:57:09.024000,3.8057,3.80508,1000000,1000000
2019-03-06 12:57:09.075000,3.8057,3.80519,1000000,1000000
2019-03-06 12:57:09.126000,3.80575,3.80519,1000000,1000000
2019-03-06 12:57:09.510000,3.80575,3.80528,1000000,1000000
2019-03-06 12:57:10.685000,3.80572,3.80518,1000000,1000000
2019-03-06 12:57:10.876000,3.80572,3.80508,1000000,1000000
2019-03-06 12:57:10.927000,3.80569,3.80508,1000000,1000000
2019-03-06 12:57:12.220000,3.80561,3.80509,1000000,1000000
2019-03-06 12:57:14.567000,3.80561,3.80499,1000000,1000000
2019-03-06 12:57:14.727000,3.80552,3.80498,1000000,1000000
2019-03-06 12:57:16.133000,3.80562,3.80498,1000000,1000000
2019-03-06 12:57:25.819000,3.80562,3.80508,1000000,1000000
2019-03-06 12:57:27.804000,3.80562,3.80498,1000000,1000000
2019-03-06 12:57:29.101000,3.8057,3.80498,1000000,1000000
2019-03-06 12:57:29.152000,3.80562,3.80508,1000000,1000000
2019-03-06 12:57:35.072000,3.80561,3.80499,1000000,1000000
2019-03-06 12:57:35.827000,3.80562,3.80508,1000000,1000000
2019-03-06 12:57:41.128000,3.8057,3.80508,1000000,1000000
2019-03-06 12:57:41.229000,3.80561,3.80509,1000000,1000000
2019-03-06 12:57:41.330000,3.80562,3.80498,1000000,1000000
2019-03-06 12:57:41.381000,3.80561,3.80509,1000000,1000000
2019-03-06 12:57:43.136000,3.80562,3.80498,1000000,1000000
2019-03-06 12:57:53.809000,3.80562,3.80488,1000000,1000000
2019-03-06 12:57:55.563000,3.80561,3.80499,1000000,1000000
2019-03-06 12:57:57.575000,3.80562,3.80508,1000000,1000000
2019-03-06 12:57:57.676000,3.80572,3.80518,1000000,1000000
2019-03-06 12:57:58.527000,3.80571,3.80509,1000000,1000000
2019-03-06 12:57:58.774000,3.80572,3.80518,1000000,1000000
2019-03-06 12:57:58.928000,3.8058,3.80519,1000000,1000000
2019-03-06 12:58:06.110000,3.80582,3.80528,1000000,1000000
2019-03-06 12:58:08.601000,3.80581,3.80519,1000000,1000000
2019-03-06 12:58:09.047000,3.80582,3.80528,1000000,1000000
2019-03-06 12:58:09.098000,3.80587,3.80529,1500000,1000000
2019-03-06 12:58:09.149000,3.80587,3.80538,1000000,1000000
2019-03-06 12:58:09.250000,3.80592,3.80538,1500000,1000000
2019-03-06 12:58:09.586000,3.80591,3.80529,1000000,1000000
2019-03-06 12:58:09.687000,3.80581,3.80519,1000000,1000000
2019-03-06 12:58:09.738000,3.80592,3.80528,1000000,1000000
2019-03-06 12:58:09.840000,3.80592,3.80538,1500000,1000000
2019-03-06 12:58:09.991000,3.80582,3.80528,1000000,1000000
2019-03-06 12:58:10.093000,3.80592,3.80528,1500000,1000000
2019-03-06 12:58:11.253000,3.80582,3.80528,1000000,1000000
2019-03-06 12:58:11.473000,3.80581,3.80519,1000000,1000000
2019-03-06 12:58:17.929000,3.80582,3.80528,1000000,1000000
2019-03-06 12:58:18.065000,3.80591,3.80528,1000000,1000000
2019-03-06 12:58:18.215000,3.80582,3.80528,1000000,1000000
2019-03-06 12:58:18.265000,3.80581,3.80519,1000000,1000000
2019-03-06 12:58:19.598000,3.80572,3.80518,1000000,1000000
2019-03-06 12:58:26.066000,3.80582,3.80518,1000000,1000000
2019-03-06 12:58:26.217000,3.80572,3.80518,1000000,1000000
2019-03-06 12:58:26.876000,3.80582,3.80518,1000000,1000000
2019-03-06 12:58:34.225000,3.80571,3.80519,1000000,1000000
2019-03-06 12:58:34.276000,3.80582,3.80518,1000000,1000000
2019-03-06 12:58:41.119000,3.80581,3.80529,1000000,1000000
2019-03-06 12:58:41.220000,3.80582,3.80518,1000000,1000000
2019-03-06 12:58:41.762000,3.80582,3.80528,1000000,1000000
2019-03-06 12:58:42.143000,3.80581,3.80519,1000000,1000000
2019-03-06 12:58:44.728000,3.80582,3.80528,1000000,1000000
2019-03-06 12:58:44.779000,3.80581,3.80519,1000000,1000000
2019-03-06 12:59:00.082000,3.80571,3.80519,1000000,1000000
2019-03-06 12:59:00.183000,3.80572,3.80508,1000000,1000000
2019-03-06 12:59:00.407000,3.80562,3.80508,1000000,1000000
2019-03-06 12:59:00.918000,3.80562,3.80498,1000000,1000000
2019-03-06 12:59:01.019000,3.80552,3.80488,1000000,1000000
2019-03-06 12:59:01.120000,3.80542,3.80488,1000000,1000000
2019-03-06 12:59:01.220000,3.80551,3.80489,1000000,1000000
2019-03-06 12:59:01.429000,3.80552,3.80498,1000000,1000000
2019-03-06 12:59:01.480000,3.80551,3.80489,1000000,1000000
2019-03-06 12:59:01.580000,3.80542,3.80488,1000000,1000000
2019-03-06 12:59:02.840000,3.80541,3.80479,1000000,1000000
2019-03-06 12:59:04.989000,3.80542,3.80488,1000000,1000000
2019-03-06 12:59:11.066000,3.80551,3.80489,1000000,1000000
2019-03-06 12:59:11.117000,3.80552,3.80498,1000000,1000000
2019-03-06 12:59:11.262000,3.80558,3.80499,1000000,1000000
2019-03-06 12:59:11.384000,3.80561,3.80499,1000000,1000000
2019-03-06 12:59:14.048000,3.80562,3.80508,1000000,1000000
2019-03-06 12:59:14.099000,3.80571,3.80508,1000000,1000000
2019-03-06 12:59:14.150000,3.80562,3.80508,1000000,1000000
2019-03-06 12:59:16.968000,3.80562,3.80498,1000000,1000000
2019-03-06 12:59:17.069000,3.80561,3.80509,1000000,1000000
2019-03-06 12:59:24.117000,3.80562,3.80498,1000000,1000000
2019-03-06 12:59:26.125000,3.80562,3.80508,1000000,1000000
2019-03-06 12:59:26.369000,3.80561,3.80499,1000000,1000000
2019-03-06 12:59:26.542000,3.80562,3.80508,1000000,1000000
2019-03-06 12:59:28.025000,3.80562,3.80498,1000000,1000000
2019-03-06 12:59:31.051000,3.80562,3.80508,1000000,1000000
2019-03-06 12:59:31.254000,3.80572,3.80508,1000000,1000000
2019-03-06 12:59:31.730000,3.80571,3.80519,1000000,1000000
2019-03-06 12:59:32.520000,3.80572,3.80508,1000000,1000000
2019-03-06 12:59:34.135000,3.80562,3.80508,1000000,1000000
2019-03-06 12:59:34.187000,3.80562,3.80498,1000000,1000000
2019-03-06 12:59:36.281000,3.80552,3.80498,1000000,1000000
2019-03-06 12:59:36.629000,3.80561,3.80499,1000000,1000000
2019-03-06 12:59:46.036000,3.80552,3.80498,1000000,1000000
2019-03-06 12:59:46.100000,3.80562,3.80498,1000000,1000000
2019-03-06 12:59:50.039000,3.80571,3.80509,1000000,1000000
2019-03-06 12:59:50.254000,3.80562,3.80498,1000000,1000000
2019-03-06 12:59:52.124000,3.80552,3.80488,1000000,1000000
2019-03-06 12:59:56.062000,3.80542,3.80488,1000000,1000000
2019-03-06 12:59:56.144000,3.80542,3.80478,1000000,1000000
2019-03-06 12:59:56.245000,3.80542,3.80488,1000000,1000000
2019-03-06 12:59:56.541000,3.80548,3.80489,1000000,1000000
2019-03-06 12:59:56.592000,3.80548,3.80498,1000000,1000000
2019-03-06 12:59:56.672000,3.80552,3.80498,1000000,1000000
2019-03-06 12:59:59.567000,3.80552,3.80488,1000000,1000000
2019-03-06 13:00:00.060000,3.80541,3.80489,1000000,1000000
2019-03-06 13:00:00.211000,3.80551,3.80489,1000000,1000000
2019-03-06 13:00:00.457000,3.80542,3.80488,1000000,1000000
2019-03-06 13:00:00.558000,3.80542,3.80478,1000000,1000000
2019-03-06 13:00:00.608000,3.80532,3.80478,1000000,1000000
2019-03-06 13:00:00.709000,3.80531,3.80469,1000000,1000000
2019-03-06 13:00:00.920000,3.80522,3.80468,1000000,1000000
2019-03-06 13:00:00.970000,3.80532,3.80468,1000000,1000000
2019-03-06 13:00:01.021000,3.80522,3.80458,1000000,1000000
2019-03-06 13:00:01.172000,3.80512,3.80458,1000000,1000000
2019-03-06 13:00:01.282000,3.80521,3.80469,1000000,1000000
2019-03-06 13:00:01.754000,3.80532,3.80468,1000000,1000000
2019-03-06 13:00:02.187000,3.80522,3.80468,1000000,1000000
2019-03-06 13:00:02.344000,3.80532,3.80468,1000000,1000000
2019-03-06 13:00:02.480000,3.80532,3.80478,1000000,1000000
2019-03-06 13:00:02.530000,3.80532,3.80468,1000000,1000000
2019-03-06 13:00:02.935000,3.80531,3.80479,1000000,1000000
2019-03-06 13:00:02.986000,3.80531,3.80469,1000000,1000000
2019-03-06 13:00:03.249000,3.80532,3.80478,1000000,1000000
2019-03-06 13:00:03.302000,3.8054,3.80478,1000000,1000000
2019-03-06 13:00:03.403000,3.80542,3.80478,1000000,1000000
2019-03-06 13:00:03.504000,3.80532,3.80478,1000000,1000000
2019-03-06 13:00:03.655000,3.80531,3.80469,1000000,1000000
2019-03-06 13:00:03.931000,3.80532,3.80478,1000000,1000000
2019-03-06 13:00:04.032000,3.80531,3.80469,1000000,1000000
2019-03-06 13:00:05.497000,3.80521,3.80469,1000000,1000000
2019-03-06 13:00:05.548000,3.80522,3.80458,1000000,1000000
2019-03-06 13:00:05.598000,3.80512,3.80458,1000000,1000000
2019-03-06 13:00:06.644000,3.80512,3.80448,1000000,1000000
2019-03-06 13:00:06.759000,3.80511,3.80459,1000000,1000000
2019-03-06 13:00:06.860000,3.80519,3.80469,1000000,1000000
2019-03-06 13:00:06.911000,3.80521,3.80469,1000000,1000000
2019-03-06 13:00:07.148000,3.80512,3.80458,1000000,1000000
2019-03-06 13:00:07.249000,3.80511,3.80449,1000000,1000000
2019-03-06 13:00:07.299000,3.80512,3.80458,1000000,1000000
2019-03-06 13:00:08.619000,3.80511,3.80449,1000000,1000000
2019-03-06 13:00:09.706000,3.80512,3.80458,1000000,1000000
2019-03-06 13:00:11.076000,3.80521,3.80458,1000000,1000000
2019-03-06 13:00:11.177000,3.80522,3.80468,1000000,1000000
2019-03-06 13:00:14.332000,3.80527,3.80468,1000000,1000000
2019-03-06 13:00:14.463000,3.80532,3.80468,1000000,1000000
2019-03-06 13:00:14.568000,3.80521,3.80469,1000000,1000000
2019-03-06 13:00:14.669000,3.80531,3.80469,1000000,1000000
2019-03-06 13:00:16.926000,3.80531,3.80479,1000000,1000000
2019-03-06 13:00:18.612000,3.80532,3.80468,1000000,1000000
2019-03-06 13:00:29.647000,3.80531,3.80479,1000000,1000000
2019-03-06 13:00:31.277000,3.80539,3.80479,1000000,1000000
2019-03-06 13:00:31.378000,3.80539,3.80489,1000000,1000000
2019-03-06 13:00:31.458000,3.80541,3.80489,1000000,1000000
2019-03-06 13:00:31.619000,3.80541,3.80479,1000000,1000000
2019-03-06 13:00:31.720000,3.80532,3.80478,1000000,1000000
2019-03-06 13:00:36.685000,3.80521,3.80469,1000000,1000000
2019-03-06 13:00:38.391000,3.80522,3.80458,1000000,1000000
2019-03-06 13:00:38.442000,3.80501,3.80449,1000000,1000000
2019-03-06 13:00:38.543000,3.80502,3.80448,1000000,1500000
2019-03-06 13:00:38.854000,3.80502,3.80438,1000000,1000000
2019-03-06 13:00:39.213000,3.80491,3.80429,1000000,1000000
2019-03-06 13:00:42.530000,3.80482,3.80418,1000000,1000000
2019-03-06 13:00:42.660000,3.80482,3.80428,1000000,1000000
2019-03-06 13:00:42.824000,3.80492,3.80428,1500000,1000000
2019-03-06 13:00:43.428000,3.80482,3.80428,1000000,1000000
2019-03-06 13:00:43.478000,3.80481,3.80419,1000000,1000000
2019-03-06 13:00:43.579000,3.80471,3.80419,1000000,1000000
2019-03-06 13:00:43.740000,3.80482,3.80418,1000000,1000000
2019-03-06 13:00:44.073000,3.80472,3.80418,1000000,1000000
2019-03-06 13:00:44.986000,3.80481,3.80419,1000000,1000000
2019-03-06 13:00:45.037000,3.80482,3.80428,1000000,1000000
2019-03-06 13:00:45.138000,3.80492,3.80428,1000000,1000000
2019-03-06 13:00:45.383000,3.80481,3.80429,1000000,1000000
2019-03-06 13:00:45.436000,3.80482,3.80418,1000000,1000000
2019-03-06 13:00:46.860000,3.80472,3.80418,1000000,1000000
2019-03-06 13:00:47.874000,3.80471,3.80409,1000000,1000000
2019-03-06 13:00:49.541000,3.80471,3.80419,1000000,1000000
2019-03-06 13:00:49.592000,3.80482,3.80418,1000000,1000000
2019-03-06 13:00:49.643000,3.80492,3.80428,1000000,1000000
2019-03-06 13:00:49.744000,3.80482,3.80428,1000000,1000000
2019-03-06 13:00:52.172000,3.80482,3.80418,1000000,1000000
2019-03-06 13:00:52.283000,3.80472,3.80418,1000000,1000000
2019-03-06 13:00:54.023000,3.80462,3.80408,1000000,1000000
2019-03-06 13:00:54.161000,3.80452,3.80398,1000000,1000000
2019-03-06 13:00:54.809000,3.80462,3.80398,1000000,1000000
2019-03-06 13:00:55.013000,3.80451,3.80399,1000000,1000000
2019-03-06 13:00:55.363000,3.80462,3.80398,1000000,1000000
2019-03-06 13:00:55.413000,3.80462,3.80408,1000000,1000000
2019-03-06 13:00:55.464000,3.80462,3.80398,1000000,1000000
2019-03-06 13:00:55.766000,3.80461,3.80409,1000000,1000000
2019-03-06 13:00:55.875000,3.80472,3.80408,1000000,1000000
2019-03-06 13:00:55.926000,3.80462,3.80398,1000000,1000000
2019-03-06 13:00:56.077000,3.80462,3.80408,1000000,1000000
2019-03-06 13:00:56.178000,3.80462,3.80398,1000000,1000000
2019-03-06 13:00:56.242000,3.80451,3.80399,1000000,1000000
2019-03-06 13:01:02.244000,3.80462,3.80398,1000000,1000000
2019-03-06 13:01:02.327000,3.80462,3.80408,1000000,1000000
2019-03-06 13:01:02.377000,3.80472,3.80408,1000000,1000000
2019-03-06 13:01:05.068000,3.80461,3.80409,1000000,1000000
2019-03-06 13:01:05.239000,3.80472,3.80408,1000000,1000000
2019-03-06 13:01:05.290000,3.80461,3.80409,1000000,1000000
2019-03-06 13:01:06.047000,3.80472,3.80408,1000000,1000000
2019-03-06 13:01:06.097000,3.80462,3.80408,1000000,1000000
2019-03-06 13:01:07.172000,3.80452,3.80398,1000000,1000000
2019-03-06 13:01:08.048000,3.80462,3.80398,1000000,1000000
2019-03-06 13:01:09.411000,3.80452,3.80388,1000000,1000000
2019-03-06 13:01:09.512000,3.80451,3.80399,1000000,1000000
2019-03-06 13:01:10.603000,3.80452,3.80388,1000000,1000000
2019-03-06 13:01:15.879000,3.80442,3.80378,1000000,1000000
2019-03-06 13:01:22.674000,3.80432,3.80378,1000000,1000000
2019-03-06 13:01:23.570000,3.80442,3.80378,1000000,1000000
2019-03-06 13:01:25.379000,3.80442,3.80368,1000000,1500000
2019-03-06 13:01:25.429000,3.80432,3.80368,1000000,1500000
2019-03-06 13:01:25.530000,3.80422,3.80368,1000000,1500000
2019-03-06 13:01:25.631000,3.80422,3.80368,1000000,1500000
2019-03-06 13:01:25.766000,3.80422,3.80368,1000000,1500000
2019-03-06 13:01:25.898000,3.80422,3.80368,1000000,1500000
2019-03-06 13:01:25.949000,3.80431,3.80369,1000000,1120000
2019-03-06 13:01:26.050000,3.80432,3.80378,1000000,1000000
2019-03-06 13:01:26.568000,3.80442,3.80378,1000000,1000000
2019-03-06 13:01:26.815000,3.80442,3.80388,1000000,1000000
2019-03-06 13:01:26.865000,3.80442,3.80378,1000000,1000000
2019-03-06 13:01:26.967000,3.80441,3.80379,1000000,1000000
2019-03-06 13:01:29.714000,3.80442,3.80388,1000000,1000000
2019-03-06 13:01:30.313000,3.80452,3.80388,1000000,1000000
2019-03-06 13:01:30.418000,3.80441,3.80389,1000000,1000000
2019-03-06 13:01:31.446000,3.80452,3.80388,1000000,1000000
2019-03-06 13:01:32.098000,3.80451,3.80389,1000000,1000000
2019-03-06 13:01:32.180000,3.80452,3.80398,1000000,1000000
2019-03-06 13:01:32.231000,3.80452,3.80388,1000000,1000000
2019-03-06 13:01:37.120000,3.80452,3.80398,1000000,1000000
2019-03-06 13:01:37.170000,3.80451,3.80389,1000000,1000000
2019-03-06 13:01:37.221000,3.80452,3.80398,1000000,1000000
2019-03-06 13:01:37.455000,3.80461,3.80398,1000000,1000000
2019-03-06 13:01:37.572000,3.80462,3.80398,1000000,1000000
2019-03-06 13:01:37.623000,3.80461,3.80409,1000000,1000000
2019-03-06 13:01:40.601000,3.80471,3.80409,1000000,1000000
2019-03-06 13:01:40.651000,3.80472,3.80418,1000000,1000000
2019-03-06 13:01:40.903000,3.80482,3.80418,1000000,1000000
2019-03-06 13:01:41.107000,3.80482,3.80428,1000000,1000000
2019-03-06 13:01:41.606000,3.80482,3.80418,1000000,1000000
2019-03-06 13:01:41.713000,3.80481,3.80429,1000000,1000000
2019-03-06 13:01:41.764000,3.80481,3.80419,1000000,1000000
2019-03-06 13:01:49.601000,3.80481,3.80429,1000000,1000000
2019-03-06 13:01:51.232000,3.80482,3.80418,1000000,1000000
2019-03-06 13:01:51.282000,3.80462,3.80408,1000000,1000000
2019-03-06 13:02:01.746000,3.80471,3.80409,1000000,1000000
2019-03-06 13:02:01.847000,3.80472,3.80418,1000000,1000000
2019-03-06 13:02:01.898000,3.80472,3.80408,1000000,1000000
2019-03-06 13:02:01.948000,3.80472,3.80418,1000000,1000000
2019-03-06 13:02:03.402000,3.80471,3.80409,1000000,1000000
2019-03-06 13:02:03.453000,3.80471,3.80419,1000000,1000000
2019-03-06 13:02:04.141000,3.80472,3.80408,1000000,1000000
2019-03-06 13:02:04.192000,3.80462,3.80408,1000000,1000000
2019-03-06 13:02:04.658000,3.80472,3.80408,1000000,1000000
2019-03-06 13:02:06.382000,3.80472,3.80418,1000000,1000000
2019-03-06 13:02:06.433000,3.80472,3.80408,1000000,1000000
2019-03-06 13:02:07.140000,3.80471,3.80419,1000000,1000000
2019-03-06 13:02:07.191000,3.80472,3.80408,1000000,1000000
2019-03-06 13:02:08.801000,3.80472,3.80418,1000000,1000000
2019-03-06 13:02:09.477000,3.80462,3.80408,1000000,1000000
2019-03-06 13:02:11.275000,3.80471,3.80409,1000000,1000000
2019-03-06 13:02:11.417000,3.80462,3.80408,1000000,1000000
2019-03-06 13:02:11.866000,3.80461,3.80399,1000000,1000000
2019-03-06 13:02:14.568000,3.80461,3.80409,1000000,1000000
2019-03-06 13:02:20.884000,3.80472,3.80408,1000000,1000000
2019-03-06 13:02:24.997000,3.80462,3.80408,1000000,1000000
2019-03-06 13:02:25.562000,3.80471,3.80409,1000000,1000000
2019-03-06 13:02:25.714000,3.80462,3.80408,1000000,1000000
2019-03-06 13:02:29.568000,3.80472,3.80408,1000000,1000000
2019-03-06 13:02:38.569000,3.80462,3.80408,1000000,1000000
2019-03-06 13:02:39.928000,3.80472,3.80408,1000000,1000000
2019-03-06 13:02:39.978000,3.80472,3.80418,1000000,1000000
2019-03-06 13:02:40.328000,3.80482,3.80418,1000000,1000000
2019-03-06 13:02:40.429000,3.80472,3.80418,1000000,1000000
2019-03-06 13:02:45.434000,3.80482,3.80418,1000000,1000000
2019-03-06 13:02:45.678000,3.80471,3.80419,1000000,1000000
2019-03-06 13:02:47.046000,3.80462,3.80408,1000000,1000000
2019-03-06 13:02:48.591000,3.80462,3.80398,1000000,1000000
2019-03-06 13:02:52.695000,3.80452,3.80398,1000000,1000000
2019-03-06 13:02:52.790000,3.80462,3.80398,1000000,1000000
2019-03-06 13:02:53.084000,3.80452,3.80398,1000000,1000000
2019-03-06 13:02:53.134000,3.80452,3.80388,1000000,1000000
2019-03-06 13:02:55.178000,3.80441,3.80389,1000000,1000000
2019-03-06 13:03:00.851000,3.80443,3.80398,1000000,1000000
2019-03-06 13:03:00.942000,3.80451,3.80398,1000000,1000000
2019-03-06 13:03:01.094000,3.80452,3.80398,1000000,1000000
2019-03-06 13:03:01.506000,3.80459,3.80399,1000000,1000000
2019-03-06 13:03:03.692000,3.80446,3.80388,1000000,1000000
2019-03-06 13:03:03.743000,3.80451,3.80388,1000000,1000000
2019-03-06 13:03:04.775000,3.80442,3.80388,1000000,1000000
2019-03-06 13:03:04.826000,3.80442,3.80378,1000000,1000000
2019-03-06 13:03:04.972000,3.8044,3.80378,1000000,1000000
2019-03-06 13:03:06.231000,3.80442,3.80378,1000000,1000000
2019-03-06 13:03:07.882000,3.80408,3.80378,1000000,1000000
2019-03-06 13:03:08.456000,3.80408,3.80368,1000000,1000000
2019-03-06 13:03:08.765000,3.80408,3.80379,1000000,1000000
2019-03-06 13:03:10.944000,3.80408,3.80368,1000000,1000000
2019-03-06 13:03:14.568000,3.80408,3.80378,1000000,1000000
2019-03-06 13:03:15.866000,3.80407,3.80378,1000000,1000000
2019-03-06 13:03:18.539000,3.80407,3.80388,1000000,1000000
2019-03-06 13:03:18.857000,3.80408,3.80388,1000000,1000000
2019-03-06 13:03:22.401000,3.80407,3.80388,1000000,1000000
2019-03-06 13:03:23.446000,3.8045,3.80388,1000000,1000000
2019-03-06 13:03:23.583000,3.80449,3.80388,1000000,1000000
2019-03-06 13:03:24.009000,3.8045,3.80388,1000000,1000000
2019-03-06 13:03:24.110000,3.80411,3.80378,1000000,1000000
2019-03-06 13:03:31.560000,3.80411,3.80389,1000000,1000000
2019-03-06 13:03:31.710000,3.80414,3.80389,1000000,1000000
2019-03-06 13:03:31.811000,3.80415,3.80389,1000000,1000000
2019-03-06 13:03:31.912000,3.80415,3.80388,1000000,1000000
2019-03-06 13:03:32.091000,3.80414,3.80388,1000000,1000000
2019-03-06 13:03:32.207000,3.80412,3.80388,1000000,1000000
2019-03-06 13:03:32.308000,3.80417,3.80388,1000000,1000000
2019-03-06 13:03:34.451000,3.8042,3.80388,1000000,1000000
2019-03-06 13:03:34.989000,3.80417,3.80388,1000000,1000000
2019-03-06 13:03:36.008000,3.80417,3.80399,1000000,1000000
2019-03-06 13:03:36.109000,3.80419,3.80398,1000000,1000000
2019-03-06 13:03:36.260000,3.80425,3.80398,1000000,1000000
2019-03-06 13:03:36.311000,3.80462,3.80398,1000000,1000000
2019-03-06 13:03:37.855000,3.80462,3.80408,1000000,1000000
2019-03-06 13:03:38.645000,3.80471,3.80409,1000000,1000000
2019-03-06 13:03:38.862000,3.80462,3.80398,1000000,1000000
2019-03-06 13:03:39.197000,3.80471,3.80409,1000000,1000000
2019-03-06 13:03:39.401000,3.80462,3.80398,1000000,1000000
2019-03-06 13:03:44.568000,3.80462,3.80408,1000000,1000000
2019-03-06 13:03:45.313000,3.80471,3.80408,1000000,1000000
2019-03-06 13:03:45.443000,3.80472,3.80408,1000000,1000000
2019-03-06 13:03:51.331000,3.80462,3.80408,1000000,1000000
2019-03-06 13:03:51.382000,3.80462,3.80398,1000000,1000000
2019-03-06 13:04:03.756000,3.80452,3.80398,1000000,1000000
2019-03-06 13:04:03.806000,3.80462,3.80398,1500000,1000000
2019-03-06 13:04:04.412000,3.80452,3.80388,1000000,1000000
2019-03-06 13:04:04.614000,3.80442,3.80388,1000000,1000000
2019-03-06 13:04:10.151000,3.80452,3.80388,1000000,1000000
2019-03-06 13:04:11.033000,3.80442,3.80388,1000000,1000000
2019-03-06 13:04:11.227000,3.80451,3.80389,1000000,1000000
2019-03-06 13:04:16.098000,3.80442,3.80388,1000000,1000000
2019-03-06 13:04:17.822000,3.80452,3.80388,1000000,1000000
2019-03-06 13:04:18.023000,3.80441,3.80389,1000000,1000000
2019-03-06 13:04:18.895000,3.80451,3.80389,1000000,1000000
2019-03-06 13:04:18.945000,3.80442,3.80388,1000000,1000000
2019-03-06 13:04:28.019000,3.80445,3.80388,1000000,1000000
2019-03-06 13:04:28.233000,3.80441,3.80389,1000000,1000000
2019-03-06 13:04:29.233000,3.80452,3.80388,1000000,1000000
2019-03-06 13:04:29.614000,3.80442,3.80388,1000000,1000000
2019-03-06 13:04:31.099000,3.80441,3.80379,1000000,1000000
2019-03-06 13:04:41.938000,3.80432,3.80368,1000000,1500000
2019-03-06 13:04:42.040000,3.80421,3.80364,1000000,1500000
2019-03-06 13:04:42.148000,3.80411,3.80356,1000000,1500000
2019-03-06 13:04:42.199000,3.80402,3.80338,1000000,1500000
2019-03-06 13:04:42.451000,3.80391,3.80339,1000000,1500000
2019-03-06 13:04:42.847000,3.80382,3.80329,1000000,1000000
2019-03-06 13:04:42.998000,3.80392,3.80334,1500000,1000000
2019-03-06 13:04:43.049000,3.80381,3.80333,1000000,1000000
2019-03-06 13:04:43.150000,3.80382,3.80333,1000000,1000000
2019-03-06 13:04:43.252000,3.80391,3.80335,1000000,1000000
2019-03-06 13:04:43.403000,3.80391,3.80334,1000000,1000000
2019-03-06 13:04:43.697000,3.80381,3.80335,1000000,1000000
2019-03-06 13:04:43.807000,3.80381,3.80329,1000000,1000000
2019-03-06 13:04:46.148000,3.80391,3.80329,1000000,1000000
2019-03-06 13:04:47.262000,3.80382,3.80328,1000000,1000000
2019-03-06 13:04:47.844000,3.80392,3.80328,1000000,1000000
2019-03-06 13:04:48.497000,3.80382,3.80318,1000000,1000000
2019-03-06 13:04:48.806000,3.80381,3.80329,1000000,1000000
2019-03-06 13:04:48.907000,3.80391,3.80329,1000000,1000000
2019-03-06 13:04:56.835000,3.80381,3.80329,1000000,1000000
2019-03-06 13:04:58.612000,3.80392,3.80328,1000000,1000000
2019-03-06 13:05:01.573000,3.80392,3.80338,1000000,1000000
2019-03-06 13:05:01.725000,3.80402,3.80338,1000000,1000000
2019-03-06 13:05:07.221000,3.80401,3.80349,1000000,1000000
2019-03-06 13:05:07.335000,3.80411,3.80349,1000000,1000000
2019-03-06 13:05:07.914000,3.80401,3.80339,1000000,1000000
2019-03-06 13:05:28.892000,3.80412,3.80348,1000000,1000000
2019-03-06 13:05:29.112000,3.80401,3.80339,1000000,1000000
2019-03-06 13:05:29.568000,3.80401,3.80349,1000000,1000000
2019-03-06 13:05:30.263000,3.80412,3.80348,1000000,1000000
2019-03-06 13:05:30.506000,3.80401,3.80339,1000000,1000000
2019-03-06 13:05:30.607000,3.80411,3.80349,1000000,1000000
2019-03-06 13:05:32.410000,3.80402,3.80338,1000000,1000000
2019-03-06 13:05:37.015000,3.80392,3.80338,1000000,1000000
2019-03-06 13:05:38.471000,3.80392,3.80328,1000000,1000000
2019-03-06 13:05:38.700000,3.80392,3.80338,1000000,1000000
2019-03-06 13:05:40.353000,3.80391,3.80329,1000000,1000000
2019-03-06 13:05:43.438000,3.80391,3.80339,1000000,1000000
2019-03-06 13:05:43.489000,3.80392,3.80328,1000000,1000000
2019-03-06 13:05:47.596000,3.80382,3.80318,1000000,1000000
2019-03-06 13:05:47.823000,3.80372,3.80312,1000000,1200000
2019-03-06 13:05:47.924000,3.80372,3.80308,1000000,1800000
2019-03-06 13:05:48.199000,3.80372,3.80308,1000000,1300000
2019-03-06 13:05:48.422000,3.80372,3.80308,1000000,1000000
2019-03-06 13:05:49.012000,3.80362,3.80302,1000000,1950000
2019-03-06 13:05:50.190000,3.80362,3.80303,1000000,1950000
2019-03-06 13:05:50.241000,3.80362,3.80298,1000000,1350000
2019-03-06 13:05:57.818000,3.80352,3.80298,1000000,1000000
2019-03-06 13:05:57.869000,3.80362,3.80298,1000000,1000000
2019-03-06 13:05:57.920000,3.80372,3.80298,1000000,1000000
2019-03-06 13:06:03.218000,3.80372,3.80308,1000000,1000000
2019-03-06 13:06:08.263000,3.80362,3.80298,1000000,1000000
2019-03-06 13:06:10.908000,3.80362,3.80308,1000000,1000000
2019-03-06 13:06:14.569000,3.80372,3.80308,1000000,1000000
2019-03-06 13:06:16.099000,3.80362,3.80308,1000000,1000000
2019-03-06 13:06:23.610000,3.80371,3.80309,1000000,1000000
2019-03-06 13:06:25.100000,3.80362,3.80308,1000000,1000000
2019-03-06 13:06:29.592000,3.80362,3.80298,1000000,1000000
2019-03-06 13:06:59.979000,3.80362,3.80308,1000000,1000000
2019-03-06 13:07:00.099000,3.80381,3.80318,1000000,1000000
2019-03-06 13:07:00.200000,3.80382,3.80318,1000000,1000000
2019-03-06 13:07:01.104000,3.80381,3.80329,1000000,1000000
2019-03-06 13:07:03.060000,3.80392,3.80328,1000000,1000000
2019-03-06 13:07:04.071000,3.80392,3.80328,1000000,1500000
2019-03-06 13:07:04.139000,3.80392,3.80328,1000000,1000000
2019-03-06 13:07:04.431000,3.80391,3.80339,1000000,1000000
2019-03-06 13:07:04.684000,3.80402,3.80338,1000000,1000000
2019-03-06 13:07:04.835000,3.80391,3.80339,1000000,1000000
2019-03-06 13:07:05.421000,3.80402,3.80338,1000000,1000000
2019-03-06 13:07:06.348000,3.80392,3.80338,1000000,1000000
2019-03-06 13:07:06.398000,3.80392,3.80328,1000000,1000000
2019-03-06 13:07:09.053000,3.80382,3.80318,1000000,1000000
2019-03-06 13:07:09.733000,3.80381,3.80329,1000000,1000000
2019-03-06 13:07:09.857000,3.80391,3.80329,1000000,1000000
2019-03-06 13:07:09.908000,3.80392,3.80338,1000000,1000000
2019-03-06 13:07:14.569000,3.80391,3.80329,1000000,1000000
2019-03-06 13:07:19.020000,3.80382,3.80321,1000000,1500000
2019-03-06 13:07:19.121000,3.80382,3.80328,1000000,1000000
2019-03-06 13:07:19.171000,3.80392,3.80328,1000000,1000000
2019-03-06 13:07:29.233000,3.80382,3.80318,1000000,1500000
2019-03-06 13:07:30.381000,3.80392,3.80328,1000000,1000000
2019-03-06 13:07:32.406000,3.80382,3.80328,1000000,1000000
2019-03-06 13:07:32.941000,3.80382,3.80318,1000000,1500000
2019-03-06 13:07:35.653000,3.80382,3.80318,1000000,1000000
2019-03-06 13:07:40.388000,3.80372,3.80308,1000000,1500000
2019-03-06 13:07:40.494000,3.80371,3.80319,1000000,1000000
2019-03-06 13:07:40.545000,3.80376,3.80318,1000000,1000000
2019-03-06 13:07:43.327000,3.80382,3.80318,1000000,1000000
2019-03-06 13:07:44.619000,3.80372,3.80318,1000000,1000000
2019-03-06 13:07:46.150000,3.80382,3.80318,1000000,1000000
2019-03-06 13:07:47.730000,3.80371,3.80309,1000000,1000000
2019-03-06 13:07:47.831000,3.80361,3.80299,1000000,1000000
2019-03-06 13:07:50.178000,3.80361,3.80309,1000000,1000000
2019-03-06 13:07:54.127000,3.80372,3.80308,1000000,1000000
2019-03-06 13:07:54.177000,3.80372,3.80318,1000000,1000000
2019-03-06 13:07:54.228000,3.80372,3.80308,1000000,1000000
2019-03-06 13:07:54.279000,3.80372,3.80318,1000000,1000000
2019-03-06 13:07:55.321000,3.80381,3.80329,1000000,1000000
2019-03-06 13:07:59.452000,3.80391,3.80329,1000000,1000000
2019-03-06 13:07:59.502000,3.80392,3.80338,1000000,1000000
2019-03-06 13:07:59.553000,3.80391,3.80329,1000000,1000000
2019-03-06 13:07:59.604000,3.80382,3.80328,1000000,1000000
2019-03-06 13:07:59.757000,3.80392,3.80338,1000000,1000000
2019-03-06 13:07:59.877000,3.80391,3.80329,1000000,1000000
2019-03-06 13:08:00.501000,3.80392,3.80338,1000000,1000000
2019-03-06 13:08:01.099000,3.80392,3.80328,1000000,1000000
2019-03-06 13:08:11.335000,3.80381,3.80329,1000000,1000000
2019-03-06 13:08:11.386000,3.80372,3.80318,1000000,1000000
2019-03-06 13:08:12.247000,3.80371,3.80319,1000000,1000000
2019-03-06 13:08:16.237000,3.8038,3.80319,1000000,1000000
2019-03-06 13:08:23.488000,3.8038,3.80329,1000000,1000000
2019-03-06 13:08:23.684000,3.8038,3.80319,1000000,1000000
2019-03-06 13:08:25.205000,3.8038,3.80329,1000000,1000000
2019-03-06 13:08:25.346000,3.80381,3.80329,1000000,1000000
2019-03-06 13:08:25.456000,3.80382,3.80318,1000000,1000000
2019-03-06 13:08:29.569000,3.80372,3.80318,1000000,1000000
2019-03-06 13:08:29.619000,3.80372,3.80308,1000000,1000000
2019-03-06 13:08:29.832000,3.80372,3.80308,1000000,1500000
2019-03-06 13:08:30.941000,3.80372,3.80318,1000000,1000000
2019-03-06 13:08:31.136000,3.80371,3.80319,1000000,1000000
2019-03-06 13:08:34.040000,3.80382,3.80328,1000000,1000000
2019-03-06 13:08:37.381000,3.80392,3.80328,1000000,1000000
2019-03-06 13:08:37.584000,3.80382,3.80328,1000000,1000000
2019-03-06 13:08:42.860000,3.80391,3.80329,1000000,1000000
2019-03-06 13:08:42.961000,3.80392,3.80338,1000000,1000000
2019-03-06 13:08:43.012000,3.80402,3.80338,1000000,1000000
2019-03-06 13:08:48.202000,3.80402,3.80348,1000000,1000000
2019-03-06 13:08:48.404000,3.80401,3.80339,1000000,1000000
2019-03-06 13:08:52.842000,3.80392,3.80328,1000000,1000000
2019-03-06 13:08:52.892000,3.80392,3.80338,1000000,1000000
2019-03-06 13:08:52.943000,3.80392,3.80328,1000000,1000000
2019-03-06 13:08:53.287000,3.80392,3.80338,1000000,1000000
2019-03-06 13:08:53.783000,3.80392,3.80328,1000000,1000000
2019-03-06 13:08:53.961000,3.80392,3.80338,1000000,1000000
2019-03-06 13:08:56.165000,3.80402,3.80338,1500000,1000000
2019-03-06 13:09:05.404000,3.80402,3.80348,1500000,1000000
2019-03-06 13:09:05.735000,3.80402,3.80338,1000000,1000000
2019-03-06 13:09:07.356000,3.80392,3.80338,1000000,1000000
2019-03-06 13:09:07.559000,3.80402,3.80338,1000000,1000000
2019-03-06 13:09:15.476000,3.80391,3.80339,1000000,1000000
2019-03-06 13:09:17.244000,3.80401,3.80339,1000000,1000000
2019-03-06 13:09:17.447000,3.80392,3.80338,1000000,1000000
2019-03-06 13:09:25.100000,3.80402,3.80338,1000000,1000000
2019-03-06 13:09:32.383000,3.80391,3.80339,1000000,1000000
2019-03-06 13:09:32.587000,3.80402,3.80338,1000000,1000000
2019-03-06 13:09:37.944000,3.80392,3.80338,1000000,1000000
2019-03-06 13:09:38.149000,3.80401,3.80339,1000000,1000000
2019-03-06 13:09:41.373000,3.80391,3.80339,1000000,1000000
2019-03-06 13:09:43.798000,3.80402,3.80338,1000000,1000000
2019-03-06 13:09:46.100000,3.80392,3.80338,1000000,1000000
2019-03-06 13:09:47.856000,3.80402,3.80338,1000000,1000000
2019-03-06 13:09:48.053000,3.80391,3.80339,1000000,1000000
2019-03-06 13:09:52.322000,3.80401,3.80349,1000000,1000000
2019-03-06 13:09:53.502000,3.80412,3.80348,1000000,1500000
2019-03-06 13:09:53.604000,3.80412,3.80358,1000000,1000000
2019-03-06 13:09:58.384000,3.80411,3.80349,1000000,1000000
2019-03-06 13:09:58.485000,3.80412,3.80348,1000000,1000000
2019-03-06 13:09:59.868000,3.80412,3.80358,1000000,1000000
2019-03-06 13:10:00.120000,3.80411,3.80349,1000000,1000000
2019-03-06 13:10:00.229000,3.80402,3.80348,1000000,1000000
2019-03-06 13:10:00.330000,3.80402,3.80338,1000000,1000000
2019-03-06 13:10:00.966000,3.80392,3.80338,1000000,1000000
2019-03-06 13:10:05.646000,3.80401,3.80339,1000000,1000000
2019-03-06 13:10:05.747000,3.80392,3.80338,1000000,1000000
2019-03-06 13:10:05.877000,3.80392,3.80328,1000000,1000000
2019-03-06 13:10:08.902000,3.80391,3.80339,1000000,1000000
2019-03-06 13:10:09.003000,3.80391,3.80329,1000000,1000000
2019-03-06 13:10:09.394000,3.80391,3.80339,1000000,1000000
2019-03-06 13:10:10.054000,3.80381,3.80329,1000000,1000000
2019-03-06 13:10:11.044000,3.80382,3.80318,1000000,1000000
2019-03-06 13:10:11.212000,3.80382,3.80328,1000000,1000000
2019-03-06 13:10:15.106000,3.80392,3.80328,1000000,1000000
2019-03-06 13:10:15.208000,3.80392,3.80338,1000000,1000000
2019-03-06 13:10:33.924000,3.80382,3.80328,1000000,1000000
2019-03-06 13:10:34.034000,3.80372,3.80323,1000000,1000000
2019-03-06 13:10:34.186000,3.80372,3.80318,1000000,1000000
2019-03-06 13:10:34.287000,3.80372,3.80308,1000000,1500000
2019-03-06 13:10:34.388000,3.80372,3.80318,1000000,1000000
2019-03-06 13:10:36.741000,3.8038,3.80318,1000000,1000000
2019-03-06 13:10:36.792000,3.80382,3.80318,1000000,1000000
2019-03-06 13:10:36.842000,3.80382,3.80328,1000000,1000000
2019-03-06 13:10:42.319000,3.80392,3.80328,1000000,1000000
2019-03-06 13:10:50.399000,3.80391,3.80339,1000000,1000000
2019-03-06 13:10:52.092000,3.80392,3.80338,1000000,1000000
2019-03-06 13:10:53.742000,3.80392,3.80328,1000000,1000000
2019-03-06 13:10:53.894000,3.80382,3.80328,1000000,1000000
2019-03-06 13:10:54.159000,3.80382,3.80318,1000000,1000000
2019-03-06 13:10:54.297000,3.80381,3.80329,1000000,1000000
2019-03-06 13:10:54.517000,3.80381,3.80319,1000000,1000000
2019-03-06 13:10:56.498000,3.80381,3.80329,1000000,1000000
2019-03-06 13:10:56.548000,3.80387,3.80329,1000000,1000000
2019-03-06 13:10:56.659000,3.80391,3.80329,1000000,1000000
2019-03-06 13:11:07.247000,3.80382,3.80328,1000000,1000000
2019-03-06 13:11:07.448000,3.80392,3.80328,1000000,1000000
2019-03-06 13:11:19.606000,3.80391,3.80339,1000000,1000000
2019-03-06 13:11:19.808000,3.80392,3.80328,1000000,1000000
2019-03-06 13:11:33.820000,3.80392,3.80338,1000000,1000000
2019-03-06 13:11:34.025000,3.80392,3.80328,1000000,1000000
2019-03-06 13:11:39.382000,3.80381,3.80329,1000000,1000000
2019-03-06 13:11:39.585000,3.80392,3.80328,1000000,1000000
2019-03-06 13:11:43.435000,3.80381,3.80329,1000000,1000000
2019-03-06 13:11:43.601000,3.80392,3.80328,1000000,1000000
2019-03-06 13:11:49.888000,3.80391,3.80339,1000000,1000000
2019-03-06 13:11:50.141000,3.80392,3.80328,1000000,1000000
2019-03-06 13:11:50.960000,3.80381,3.80329,1000000,1000000
2019-03-06 13:11:54.327000,3.80392,3.80328,1000000,1000000
2019-03-06 13:11:56.793000,3.80391,3.80339,1000000,1000000
2019-03-06 13:11:56.910000,3.80399,3.80348,1000000,1000000
2019-03-06 13:11:56.961000,3.80402,3.80348,1000000,1000000
2019-03-06 13:11:59.620000,3.80402,3.80338,1000000,1000000
2019-03-06 13:12:00.839000,3.80392,3.80338,1000000,1000000
2019-03-06 13:12:00.948000,3.80381,3.80329,1000000,1000000
2019-03-06 13:12:01.112000,3.80382,3.80318,1000000,1000000
2019-03-06 13:12:01.213000,3.80372,3.80318,1000000,1000000
2019-03-06 13:12:03.474000,3.80382,3.80318,1000000,1000000
2019-03-06 13:12:08.087000,3.80361,3.80309,1000000,1000000
2019-03-06 13:12:08.230000,3.80362,3.80298,1000000,1000000
2019-03-06 13:12:14.569000,3.80352,3.80298,1000000,1000000
2019-03-06 13:12:18.322000,3.80351,3.80299,1000000,1000000
2019-03-06 13:12:19.861000,3.80362,3.80298,1000000,1000000
2019-03-06 13:12:20.065000,3.80352,3.80298,1000000,1000000
2019-03-06 13:12:20.792000,3.80352,3.80278,1000000,1000000
2019-03-06 13:12:20.843000,3.80341,3.80289,1000000,1000000
2019-03-06 13:12:20.933000,3.80332,3.80276,1000000,1000000
2019-03-06 13:12:20.984000,3.80321,3.80269,1000000,1500000
2019-03-06 13:12:21.864000,3.80321,3.80269,1000000,1500000
2019-03-06 13:12:21.915000,3.80321,3.80269,1000000,1000000
2019-03-06 13:12:23.490000,3.80332,3.80268,1000000,1000000
2019-03-06 13:12:25.705000,3.80332,3.80268,1000000,1500000
2019-03-06 13:12:25.839000,3.80332,3.80283,1000000,2250000
2019-03-06 13:12:25.889000,3.80342,3.80283,1000000,2250000
2019-03-06 13:12:26.484000,3.80342,3.80278,1000000,1000000
2019-03-06 13:12:26.535000,3.80342,3.80278,1000000,1500000
2019-03-06 13:12:26.586000,3.80342,3.80278,1000000,1000000
2019-03-06 13:12:31.067000,3.80332,3.80277,1000000,1000000
2019-03-06 13:12:31.118000,3.80342,3.80271,1000000,1000000
2019-03-06 13:12:31.168000,3.80332,3.80271,1000000,1000000
2019-03-06 13:12:31.385000,3.80342,3.80271,1000000,1000000
2019-03-06 13:12:31.500000,3.80341,3.80279,1000000,1000000
2019-03-06 13:12:33.143000,3.80342,3.80278,1000000,1000000
2019-03-06 13:12:33.241000,3.80351,3.80279,1000000,1000000
2019-03-06 13:12:33.516000,3.80351,3.8028,1000000,1000000
2019-03-06 13:12:34.134000,3.80352,3.80288,1000000,1000000
2019-03-06 13:12:34.314000,3.80361,3.80299,1000000,1000000
2019-03-06 13:12:43.965000,3.80362,3.80288,1000000,1000000
2019-03-06 13:12:44.179000,3.80361,3.80299,1000000,1000000
2019-03-06 13:12:44.569000,3.80352,3.80298,1000000,1000000
2019-03-06 13:12:46.100000,3.80362,3.80298,1000000,1000000
2019-03-06 13:12:51.375000,3.80352,3.80288,1000000,1000000
2019-03-06 13:12:56.052000,3.80362,3.80298,1000000,1000000
2019-03-06 13:12:59.569000,3.80351,3.80299,1000000,1000000
2019-03-06 13:13:00.150000,3.80341,3.80289,1000000,1000000
2019-03-06 13:13:00.202000,3.80352,3.80298,1000000,1000000
2019-03-06 13:13:00.303000,3.80362,3.80298,1000000,1000000
2019-03-06 13:13:12.443000,3.80351,3.80299,1000000,1000000
2019-03-06 13:13:14.570000,3.80361,3.80299,1000000,1000000
2019-03-06 13:13:15.125000,3.80352,3.80288,1000000,1000000
2019-03-06 13:13:26.831000,3.80352,3.80288,1200000,1000000
2019-03-06 13:13:26.881000,3.80352,3.80288,1000000,1000000
2019-03-06 13:13:30.721000,3.80342,3.80288,1000000,1000000
2019-03-06 13:13:38.073000,3.80352,3.80288,1000000,1000000
2019-03-06 13:13:38.124000,3.80352,3.80288,1000000,1500000
2019-03-06 13:13:38.313000,3.80352,3.80298,1000000,1000000
2019-03-06 13:13:55.338000,3.80361,3.80299,1000000,1000000
2019-03-06 13:13:59.644000,3.80362,3.80308,1000000,1000000
2019-03-06 13:13:59.695000,3.80362,3.80298,1000000,1000000
2019-03-06 13:14:00.734000,3.80362,3.80308,1000000,1000000
2019-03-06 13:14:02.838000,3.80372,3.80308,1000000,1000000
2019-03-06 13:14:03.930000,3.80362,3.80308,1000000,1000000
2019-03-06 13:14:04.031000,3.80361,3.80309,1000000,1000000
2019-03-06 13:14:04.198000,3.80362,3.80308,1000000,1000000
2019-03-06 13:14:04.249000,3.8037,3.80309,1000000,1000000
2019-03-06 13:14:04.895000,3.80362,3.80308,1000000,1000000
2019-03-06 13:14:07.398000,3.80362,3.80298,1000000,1000000
2019-03-06 13:14:07.623000,3.80362,3.80308,1000000,1000000
2019-03-06 13:14:14.569000,3.8037,3.80308,1000000,1000000
2019-03-06 13:14:14.620000,3.8037,3.80318,1000000,1000000
2019-03-06 13:14:16.663000,3.80371,3.80318,1000000,1000000
2019-03-06 13:14:17.305000,3.80372,3.80318,1000000,1000000
2019-03-06 13:14:19.474000,3.80371,3.80309,1000000,1000000
2019-03-06 13:14:19.575000,3.80361,3.80309,1000000,1000000
2019-03-06 13:14:30.028000,3.80362,3.80298,1000000,1000000
2019-03-06 13:14:30.078000,3.80362,3.80308,1000000,1000000
2019-03-06 13:14:30.129000,3.8037,3.80309,1000000,1000000
2019-03-06 13:14:30.230000,3.80371,3.80309,1000000,1000000
2019-03-06 13:14:33.291000,3.80381,3.80319,1000000,1000000
2019-03-06 13:14:36.614000,3.80381,3.80329,1000000,1000000
2019-03-06 13:14:36.665000,3.80392,3.80328,1000000,1000000
2019-03-06 13:14:40.249000,3.80392,3.80338,1000000,1000000
2019-03-06 13:14:40.300000,3.80402,3.80338,1000000,1000000
2019-03-06 13:14:42.128000,3.80392,3.80328,1000000,1000000
2019-03-06 13:14:45.219000,3.80382,3.80328,1000000,1000000
2019-03-06 13:14:45.538000,3.80382,3.80318,1000000,1000000
2019-03-06 13:14:46.026000,3.80382,3.80328,1000000,1000000
2019-03-06 13:14:46.178000,3.80391,3.80329,1000000,1000000
2019-03-06 13:14:46.287000,3.80382,3.80328,1000000,1000000
2019-03-06 13:14:46.597000,3.80392,3.80328,1000000,1000000
2019-03-06 13:14:46.908000,3.80382,3.80328,1000000,1000000
2019-03-06 13:14:46.961000,3.80381,3.80319,1000000,1000000
2019-03-06 13:14:47.012000,3.80372,3.80318,1000000,1000000
2019-03-06 13:14:47.337000,3.80382,3.80318,1000000,1000000
2019-03-06 13:14:47.756000,3.80381,3.80319,1000000,1000000
2019-03-06 13:14:47.965000,3.80391,3.80329,1000000,1000000
2019-03-06 13:14:48.112000,3.80381,3.80319,1000000,1000000
2019-03-06 13:14:48.316000,3.80382,3.80318,1000000,1000000
2019-03-06 13:14:48.546000,3.80392,3.80328,1000000,1000000
2019-03-06 13:14:49.351000,3.80382,3.80328,1000000,1000000
2019-03-06 13:14:49.602000,3.80391,3.80329,1000000,1000000
2019-03-06 13:14:49.653000,3.80382,3.80328,1000000,1000000
2019-03-06 13:14:49.865000,3.80392,3.80328,1000000,1000000
2019-03-06 13:14:50.334000,3.80382,3.80318,1000000,1000000
2019-03-06 13:14:50.848000,3.80371,3.80309,1000000,1000000
2019-03-06 13:14:50.994000,3.80382,3.80308,1000000,1000000
2019-03-06 13:14:51.943000,3.80382,3.80318,1000000,1000000
2019-03-06 13:14:52.268000,3.80382,3.80308,1000000,1000000
2019-03-06 13:14:52.419000,3.80372,3.80308,1000000,1000000
2019-03-06 13:14:52.470000,3.80382,3.80308,1500000,1000000
2019-03-06 13:14:52.564000,3.80382,3.80318,1500000,1000000
2019-03-06 13:14:52.769000,3.80381,3.80309,1000000,1000000
2019-03-06 13:14:55.119000,3.80382,3.80298,1000000,1000000
2019-03-06 13:14:55.170000,3.80372,3.80308,1000000,1000000
2019-03-06 13:14:55.640000,3.80372,3.80298,1000000,1000000
2019-03-06 13:14:57.763000,3.80382,3.80308,1000000,1000000
2019-03-06 13:14:57.864000,3.80386,3.80318,1000000,1000000
2019-03-06 13:14:57.915000,3.80392,3.80318,1000000,1000000
2019-03-06 13:14:59.238000,3.80382,3.80318,1000000,1000000
2019-03-06 13:14:59.339000,3.80372,3.80308,1000000,1000000
2019-03-06 13:14:59.389000,3.80382,3.80308,1000000,1000000
2019-03-06 13:14:59.616000,3.8039,3.80318,1000000,1000000
2019-03-06 13:14:59.832000,3.80389,3.80318,1000000,1000000
2019-03-06 13:15:00.053000,3.80381,3.80319,1000000,1000000
