time,ask,bid,ask_volume,bid_volume
2017-09-06 10:45:00.322000,3.55792,3.55724,1500000,1000000
2017-09-06 10:45:00.431000,3.55782,3.55724,1000000,1000000
2017-09-06 10:45:01.006000,3.55782,3.5572,1000000,1000000
2017-09-06 10:45:01.057000,3.55782,3.5572,1190000,1000000
2017-09-06 10:45:01.436000,3.55782,3.5572,1000000,1000000
2017-09-06 10:45:02.532000,3.55791,3.5572,1190000,1000000
2017-09-06 10:45:03.503000,3.55782,3.5572,1000000,1000000
2017-09-06 10:45:03.896000,3.55792,3.5572,1690000,1000000
2017-09-06 10:45:04.073000,3.55792,3.5572,1500000,1000000
2017-09-06 10:45:05.086000,3.55792,3.5572,1690000,1000000
2017-09-06 10:45:06.037000,3.55782,3.5572,1000000,1000000
2017-09-06 10:45:06.956000,3.55791,3.5572,1190000,1000000
2017-09-06 10:45:08.618000,3.55781,3.5572,1000000,1000000
2017-09-06 10:45:09.750000,3.55792,3.5572,1690000,1000000
2017-09-06 10:45:10.508000,3.55782,3.5572,1000000,1000000
2017-09-06 10:45:10.806000,3.55792,3.5572,1190000,1000000
2017-09-06 10:45:10.857000,3.55792,3.5572,1000000,1000000
2017-09-06 10:45:10.958000,3.55792,3.5572,1190000,1000000
2017-09-06 10:45:11.403000,3.55782,3.5572,1000000,1000000
2017-09-06 10:45:11.510000,3.55791,3.5572,1190000,1000000
2017-09-06 10:45:11.577000,3.55791,3.55724,1190000,1000000
2017-09-06 10:45:14.653000,3.55791,3.55724,1000000,1000000
2017-09-06 10:45:15.467000,3.55798,3.55724,1250000,1000000
2017-09-06 10:45:16.610000,3.55792,3.55724,1000000,1000000
2017-09-06 10:45:16.954000,3.55782,3.55716,1000000,1000000
2017-09-06 10:45:17.906000,3.55792,3.55716,1190000,1000000
2017-09-06 10:45:18.046000,3.55792,3.55722,1000000,1000000
2017-09-06 10:45:18.884000,3.55792,3.55728,1000000,1000000
2017-09-06 10:45:18.936000,3.55798,3.55728,1000000,1000000
2017-09-06 10:45:19.138000,3.55802,3.55728,1000000,1000000
2017-09-06 10:45:20.061000,3.55802,3.55728,1190000,1000000
2017-09-06 10:45:27.359000,3.55802,3.55728,1190000,1000000
2017-09-06 10:45:27.410000,3.55812,3.55735,1190000,1000000
2017-09-06 10:45:27.870000,3.55802,3.55735,1000000,1000000
2017-09-06 10:45:28.073000,3.55792,3.55722,1000000,1000000
2017-09-06 10:45:29.221000,3.55792,3.55721,1000000,1250000
2017-09-06 10:45:30.547000,3.55792,3.55721,1190000,1000000
2017-09-06 10:45:30.861000,3.55792,3.55721,1000000,1190000
2017-09-06 10:45:30.962000,3.55791,3.55728,1000000,1000000
2017-09-06 10:45:31.214000,3.55802,3.55736,1000000,1000000
2017-09-06 10:45:31.265000,3.55812,3.55736,1190000,1000000
2017-09-06 10:45:31.558000,3.55812,3.55737,1000000,1000000
2017-09-06 10:45:32.261000,3.55811,3.55737,1000000,1000000
2017-09-06 10:45:32.710000,3.55805,3.55737,1000000,1000000
2017-09-06 10:45:38.146000,3.55801,3.55737,1000000,1000000
2017-09-06 10:45:38.256000,3.55801,3.55733,1000000,1000000
2017-09-06 10:45:38.911000,3.55801,3.55733,1190000,1000000
2017-09-06 10:45:39.123000,3.55792,3.55725,1000000,1000000
2017-09-06 10:45:43.431000,3.55801,3.55725,1190000,1000000
2017-09-06 10:45:44.519000,3.55801,3.55725,1370000,1000000
2017-09-06 10:45:46.420000,3.55801,3.55725,1370000,1000000
2017-09-06 10:45:46.471000,3.55792,3.55716,1190000,1000000
2017-09-06 10:45:52.771000,3.55782,3.5571,1000000,1190000
2017-09-06 10:45:53.254000,3.55779,3.55708,1250000,1000000
2017-09-06 10:45:54.865000,3.55779,3.55713,1000000,1000000
2017-09-06 10:45:54.996000,3.55791,3.55713,1500000,1000000
2017-09-06 10:45:55.047000,3.55791,3.55721,1500000,1000000
2017-09-06 10:46:02.120000,3.55782,3.55721,1000000,1250000
2017-09-06 10:46:02.221000,3.55782,3.55713,1000000,1000000
2017-09-06 10:46:02.272000,3.55771,3.55713,1000000,1000000
2017-09-06 10:46:02.323000,3.55771,3.55699,1000000,1190000
2017-09-06 10:46:02.374000,3.55772,3.55698,1000000,1000000
2017-09-06 10:46:05.363000,3.55772,3.55698,1190000,1000000
2017-09-06 10:46:05.632000,3.55772,3.55698,1000000,1000000
2017-09-06 10:46:05.746000,3.55771,3.55704,1000000,1000000
2017-09-06 10:46:07.175000,3.55772,3.55704,1000000,1000000
2017-09-06 10:46:07.331000,3.55774,3.55704,1000000,1000000
2017-09-06 10:46:10.662000,3.55774,3.55711,1000000,1000000
2017-09-06 10:46:10.763000,3.55792,3.55711,1690000,1250000
2017-09-06 10:46:10.814000,3.55782,3.55711,1000000,1190000
2017-09-06 10:46:12.285000,3.55782,3.55711,1000000,1250000
2017-09-06 10:46:12.722000,3.55792,3.55711,1870000,1000000
2017-09-06 10:46:12.773000,3.55792,3.55724,1690000,1000000
2017-09-06 10:46:13.630000,3.55802,3.55736,1190000,1000000
2017-09-06 10:46:13.898000,3.55802,3.55736,1000000,1000000
2017-09-06 10:46:14.021000,3.55804,3.55736,1000000,1000000
2017-09-06 10:46:14.072000,3.55804,3.55744,1000000,1000000
2017-09-06 10:46:14.191000,3.55811,3.55744,1000000,1000000
2017-09-06 10:46:16.328000,3.55811,3.55744,1190000,1000000
2017-09-06 10:46:16.602000,3.55812,3.55744,1000000,1000000
2017-09-06 10:46:17.498000,3.55812,3.5575,1000000,1000000
2017-09-06 10:46:20.212000,3.55812,3.5575,1190000,1000000
2017-09-06 10:46:22.572000,3.55812,3.5575,1000000,1000000
2017-09-06 10:46:24.729000,3.55821,3.5575,1370000,1000000
2017-09-06 10:46:24.780000,3.55821,3.55755,1000000,1000000
2017-09-06 10:46:25.183000,3.55822,3.55762,1000000,1000000
2017-09-06 10:46:25.748000,3.55832,3.55762,1190000,1000000
2017-09-06 10:46:29.434000,3.55832,3.55762,1190000,1000000
2017-09-06 10:46:29.663000,3.55822,3.55762,1000000,1000000
2017-09-06 10:46:30.791000,3.55832,3.55761,1370000,1000000
2017-09-06 10:46:32.432000,3.55832,3.55761,1370000,1000000
2017-09-06 10:46:32.643000,3.55822,3.55761,1370000,1000000
2017-09-06 10:46:32.694000,3.55822,3.55755,1370000,1000000
2017-09-06 10:46:32.745000,3.55812,3.55751,1000000,1000000
2017-09-06 10:46:36.179000,3.55812,3.55751,1190000,1000000
2017-09-06 10:46:36.229000,3.55812,3.55751,1000000,1000000
2017-09-06 10:46:36.282000,3.55822,3.55751,1370000,1000000
2017-09-06 10:46:36.333000,3.55822,3.55751,1000000,1000000
2017-09-06 10:46:37.340000,3.55822,3.55758,1000000,1000000
2017-09-06 10:46:38.154000,3.55822,3.55758,1190000,1000000
2017-09-06 10:46:38.645000,3.55822,3.55751,1370000,1000000
2017-09-06 10:46:38.696000,3.55811,3.55751,1000000,1000000
2017-09-06 10:46:39.782000,3.55811,3.55751,1190000,1000000
2017-09-06 10:46:39.934000,3.55811,3.55743,1370000,1000000
2017-09-06 10:46:40.136000,3.55822,3.55762,1000000,1000000
2017-09-06 10:46:40.480000,3.55822,3.55756,1000000,1000000
2017-09-06 10:46:41.720000,3.55822,3.55755,1000000,1000000
2017-09-06 10:46:44.356000,3.55822,3.55755,1190000,1000000
2017-09-06 10:46:44.812000,3.55812,3.55755,1000000,1000000
2017-09-06 10:46:45.065000,3.55792,3.5573,1000000,1000000
2017-09-06 10:46:46.264000,3.55801,3.5573,1190000,1000000
2017-09-06 10:46:48.037000,3.55801,3.5573,1000000,1000000
2017-09-06 10:46:48.145000,3.55801,3.5573,1190000,1000000
2017-09-06 10:46:49.985000,3.55792,3.5573,1000000,1000000
2017-09-06 10:46:54.268000,3.55802,3.5573,1690000,1000000
2017-09-06 10:47:00.260000,3.55791,3.5573,1000000,1000000
2017-09-06 10:47:00.676000,3.55782,3.5573,1000000,1000000
2017-09-06 10:47:03.357000,3.55782,3.55725,1190000,1000000
2017-09-06 10:47:03.408000,3.55782,3.55722,1190000,1000000
2017-09-06 10:47:03.459000,3.55771,3.55722,1000000,1000000
2017-09-06 10:47:03.560000,3.55779,3.55722,1000000,1000000
2017-09-06 10:47:03.774000,3.55781,3.5573,1000000,1000000
2017-09-06 10:47:04.450000,3.55791,3.5573,1000000,1000000
2017-09-06 10:47:06.387000,3.55792,3.5573,1000000,1000000
2017-09-06 10:47:07.809000,3.55792,3.5573,1190000,1000000
2017-09-06 10:47:08.112000,3.55782,3.55717,1000000,1000000
2017-09-06 10:47:08.213000,3.55791,3.55717,1000000,1000000
2017-09-06 10:47:08.264000,3.55791,3.55724,1000000,1000000
2017-09-06 10:47:08.908000,3.55792,3.55724,1000000,1000000
2017-09-06 10:47:10.072000,3.55792,3.55724,1190000,1000000
2017-09-06 10:47:10.402000,3.55792,3.5573,1000000,1000000
2017-09-06 10:47:10.520000,3.55792,3.55726,1000000,1000000
2017-09-06 10:47:10.571000,3.55782,3.55726,1000000,1000000
2017-09-06 10:47:10.622000,3.55782,3.55719,1000000,1000000
2017-09-06 10:47:11.116000,3.55782,3.55719,1190000,1000000
2017-09-06 10:47:12.643000,3.55782,3.55719,1000000,1000000
2017-09-06 10:47:13.511000,3.55782,3.55724,1000000,1000000
2017-09-06 10:47:14.892000,3.55792,3.55724,1190000,1000000
2017-09-06 10:47:15.711000,3.55792,3.55724,1000000,1000000
2017-09-06 10:47:15.862000,3.55801,3.55733,1190000,1000000
2017-09-06 10:47:16.259000,3.55792,3.55733,1000000,1000000
2017-09-06 10:47:16.659000,3.55801,3.55733,1190000,1000000
2017-09-06 10:47:16.710000,3.55801,3.55733,1000000,1000000
2017-09-06 10:47:16.761000,3.55801,3.5574,1000000,1000000
2017-09-06 10:47:17.347000,3.55802,3.5574,1000000,1000000
2017-09-06 10:47:18.350000,3.55811,3.5574,1190000,1000000
2017-09-06 10:47:22.265000,3.55811,3.55757,1190000,1000000
2017-09-06 10:47:22.648000,3.55802,3.55757,1000000,1000000
2017-09-06 10:47:22.777000,3.55802,3.55751,1000000,1000000
2017-09-06 10:47:22.828000,3.55802,3.5575,1190000,1000000
2017-09-06 10:47:23.165000,3.55792,3.55743,1000000,1000000
2017-09-06 10:47:27.520000,3.55802,3.55743,1190000,1000000
2017-09-06 10:47:27.571000,3.55802,3.5575,1000000,1000000
2017-09-06 10:47:28.338000,3.55801,3.55754,1000000,1000000
2017-09-06 10:47:28.830000,3.55811,3.55754,1190000,1000000
2017-09-06 10:47:29.192000,3.55812,3.55754,1000000,1000000
2017-09-06 10:47:29.243000,3.55812,3.55761,1000000,1000000
2017-09-06 10:47:29.294000,3.55822,3.55767,1000000,1000000
2017-09-06 10:47:30.090000,3.55822,3.55767,1190000,1000000
2017-09-06 10:47:30.777000,3.55812,3.55767,1000000,1000000
2017-09-06 10:47:31.106000,3.55822,3.55767,1190000,1000000
2017-09-06 10:47:32.197000,3.55822,3.55767,1190000,1000000
2017-09-06 10:47:32.341000,3.55822,3.55767,1000000,1000000
2017-09-06 10:47:35.934000,3.55821,3.55767,1000000,1500000
2017-09-06 10:47:40.014000,3.55821,3.55767,1190000,1000000
2017-09-06 10:47:40.184000,3.55821,3.55759,1190000,1000000
2017-09-06 10:47:40.234000,3.55812,3.55759,1000000,1000000
2017-09-06 10:47:40.534000,3.55812,3.55753,1000000,1000000
2017-09-06 10:47:43.178000,3.55812,3.55752,1000000,1000000
2017-09-06 10:47:43.229000,3.55821,3.55752,1190000,1000000
2017-09-06 10:47:43.281000,3.55821,3.5576,1000000,1000000
2017-09-06 10:47:43.606000,3.55822,3.55767,1000000,1000000
2017-09-06 10:47:43.914000,3.55832,3.55767,1000000,1000000
2017-09-06 10:47:44.138000,3.55832,3.55773,1000000,1000000
2017-09-06 10:47:45.143000,3.55834,3.55773,1000000,1000000
2017-09-06 10:47:45.194000,3.55834,3.55781,1000000,1000000
2017-09-06 10:47:45.345000,3.55842,3.55787,1000000,1000000
2017-09-06 10:47:46.067000,3.55852,3.55787,1000000,1000000
2017-09-06 10:47:46.118000,3.55851,3.55793,1000000,1000000
2017-09-06 10:47:46.627000,3.55861,3.55799,1000000,1000000
2017-09-06 10:47:46.683000,3.55861,3.55807,1000000,1000000
2017-09-06 10:47:46.847000,3.55879,3.5581,1000000,1000000
2017-09-06 10:47:46.942000,3.55879,3.55808,1000000,1000000
2017-09-06 10:47:46.992000,3.55882,3.55825,1000000,1000000
2017-09-06 10:47:47.043000,3.55901,3.55825,1310000,1000000
2017-09-06 10:47:47.183000,3.55891,3.55825,1190000,1000000
2017-09-06 10:47:47.234000,3.55886,3.55818,1000000,1000000
2017-09-06 10:47:47.285000,3.55886,3.55812,1000000,1000000
2017-09-06 10:47:47.568000,3.55881,3.55812,1000000,1000000
2017-09-06 10:47:47.916000,3.55886,3.5582,1000000,1190000
2017-09-06 10:47:48.018000,3.55897,3.55827,1000000,1000000
2017-09-06 10:47:48.691000,3.55897,3.55828,1000000,1000000
2017-09-06 10:47:48.936000,3.55902,3.55827,1190000,1000000
2017-09-06 10:47:50.967000,3.55892,3.55827,1000000,1000000
2017-09-06 10:47:51.018000,3.55892,3.55822,1370000,1000000
2017-09-06 10:47:51.119000,3.55892,3.55825,1000000,1000000
2017-09-06 10:47:51.220000,3.55892,3.55825,1190000,1000000
2017-09-06 10:47:51.321000,3.55882,3.55817,1000000,1000000
2017-09-06 10:47:51.731000,3.55891,3.55817,1370000,1000000
2017-09-06 10:47:51.782000,3.55891,3.55817,1000000,1000000
2017-09-06 10:47:51.833000,3.55891,3.55823,1000000,1000000
2017-09-06 10:47:51.883000,3.559,3.55829,1370000,1000000
2017-09-06 10:47:51.934000,3.559,3.55842,1000000,1000000
2017-09-06 10:47:51.985000,3.559,3.55834,1000000,1000000
2017-09-06 10:47:52.611000,3.55901,3.55834,1000000,1000000
2017-09-06 10:47:52.861000,3.55901,3.55834,1190000,1000000
2017-09-06 10:47:53.494000,3.55901,3.55834,1000000,1000000
2017-09-06 10:47:53.595000,3.55912,3.55834,1370000,1000000
2017-09-06 10:47:54.051000,3.55902,3.55834,1000000,1000000
2017-09-06 10:47:55.914000,3.55912,3.55834,1370000,1000000
2017-09-06 10:47:55.964000,3.55919,3.55851,1000000,1000000
2017-09-06 10:47:56.166000,3.55932,3.55851,1370000,1250000
2017-09-06 10:47:56.472000,3.55932,3.5586,1190000,1000000
2017-09-06 10:47:56.523000,3.55932,3.5586,1000000,1000000
2017-09-06 10:47:56.936000,3.55932,3.5586,1190000,1000000
2017-09-06 10:47:57.466000,3.55932,3.5586,1370000,1000000
2017-09-06 10:47:57.902000,3.55921,3.55854,1190000,1000000
2017-09-06 10:47:57.952000,3.55921,3.55852,1370000,1000000
2017-09-06 10:47:58.053000,3.55921,3.55847,1370000,1000000
2017-09-06 10:47:58.440000,3.55921,3.55855,1370000,1000000
2017-09-06 10:47:58.491000,3.55932,3.55855,1190000,1000000
2017-09-06 10:47:58.836000,3.55932,3.55855,1000000,1000000
2017-09-06 10:47:58.887000,3.55932,3.55863,1000000,1000000
2017-09-06 10:47:59.351000,3.55942,3.55868,1190000,1000000
2017-09-06 10:47:59.401000,3.55942,3.55874,1190000,1000000
2017-09-06 10:47:59.502000,3.55942,3.55874,1000000,1000000
2017-09-06 10:47:59.553000,3.55952,3.55874,1190000,1000000
2017-09-06 10:47:59.604000,3.55952,3.55881,1000000,1000000
2017-09-06 10:47:59.655000,3.55958,3.55886,1120000,1000000
2017-09-06 10:47:59.706000,3.55958,3.55894,1250000,1000000
2017-09-06 10:47:59.757000,3.55958,3.55889,1250000,1000000
2017-09-06 10:47:59.858000,3.55969,3.55889,1120000,1000000
2017-09-06 10:47:59.963000,3.55969,3.55909,1370000,1000000
2017-09-06 10:48:00.015000,3.55969,3.55891,1370000,1000000
2017-09-06 10:48:00.066000,3.55961,3.55891,1190000,1000000
2017-09-06 10:48:00.592000,3.55961,3.55891,1190000,1000000
2017-09-06 10:48:00.831000,3.55952,3.55879,1370000,1500000
2017-09-06 10:48:01.486000,3.55951,3.55879,1190000,1000000
2017-09-06 10:48:01.587000,3.55951,3.55871,1190000,1000000
2017-09-06 10:48:01.697000,3.55951,3.55879,1190000,1000000
2017-09-06 10:48:02.206000,3.55951,3.55879,1370000,1000000
2017-09-06 10:48:02.503000,3.55941,3.55868,1190000,1000000
2017-09-06 10:48:02.705000,3.55941,3.55863,1370000,1000000
2017-09-06 10:48:03.204000,3.55932,3.55858,1190000,1000000
2017-09-06 10:48:03.300000,3.55932,3.55854,1190000,1000000
2017-09-06 10:48:03.351000,3.55921,3.55854,1000000,1000000
2017-09-06 10:48:03.402000,3.55931,3.55854,1190000,1000000
2017-09-06 10:48:03.452000,3.55932,3.55858,1190000,1000000
2017-09-06 10:48:03.805000,3.55932,3.55854,1370000,1000000
2017-09-06 10:48:04.395000,3.55921,3.5585,1190000,1000000
2017-09-06 10:48:04.945000,3.55937,3.5589,1000000,1000000
2017-09-06 10:48:05.190000,3.55956,3.55904,1000000,1000000
2017-09-06 10:48:05.240000,3.55961,3.55913,1000000,1000000
2017-09-06 10:48:05.291000,3.55993,3.55917,1190000,1000000
2017-09-06 10:48:05.342000,3.55992,3.55912,1000000,1250000
2017-09-06 10:48:05.443000,3.56,3.55919,1370000,1000000
2017-09-06 10:48:05.494000,3.56,3.55919,1000000,1000000
2017-09-06 10:48:05.981000,3.56,3.55919,1000000,1190000
2017-09-06 10:48:06.365000,3.56032,3.55973,1000000,1000000
2017-09-06 10:48:06.564000,3.56082,3.55993,1190000,1000000
2017-09-06 10:48:06.634000,3.56082,3.55993,1370000,1000000
2017-09-06 10:48:06.974000,3.56071,3.56,1000000,1000000
2017-09-06 10:48:07.025000,3.56071,3.55995,1190000,1000000
2017-09-06 10:48:07.464000,3.56071,3.55991,1190000,1000000
2017-09-06 10:48:08.046000,3.56062,3.55991,1000000,1000000
2017-09-06 10:48:08.417000,3.56043,3.55961,1370000,1000000
2017-09-06 10:48:08.518000,3.56043,3.55961,1000000,1440000
2017-09-06 10:48:08.670000,3.56043,3.55958,1190000,1190000
2017-09-06 10:48:08.720000,3.56042,3.55968,1190000,1000000
2017-09-06 10:48:08.875000,3.56042,3.55955,1190000,1190000
2017-09-06 10:48:09.009000,3.56042,3.55955,1000000,1000000
2017-09-06 10:48:09.060000,3.56042,3.55955,1190000,1000000
2017-09-06 10:48:09.399000,3.56041,3.55959,1190000,1000000
2017-09-06 10:48:09.449000,3.56052,3.55968,1690000,1000000
2017-09-06 10:48:09.551000,3.56052,3.55968,1500000,1190000
2017-09-06 10:48:10.148000,3.56052,3.55971,1190000,1000000
2017-09-06 10:48:10.400000,3.56042,3.55958,1000000,1190000
2017-09-06 10:48:10.451000,3.56042,3.55958,1190000,1190000
2017-09-06 10:48:10.679000,3.56042,3.55958,1190000,1000000
2017-09-06 10:48:11.209000,3.56041,3.55953,1190000,1000000
2017-09-06 10:48:11.534000,3.56032,3.55953,1000000,1000000
2017-09-06 10:48:11.685000,3.56041,3.55953,1190000,1000000
2017-09-06 10:48:12.504000,3.56041,3.55953,1190000,1000000
2017-09-06 10:48:12.555000,3.56041,3.55953,1370000,1000000
2017-09-06 10:48:13.956000,3.56041,3.55953,1370000,1000000
2017-09-06 10:48:14.132000,3.56021,3.55939,1190000,1190000
2017-09-06 10:48:14.544000,3.56021,3.55939,1190000,1000000
2017-09-06 10:48:14.956000,3.56022,3.55938,1190000,1190000
2017-09-06 10:48:15.334000,3.56022,3.55938,1190000,1500000
2017-09-06 10:48:15.469000,3.56022,3.55938,1190000,1690000
2017-09-06 10:48:15.520000,3.56022,3.55938,1000000,1690000
2017-09-06 10:48:15.570000,3.56032,3.55948,1000000,1190000
2017-09-06 10:48:15.694000,3.56037,3.5595,1000000,1190000
2017-09-06 10:48:15.795000,3.56041,3.5595,1370000,1190000
2017-09-06 10:48:17.031000,3.56032,3.5595,1000000,1190000
2017-09-06 10:48:17.334000,3.56022,3.55938,1190000,1500000
2017-09-06 10:48:19.230000,3.56012,3.55938,1000000,1000000
2017-09-06 10:48:19.533000,3.55992,3.55935,1190000,1000000
2017-09-06 10:48:19.634000,3.55992,3.55909,1190000,1190000
2017-09-06 10:48:19.841000,3.55992,3.55909,1190000,1000000
2017-09-06 10:48:19.892000,3.55992,3.55909,1000000,1190000
2017-09-06 10:48:19.943000,3.55998,3.55909,1000000,1690000
2017-09-06 10:48:19.993000,3.55998,3.55918,1000000,1370000
2017-09-06 10:48:20.347000,3.56002,3.55919,1000000,1370000
2017-09-06 10:48:20.499000,3.56001,3.5591,1190000,1370000
2017-09-06 10:48:20.677000,3.56001,3.55913,1190000,1000000
2017-09-06 10:48:20.995000,3.55997,3.55919,1000000,1370000
2017-09-06 10:48:21.045000,3.56001,3.55919,1000000,1370000
2017-09-06 10:48:21.146000,3.56001,3.55925,1000000,1000000
2017-09-06 10:48:21.789000,3.56002,3.55928,1190000,1000000
2017-09-06 10:48:21.840000,3.56002,3.55925,1190000,1000000
2017-09-06 10:48:21.891000,3.55992,3.55918,1190000,1000000
2017-09-06 10:48:22.043000,3.55981,3.55905,1190000,1000000
2017-09-06 10:48:22.094000,3.55981,3.55905,1000000,1000000
2017-09-06 10:48:22.145000,3.55971,3.55905,1000000,1000000
2017-09-06 10:48:22.315000,3.55971,3.55903,1000000,1000000
2017-09-06 10:48:22.366000,3.55971,3.559,1000000,1000000
2017-09-06 10:48:22.790000,3.55971,3.559,1190000,1000000
2017-09-06 10:48:23.067000,3.55981,3.559,1190000,1000000
2017-09-06 10:48:23.118000,3.55969,3.559,1250000,1000000
2017-09-06 10:48:23.168000,3.55969,3.55892,1190000,1000000
2017-09-06 10:48:23.219000,3.55962,3.55892,1000000,1000000
2017-09-06 10:48:23.371000,3.55969,3.55892,1190000,1250000
2017-09-06 10:48:23.421000,3.55962,3.55892,1000000,1000000
2017-09-06 10:48:23.472000,3.55969,3.55893,1250000,1000000
2017-09-06 10:48:23.523000,3.55969,3.559,1120000,1000000
2017-09-06 10:48:24.167000,3.55969,3.55901,1000000,1000000
2017-09-06 10:48:24.368000,3.55985,3.55909,1000000,1000000
2017-09-06 10:48:24.611000,3.55985,3.55909,1190000,1000000
2017-09-06 10:48:25.203000,3.55981,3.5591,1190000,1000000
2017-09-06 10:48:25.530000,3.55984,3.55927,1000000,1000000
2017-09-06 10:48:25.632000,3.56002,3.55936,1000000,1000000
2017-09-06 10:48:25.784000,3.56006,3.55936,1000000,1000000
2017-09-06 10:48:25.935000,3.56012,3.55936,1190000,1000000
2017-09-06 10:48:26.056000,3.56012,3.55938,1190000,1000000
2017-09-06 10:48:26.290000,3.56002,3.55923,1190000,1000000
2017-09-06 10:48:26.341000,3.56002,3.55915,1190000,1000000
2017-09-06 10:48:26.392000,3.56002,3.55915,1370000,1000000
2017-09-06 10:48:26.442000,3.56002,3.55915,1190000,1000000
2017-09-06 10:48:26.783000,3.56001,3.55919,1190000,1000000
2017-09-06 10:48:27.200000,3.56002,3.5591,1370000,1000000
2017-09-06 10:48:27.568000,3.55992,3.55908,1190000,1000000
2017-09-06 10:48:28.409000,3.55992,3.55908,1370000,1000000
2017-09-06 10:48:28.560000,3.55992,3.55908,1190000,1000000
2017-09-06 10:48:28.661000,3.55992,3.55918,1190000,1000000
2017-09-06 10:48:28.812000,3.55992,3.55908,1190000,1190000
2017-09-06 10:48:29.199000,3.55991,3.55919,1190000,1000000
2017-09-06 10:48:29.250000,3.55997,3.55921,1000000,1250000
2017-09-06 10:48:29.351000,3.56009,3.55921,1250000,1250000
2017-09-06 10:48:29.597000,3.56009,3.55921,1370000,1190000
2017-09-06 10:48:29.984000,3.56009,3.55928,1370000,1000000
2017-09-06 10:48:30.085000,3.56012,3.55928,1190000,1000000
2017-09-06 10:48:30.541000,3.5602,3.55938,1370000,1000000
2017-09-06 10:48:30.592000,3.5602,3.55941,1000000,1250000
2017-09-06 10:48:30.744000,3.56032,3.55941,1190000,1250000
2017-09-06 10:48:30.922000,3.56021,3.55941,1000000,1190000
2017-09-06 10:48:31.449000,3.56021,3.55941,1190000,1250000
2017-09-06 10:48:31.500000,3.56037,3.55948,1190000,1000000
2017-09-06 10:48:31.752000,3.56042,3.55953,1370000,1000000
2017-09-06 10:48:32.142000,3.56022,3.55953,1190000,1000000
2017-09-06 10:48:32.922000,3.56022,3.55953,1370000,1000000
2017-09-06 10:48:32.973000,3.56022,3.55946,1370000,1000000
2017-09-06 10:48:33.024000,3.56022,3.5594,1370000,1000000
2017-09-06 10:48:33.272000,3.56022,3.5594,1370000,1000000
2017-09-06 10:48:33.595000,3.56022,3.5594,1370000,1000000
2017-09-06 10:48:33.696000,3.56012,3.55937,1190000,1000000
2017-09-06 10:48:35.447000,3.56012,3.55933,1190000,1000000
2017-09-06 10:48:37.226000,3.56001,3.55927,1190000,1000000
2017-09-06 10:48:37.277000,3.56001,3.55925,1190000,1000000
2017-09-06 10:48:37.327000,3.55992,3.55925,1190000,1000000
2017-09-06 10:48:37.479000,3.55982,3.5591,1190000,1500000
2017-09-06 10:48:37.636000,3.55972,3.5591,1190000,1000000
2017-09-06 10:48:37.687000,3.55972,3.55901,1190000,1000000
2017-09-06 10:48:37.958000,3.55981,3.55901,1370000,1000000
2017-09-06 10:48:38.489000,3.55981,3.55907,1190000,1000000
2017-09-06 10:48:38.824000,3.55991,3.55908,1190000,1000000
2017-09-06 10:48:40.081000,3.55991,3.55918,1190000,1000000
2017-09-06 10:48:40.132000,3.55991,3.55918,1000000,1000000
2017-09-06 10:48:40.183000,3.55991,3.5592,1000000,1190000
2017-09-06 10:48:40.334000,3.55991,3.5592,1000000,1000000
2017-09-06 10:48:40.385000,3.56002,3.5592,1190000,1000000
2017-09-06 10:48:41.057000,3.56002,3.5592,1190000,1000000
2017-09-06 10:48:41.223000,3.55992,3.5592,1190000,1000000
2017-09-06 10:48:41.773000,3.56002,3.5592,1370000,1000000
2017-09-06 10:48:41.999000,3.56002,3.5592,1370000,1000000
2017-09-06 10:48:42.049000,3.55991,3.55913,1190000,1000000
2017-09-06 10:48:42.175000,3.55981,3.55913,1000000,1000000
2017-09-06 10:48:42.226000,3.55981,3.55909,1000000,1500000
2017-09-06 10:48:42.378000,3.55992,3.55909,1190000,1000000
2017-09-06 10:48:42.429000,3.55992,3.55916,1190000,1000000
2017-09-06 10:48:42.480000,3.55992,3.55916,1000000,1000000
2017-09-06 10:48:42.959000,3.55992,3.55916,1190000,1000000
2017-09-06 10:48:44.947000,3.55994,3.55918,1190000,1000000
2017-09-06 10:48:44.998000,3.56002,3.55922,1190000,1000000
2017-09-06 10:48:45.783000,3.56002,3.55922,1190000,1120000
2017-09-06 10:48:45.884000,3.56001,3.55929,1190000,1000000
2017-09-06 10:48:47.211000,3.56002,3.55928,1190000,1000000
2017-09-06 10:48:48.028000,3.56002,3.55925,1190000,1000000
2017-09-06 10:48:48.175000,3.56002,3.55922,1190000,1250000
2017-09-06 10:48:48.226000,3.56002,3.55921,1370000,1000000
2017-09-06 10:48:48.822000,3.55991,3.55915,1190000,1000000
2017-09-06 10:48:48.873000,3.55991,3.55913,1190000,1000000
2017-09-06 10:48:49.921000,3.56002,3.55913,1370000,1000000
2017-09-06 10:48:50.533000,3.56002,3.55918,1370000,1000000
2017-09-06 10:48:51.056000,3.56002,3.55918,1370000,1500000
2017-09-06 10:48:52.245000,3.56002,3.55918,1370000,1500000
2017-09-06 10:48:53.731000,3.56001,3.55919,1190000,1190000
2017-09-06 10:48:53.883000,3.56006,3.55938,1000000,1000000
2017-09-06 10:48:54.125000,3.5603,3.55948,1370000,1000000
2017-09-06 10:48:54.998000,3.5603,3.55958,1000000,1000000
2017-09-06 10:48:55.049000,3.5603,3.55952,1190000,1000000
2017-09-06 10:48:56.044000,3.56032,3.55952,1190000,1000000
2017-09-06 10:48:56.145000,3.56032,3.55952,1370000,1000000
2017-09-06 10:48:57.241000,3.56032,3.55952,1190000,1000000
2017-09-06 10:48:58.109000,3.56032,3.55958,1190000,1000000
2017-09-06 10:48:58.368000,3.56032,3.55952,1190000,1250000
2017-09-06 10:48:58.419000,3.56042,3.55958,1870000,1000000
2017-09-06 10:48:59.332000,3.56042,3.55958,1870000,1000000
2017-09-06 10:48:59.846000,3.56042,3.5596,1870000,1000000
2017-09-06 10:49:00.158000,3.56042,3.5596,1690000,1000000
2017-09-06 10:49:00.430000,3.56042,3.5596,1690000,1190000
2017-09-06 10:49:01.429000,3.56042,3.5596,1690000,1000000
2017-09-06 10:49:02.191000,3.56042,3.5596,1870000,1000000
2017-09-06 10:49:02.292000,3.56032,3.55948,1370000,1500000
2017-09-06 10:49:03.160000,3.56032,3.55948,1370000,1500000
2017-09-06 10:49:04.602000,3.56041,3.55959,1370000,1000000
2017-09-06 10:49:04.653000,3.56041,3.55959,1370000,1000000
2017-09-06 10:49:08.754000,3.56032,3.55958,1190000,1000000
2017-09-06 10:49:08.805000,3.56032,3.55954,1370000,1000000
2017-09-06 10:49:08.856000,3.56032,3.55948,1370000,1000000
2017-09-06 10:49:09.767000,3.56031,3.55949,1370000,1000000
2017-09-06 10:49:09.818000,3.56032,3.55958,1190000,1000000
2017-09-06 10:49:10.634000,3.56041,3.55959,1190000,1000000
2017-09-06 10:49:12.962000,3.56041,3.55959,1190000,1000000
2017-09-06 10:49:16.028000,3.56041,3.55959,1190000,1000000
2017-09-06 10:49:19.758000,3.5604,3.55959,1190000,1000000
2017-09-06 10:49:19.980000,3.5604,3.55963,1190000,1000000
2017-09-06 10:49:23.724000,3.5604,3.55963,1190000,1000000
2017-09-06 10:49:24.970000,3.5604,3.55963,1370000,1000000
2017-09-06 10:49:26.104000,3.5604,3.55963,1370000,1000000
2017-09-06 10:49:28.418000,3.56032,3.55958,1190000,1500000
2017-09-06 10:49:30.166000,3.5604,3.55958,1370000,1500000
2017-09-06 10:49:31.036000,3.5604,3.55969,1370000,1000000
2017-09-06 10:49:31.087000,3.56042,3.55974,1000000,1000000
2017-09-06 10:49:31.188000,3.56055,3.55979,1000000,1000000
2017-09-06 10:49:31.289000,3.56061,3.55979,1190000,1500000
2017-09-06 10:49:31.606000,3.56061,3.55979,1370000,1500000
2017-09-06 10:49:33.185000,3.56062,3.55979,1190000,1000000
2017-09-06 10:49:33.373000,3.56062,3.55988,1190000,1000000
2017-09-06 10:49:34.656000,3.56071,3.55989,1370000,1000000
2017-09-06 10:49:34.706000,3.56076,3.55998,1190000,1000000
2017-09-06 10:49:34.757000,3.56076,3.56,1000000,1000000
2017-09-06 10:49:34.933000,3.56082,3.56,1190000,1000000
2017-09-06 10:49:35.819000,3.56082,3.56,1190000,1000000
2017-09-06 10:49:35.870000,3.56082,3.56007,1190000,1000000
2017-09-06 10:49:36.807000,3.56092,3.56014,1190000,1000000
2017-09-06 10:49:36.858000,3.56092,3.56014,1370000,1000000
2017-09-06 10:49:37.246000,3.56092,3.56014,1190000,1000000
2017-09-06 10:49:38.182000,3.56092,3.56021,1190000,1000000
2017-09-06 10:49:38.434000,3.56111,3.56036,1190000,1000000
2017-09-06 10:49:38.535000,3.56062,3.56034,1370000,1000000
2017-09-06 10:49:38.585000,3.56062,3.56008,1370000,1000000
2017-09-06 10:49:38.636000,3.56062,3.56008,1370000,1000000
2017-09-06 10:49:38.687000,3.56062,3.55978,1370000,1000000
2017-09-06 10:49:39.489000,3.56051,3.55974,1190000,1000000
2017-09-06 10:49:40.010000,3.56051,3.55974,1370000,1000000
2017-09-06 10:49:40.061000,3.56041,3.55974,1190000,1000000
2017-09-06 10:49:40.519000,3.56031,3.55974,1190000,1000000
2017-09-06 10:49:40.630000,3.56031,3.55959,1190000,1000000
2017-09-06 10:49:42.010000,3.56022,3.55959,1190000,1000000
2017-09-06 10:49:42.061000,3.56021,3.55955,1190000,1000000
2017-09-06 10:49:42.164000,3.56032,3.55954,1190000,1000000
2017-09-06 10:49:42.215000,3.5604,3.55959,1370000,1000000
2017-09-06 10:49:42.266000,3.5604,3.55965,1190000,1000000
2017-09-06 10:49:43.280000,3.56042,3.55965,1190000,1000000
2017-09-06 10:49:43.831000,3.56042,3.5596,1370000,1000000
2017-09-06 10:49:43.881000,3.56042,3.55958,1370000,1500000
2017-09-06 10:49:44.396000,3.56042,3.55965,1190000,1000000
2017-09-06 10:49:45.046000,3.56032,3.55965,1000000,1000000
2017-09-06 10:49:45.133000,3.56032,3.5596,1190000,1000000
2017-09-06 10:49:45.184000,3.56021,3.55952,1190000,1000000
2017-09-06 10:49:45.711000,3.56021,3.55951,1190000,1000000
2017-09-06 10:49:47.970000,3.56032,3.55978,1500000,1000000
2017-09-06 10:49:48.222000,3.56062,3.55978,1370000,1500000
2017-09-06 10:49:49.217000,3.56062,3.55978,1190000,1500000
2017-09-06 10:49:49.570000,3.56062,3.55983,1190000,1000000
2017-09-06 10:49:49.620000,3.56062,3.55978,1190000,1190000
2017-09-06 10:49:49.973000,3.56062,3.55983,1190000,1000000
2017-09-06 10:49:50.024000,3.56062,3.55978,1190000,1190000
2017-09-06 10:49:50.127000,3.56062,3.55978,1190000,1000000
2017-09-06 10:49:50.229000,3.56052,3.55972,1190000,1250000
2017-09-06 10:49:50.755000,3.56049,3.55972,1250000,1000000
2017-09-06 10:49:51.863000,3.56037,3.55968,1000000,1000000
2017-09-06 10:49:52.233000,3.56037,3.55959,1000000,1190000
2017-09-06 10:49:52.334000,3.56037,3.55958,1190000,1000000
2017-09-06 10:49:53.570000,3.56012,3.55958,1000000,1000000
2017-09-06 10:49:53.621000,3.56007,3.55938,1000000,1000000
2017-09-06 10:49:53.672000,3.55989,3.55934,1000000,1000000
2017-09-06 10:49:53.723000,3.56002,3.55928,1190000,1500000
2017-09-06 10:49:53.774000,3.55991,3.55928,1000000,1500000
2017-09-06 10:49:54.180000,3.55988,3.55928,1000000,1000000
2017-09-06 10:49:55.642000,3.55988,3.55922,1000000,1500000
2017-09-06 10:49:55.693000,3.55988,3.55918,1000000,1000000
2017-09-06 10:49:55.986000,3.55988,3.55924,1000000,1000000
2017-09-06 10:49:58.270000,3.55988,3.55943,1000000,1000000
2017-09-06 10:49:58.422000,3.56022,3.55943,1690000,1000000
2017-09-06 10:49:58.585000,3.56022,3.55943,1000000,1000000
2017-09-06 10:49:58.636000,3.56025,3.55948,1000000,1000000
2017-09-06 10:49:59.291000,3.56025,3.55949,1000000,1000000
2017-09-06 10:50:00.225000,3.56025,3.55948,1000000,1500000
2017-09-06 10:50:00.527000,3.56006,3.55933,1000000,1000000
2017-09-06 10:50:00.833000,3.55995,3.55938,1000000,1000000
2017-09-06 10:50:01.035000,3.55995,3.55929,1000000,1190000
2017-09-06 10:50:01.621000,3.55995,3.55929,1000000,1000000
2017-09-06 10:50:01.723000,3.55986,3.55929,1000000,1000000
2017-09-06 10:50:02.041000,3.55982,3.55929,1000000,1000000
2017-09-06 10:50:02.243000,3.56004,3.55929,1000000,1000000
2017-09-06 10:50:02.436000,3.56002,3.55918,1190000,1190000
2017-09-06 10:50:02.881000,3.56001,3.55929,1190000,1000000
2017-09-06 10:50:03.388000,3.56002,3.55918,1190000,1190000
2017-09-06 10:50:04.056000,3.56002,3.5592,1190000,1190000
2017-09-06 10:50:04.249000,3.56012,3.55928,1370000,1000000
2017-09-06 10:50:04.300000,3.56012,3.55928,1190000,1000000
2017-09-06 10:50:04.935000,3.56002,3.5592,1000000,1190000
2017-09-06 10:50:06.081000,3.56002,3.5592,1370000,1000000
2017-09-06 10:50:06.506000,3.56002,3.5592,1370000,1000000
2017-09-06 10:50:06.860000,3.56002,3.55918,1370000,1000000
2017-09-06 10:50:07.042000,3.55992,3.55908,1190000,1190000
2017-09-06 10:50:07.093000,3.55982,3.55908,1190000,1000000
2017-09-06 10:50:07.465000,3.55972,3.55898,1190000,1000000
2017-09-06 10:50:08.325000,3.55972,3.55898,1190000,1000000
2017-09-06 10:50:08.491000,3.55972,3.55888,1190000,1000000
2017-09-06 10:50:08.542000,3.55972,3.55898,1190000,1000000
2017-09-06 10:50:09.404000,3.55978,3.55899,1440000,1000000
2017-09-06 10:50:09.455000,3.55978,3.55899,1000000,1000000
2017-09-06 10:50:10.124000,3.55978,3.55899,1000000,1190000
2017-09-06 10:50:10.429000,3.55978,3.55899,1250000,1000000
2017-09-06 10:50:11.364000,3.55978,3.55899,1440000,1000000
2017-09-06 10:50:12.899000,3.55978,3.55899,1190000,1000000
2017-09-06 10:50:13.874000,3.55978,3.55899,1000000,1000000
2017-09-06 10:50:13.975000,3.55978,3.55908,1000000,1000000
2017-09-06 10:50:14.776000,3.55991,3.55908,1190000,1310000
2017-09-06 10:50:14.877000,3.55991,3.55918,1190000,1000000
2017-09-06 10:50:15.537000,3.55992,3.55908,1190000,1560000
2017-09-06 10:50:16.045000,3.55992,3.55908,1190000,1370000
2017-09-06 10:50:16.096000,3.55992,3.55908,1190000,1120000
2017-09-06 10:50:16.147000,3.55992,3.55908,1190000,1190000
2017-09-06 10:50:16.502000,3.56001,3.55919,1690000,1190000
2017-09-06 10:50:16.962000,3.55992,3.55918,1000000,1190000
2017-09-06 10:50:17.063000,3.56001,3.55918,1000000,1190000
2017-09-06 10:50:17.422000,3.56001,3.55918,1190000,1190000
2017-09-06 10:50:17.831000,3.56001,3.55929,1000000,1190000
2017-09-06 10:50:17.882000,3.56011,3.55929,1000000,1560000
2017-09-06 10:50:18.913000,3.56016,3.55939,1000000,1000000
2017-09-06 10:50:19.258000,3.56016,3.55939,1000000,1190000
2017-09-06 10:50:20.166000,3.56021,3.55939,1000000,1190000
2017-09-06 10:50:20.267000,3.56012,3.55932,1000000,1810000
2017-09-06 10:50:20.318000,3.56022,3.55938,1190000,1560000
2017-09-06 10:50:21.267000,3.56022,3.55938,1000000,1560000
2017-09-06 10:50:21.318000,3.56022,3.55938,1190000,1560000
2017-09-06 10:50:21.644000,3.56021,3.55939,1000000,1560000
2017-09-06 10:50:21.695000,3.56027,3.55948,1000000,1190000
2017-09-06 10:50:22.307000,3.56027,3.55948,1000000,1190000
2017-09-06 10:50:22.812000,3.56022,3.55938,1000000,1560000
2017-09-06 10:50:22.863000,3.56022,3.55938,1000000,1190000
2017-09-06 10:50:22.971000,3.56022,3.55938,1190000,1190000
2017-09-06 10:50:25.113000,3.56022,3.55938,1190000,1190000
2017-09-06 10:50:26.275000,3.56022,3.55938,1190000,1190000
2017-09-06 10:50:27.730000,3.56022,3.55938,1190000,1190000
2017-09-06 10:50:28.046000,3.56022,3.55938,1000000,1370000
2017-09-06 10:50:29.292000,3.56027,3.55948,1000000,1190000
2017-09-06 10:50:30.345000,3.56027,3.55948,1000000,1190000
2017-09-06 10:50:31.406000,3.56027,3.55948,1000000,1190000
2017-09-06 10:50:31.821000,3.56021,3.55939,1000000,1310000
2017-09-06 10:50:31.983000,3.56016,3.55939,1000000,1190000
2017-09-06 10:50:32.406000,3.56016,3.55948,1000000,1190000
2017-09-06 10:50:32.955000,3.56016,3.55948,1000000,1190000
2017-09-06 10:50:33.296000,3.56018,3.55948,1000000,1370000
2017-09-06 10:50:33.347000,3.56032,3.55948,1000000,1370000
2017-09-06 10:50:33.642000,3.56034,3.55958,1000000,1190000
2017-09-06 10:50:34.053000,3.56034,3.55958,1000000,1370000
2017-09-06 10:50:35.234000,3.56032,3.55958,1000000,1370000
2017-09-06 10:50:35.285000,3.56032,3.55958,1000000,1190000
2017-09-06 10:50:35.428000,3.56031,3.55949,1000000,1190000
2017-09-06 10:50:35.754000,3.56022,3.55948,1000000,1190000
2017-09-06 10:50:35.956000,3.56021,3.55948,1000000,1000000
2017-09-06 10:50:36.231000,3.56021,3.55938,1000000,1190000
2017-09-06 10:50:37.139000,3.56021,3.55938,1000000,1190000
2017-09-06 10:50:38.686000,3.56021,3.55948,1000000,1000000
2017-09-06 10:50:39.060000,3.56021,3.55948,1000000,1190000
2017-09-06 10:50:39.498000,3.56012,3.55948,1000000,1190000
2017-09-06 10:50:39.834000,3.56012,3.55939,1000000,1190000
2017-09-06 10:50:41.091000,3.56012,3.55939,1000000,1370000
2017-09-06 10:50:41.674000,3.56012,3.55939,1000000,1190000
2017-09-06 10:50:41.904000,3.56012,3.55939,1000000,1370000
2017-09-06 10:50:43.305000,3.56012,3.55939,1000000,1500000
2017-09-06 10:50:44.043000,3.56012,3.55949,1000000,1190000
2017-09-06 10:50:44.156000,3.56027,3.55949,1000000,1190000
2017-09-06 10:50:45.081000,3.56022,3.55938,1000000,1190000
2017-09-06 10:50:45.132000,3.56022,3.55938,1000000,1370000
2017-09-06 10:50:46.112000,3.56022,3.55938,1000000,1190000
2017-09-06 10:50:47.431000,3.56022,3.55948,1000000,1000000
2017-09-06 10:50:47.541000,3.56027,3.55948,1000000,1190000
2017-09-06 10:50:48.084000,3.56027,3.55948,1000000,1190000
2017-09-06 10:50:48.829000,3.56027,3.55948,1000000,1190000
2017-09-06 10:50:49.875000,3.56027,3.55948,1000000,1190000
2017-09-06 10:50:50.027000,3.56022,3.55948,1000000,1190000
2017-09-06 10:50:51.089000,3.56021,3.55939,1000000,1370000
2017-09-06 10:50:51.190000,3.56021,3.55939,1190000,1190000
2017-09-06 10:50:51.241000,3.56021,3.55939,1000000,1190000
2017-09-06 10:50:51.595000,3.56021,3.55939,1000000,1370000
2017-09-06 10:50:51.737000,3.56027,3.55948,1000000,1190000
2017-09-06 10:50:51.940000,3.56032,3.55948,1000000,1190000
2017-09-06 10:50:52.818000,3.56032,3.55948,1000000,1370000
2017-09-06 10:50:52.869000,3.56032,3.55948,1000000,1370000
2017-09-06 10:50:53.509000,3.56032,3.55948,1000000,1190000
2017-09-06 10:50:53.889000,3.56032,3.55948,1190000,1190000
2017-09-06 10:50:54.413000,3.56032,3.55948,1190000,1190000
2017-09-06 10:50:54.515000,3.56032,3.55948,1000000,1190000
2017-09-06 10:50:55.229000,3.56032,3.55948,1190000,1560000
2017-09-06 10:50:55.554000,3.56022,3.55948,1000000,1190000
2017-09-06 10:50:55.804000,3.56022,3.55941,1000000,1620000
2017-09-06 10:50:56.619000,3.56022,3.55941,1000000,1250000
2017-09-06 10:50:56.871000,3.56022,3.55941,1190000,1250000
2017-09-06 10:50:57.262000,3.56011,3.55929,1000000,1750000
2017-09-06 10:50:57.620000,3.56022,3.55938,1000000,1750000
2017-09-06 10:50:57.722000,3.56024,3.55948,1000000,1190000
2017-09-06 10:50:58.085000,3.56021,3.55939,1000000,1750000
2017-09-06 10:50:58.700000,3.56024,3.55948,1000000,1190000
2017-09-06 10:50:59.701000,3.56022,3.55948,1000000,1190000
2017-09-06 10:51:00.702000,3.56024,3.55949,1000000,1190000
2017-09-06 10:51:01.020000,3.56024,3.55971,1000000,1000000
2017-09-06 10:51:02.656000,3.56024,3.55977,1000000,1000000
2017-09-06 10:51:05.698000,3.56022,3.55977,1000000,1000000
2017-09-06 10:51:05.749000,3.56022,3.55972,1000000,1000000
2017-09-06 10:51:07.400000,3.56024,3.55972,1000000,1000000
2017-09-06 10:51:09.590000,3.56022,3.55972,1000000,1000000
2017-09-06 10:51:10.014000,3.56024,3.55972,1000000,1000000
2017-09-06 10:51:11.193000,3.56022,3.55972,1000000,1000000
2017-09-06 10:51:11.609000,3.56022,3.55966,1190000,1000000
2017-09-06 10:51:11.711000,3.56022,3.55961,1190000,1000000
2017-09-06 10:51:13.094000,3.56022,3.55961,1000000,1000000
2017-09-06 10:51:14.825000,3.56012,3.55961,1000000,1000000
2017-09-06 10:51:15.879000,3.56011,3.55961,1000000,1000000
2017-09-06 10:51:16.056000,3.56019,3.55961,1190000,1000000
2017-09-06 10:51:16.106000,3.56019,3.5597,1250000,1000000
2017-09-06 10:51:16.340000,3.5603,3.5597,1190000,1000000
2017-09-06 10:51:17.112000,3.56022,3.5597,1000000,1000000
2017-09-06 10:51:19.957000,3.56022,3.55975,1000000,1000000
2017-09-06 10:51:20.008000,3.5603,3.55975,1190000,1000000
2017-09-06 10:51:20.548000,3.5603,3.55981,1000000,1000000
2017-09-06 10:51:20.649000,3.56032,3.55981,1000000,1000000
2017-09-06 10:51:20.960000,3.56041,3.55981,1000000,1000000
2017-09-06 10:51:21.949000,3.56041,3.55996,1000000,1000000
2017-09-06 10:51:22.151000,3.56073,3.56007,1000000,1000000
2017-09-06 10:51:22.318000,3.56073,3.56002,1000000,1250000
2017-09-06 10:51:22.607000,3.56073,3.56012,1000000,1000000
2017-09-06 10:51:22.759000,3.56073,3.56007,1000000,1000000
2017-09-06 10:51:22.912000,3.56073,3.55999,1000000,1000000
2017-09-06 10:51:22.962000,3.56073,3.55999,1000000,1190000
2017-09-06 10:51:23.027000,3.56073,3.55999,1000000,1000000
2017-09-06 10:51:23.078000,3.56071,3.55999,1000000,1000000
2017-09-06 10:51:23.431000,3.56073,3.56011,1000000,1000000
2017-09-06 10:51:23.627000,3.56073,3.56,1000000,1000000
2017-09-06 10:51:23.677000,3.56073,3.56006,1000000,1000000
2017-09-06 10:51:24.250000,3.56072,3.56006,1000000,1000000
2017-09-06 10:51:25.686000,3.56072,3.56006,1190000,1000000
2017-09-06 10:51:29.821000,3.56061,3.56006,1000000,1000000
2017-09-06 10:51:29.871000,3.56061,3.55994,1190000,1000000
2017-09-06 10:51:30.073000,3.56061,3.55994,1000000,1000000
2017-09-06 10:51:31.218000,3.56061,3.55994,1190000,1000000
2017-09-06 10:51:31.648000,3.56061,3.55994,1000000,1000000
2017-09-06 10:51:31.699000,3.56061,3.56001,1000000,1000000
2017-09-06 10:51:31.800000,3.56062,3.55995,1000000,1000000
2017-09-06 10:51:31.851000,3.56062,3.55996,1190000,1000000
2017-09-06 10:51:31.902000,3.56051,3.55987,1000000,1000000
2017-09-06 10:51:32.003000,3.5606,3.55987,1370000,1000000
2017-09-06 10:51:32.509000,3.5606,3.55987,1000000,1000000
2017-09-06 10:51:32.991000,3.56052,3.55984,1190000,1000000
2017-09-06 10:51:33.042000,3.56052,3.55982,1000000,1000000
2017-09-06 10:51:33.094000,3.56052,3.55982,1190000,1000000
2017-09-06 10:51:33.145000,3.56052,3.55982,1000000,1000000
2017-09-06 10:51:34.091000,3.56052,3.55982,1190000,1000000
2017-09-06 10:51:35.699000,3.56052,3.55982,1000000,1000000
2017-09-06 10:51:35.750000,3.56052,3.55989,1000000,1000000
2017-09-06 10:51:35.800000,3.5606,3.55989,1190000,1000000
2017-09-06 10:51:35.901000,3.5606,3.55994,1190000,1000000
2017-09-06 10:51:36.578000,3.56062,3.55994,1190000,1000000
2017-09-06 10:51:36.764000,3.56062,3.55994,1000000,1000000
2017-09-06 10:51:37.384000,3.56072,3.55994,1190000,1000000
2017-09-06 10:51:37.435000,3.56074,3.55998,1000000,1190000
2017-09-06 10:51:37.486000,3.56072,3.55994,1000000,1000000
2017-09-06 10:51:38.901000,3.56062,3.55994,1000000,1000000
2017-09-06 10:51:40.811000,3.56072,3.55989,1370000,1000000
2017-09-06 10:51:40.862000,3.56062,3.55989,1000000,1000000
2017-09-06 10:51:41.170000,3.56072,3.55994,1370000,1000000
2017-09-06 10:51:41.271000,3.56072,3.55994,1370000,1000000
2017-09-06 10:51:41.895000,3.56072,3.55994,1370000,1000000
2017-09-06 10:51:42.455000,3.56062,3.55994,1000000,1000000
2017-09-06 10:51:42.506000,3.56062,3.55989,1000000,1000000
2017-09-06 10:51:42.715000,3.56062,3.55989,1190000,1000000
2017-09-06 10:51:43.619000,3.56051,3.55995,1000000,1000000
2017-09-06 10:51:44.333000,3.56061,3.55995,1190000,1000000
2017-09-06 10:51:44.384000,3.56061,3.55995,1000000,1000000
2017-09-06 10:51:44.704000,3.56061,3.55989,1000000,1500000
2017-09-06 10:51:44.755000,3.56051,3.55989,1000000,1000000
2017-09-06 10:51:46.256000,3.56061,3.55989,1690000,1000000
2017-09-06 10:51:47.020000,3.56052,3.55989,1000000,1000000
2017-09-06 10:51:47.071000,3.56052,3.5598,1190000,1000000
2017-09-06 10:51:47.122000,3.56031,3.55969,1000000,1000000
2017-09-06 10:51:47.420000,3.56046,3.55978,1000000,1000000
2017-09-06 10:51:48.120000,3.56046,3.55975,1000000,1000000
2017-09-06 10:51:48.171000,3.56046,3.5597,1000000,1000000
2017-09-06 10:51:48.222000,3.56042,3.5597,1190000,1000000
2017-09-06 10:51:48.528000,3.56032,3.55963,1690000,1000000
2017-09-06 10:51:48.911000,3.56018,3.55963,1000000,1000000
2017-09-06 10:51:49.014000,3.5603,3.55972,1190000,1000000
2017-09-06 10:51:49.202000,3.5603,3.55966,1190000,1000000
2017-09-06 10:51:51.443000,3.5603,3.55965,1000000,1000000
2017-09-06 10:51:56.762000,3.5603,3.55971,1000000,1000000
2017-09-06 10:51:57.597000,3.5603,3.55963,1190000,1000000
2017-09-06 10:51:57.763000,3.5603,3.55957,1190000,1500000
2017-09-06 10:52:00.182000,3.5603,3.55953,1190000,1000000
2017-09-06 10:52:01.654000,3.5603,3.55953,1000000,1000000
2017-09-06 10:52:01.788000,3.5603,3.55959,1000000,1000000
2017-09-06 10:52:04.088000,3.5603,3.55965,1000000,1000000
2017-09-06 10:52:05.039000,3.5603,3.55965,1190000,1000000
2017-09-06 10:52:06.316000,3.56029,3.5596,1250000,1000000
2017-09-06 10:52:12.838000,3.56029,3.5596,1190000,1000000
2017-09-06 10:52:15.442000,3.56029,3.5596,1000000,1000000
2017-09-06 10:52:16.962000,3.56029,3.55965,1000000,1000000
2017-09-06 10:52:17.189000,3.56041,3.55971,1000000,1000000
2017-09-06 10:52:17.577000,3.56041,3.55964,1000000,1000000
2017-09-06 10:52:17.777000,3.56041,3.55961,1000000,1250000
2017-09-06 10:52:18.793000,3.56041,3.55961,1190000,1000000
2017-09-06 10:52:18.844000,3.56041,3.55961,1000000,1000000
2017-09-06 10:52:20.121000,3.56041,3.55961,1190000,1000000
2017-09-06 10:52:20.651000,3.56032,3.55961,1190000,1000000
2017-09-06 10:52:21.131000,3.56032,3.55961,1000000,1000000
2017-09-06 10:52:23.752000,3.56032,3.55962,1000000,1250000
2017-09-06 10:52:23.802000,3.56032,3.55968,1000000,1000000
2017-09-06 10:52:24.095000,3.56032,3.55961,1190000,1000000
2017-09-06 10:52:24.146000,3.56022,3.55961,1000000,1000000
2017-09-06 10:52:27.228000,3.56032,3.55961,1370000,1000000
2017-09-06 10:52:27.433000,3.56021,3.55961,1000000,1000000
2017-09-06 10:52:29.474000,3.56021,3.55961,1190000,1000000
2017-09-06 10:52:29.525000,3.56012,3.55953,1000000,1000000
2017-09-06 10:52:29.924000,3.56012,3.55953,1190000,1000000
2017-09-06 10:52:29.975000,3.56012,3.5594,1190000,1000000
2017-09-06 10:52:30.026000,3.55992,3.55931,1190000,1000000
2017-09-06 10:52:30.076000,3.55992,3.55925,1190000,1000000
2017-09-06 10:52:30.127000,3.55992,3.55925,1370000,1000000
2017-09-06 10:52:30.228000,3.55992,3.55922,1370000,1000000
2017-09-06 10:52:30.279000,3.55992,3.55908,1370000,1000000
2017-09-06 10:52:30.438000,3.55982,3.55901,1190000,1000000
2017-09-06 10:52:30.489000,3.55982,3.55898,1370000,1000000
2017-09-06 10:52:30.540000,3.55982,3.55898,1370000,1000000
2017-09-06 10:52:31.104000,3.55982,3.55898,1190000,1500000
2017-09-06 10:52:31.638000,3.55982,3.55898,1190000,1500000
2017-09-06 10:52:31.739000,3.55983,3.55909,1000000,1000000
2017-09-06 10:52:31.790000,3.55986,3.55909,1000000,1000000
2017-09-06 10:52:31.859000,3.55991,3.55909,1190000,1000000
2017-09-06 10:52:32.061000,3.55991,3.55909,1370000,1000000
2017-09-06 10:52:32.162000,3.55991,3.55909,1190000,1000000
2017-09-06 10:52:32.213000,3.55991,3.55919,1190000,1000000
2017-09-06 10:52:32.604000,3.55991,3.55919,1000000,1000000
2017-09-06 10:52:32.655000,3.55999,3.55918,1190000,1000000
2017-09-06 10:52:32.705000,3.56002,3.55918,1690000,1690000
2017-09-06 10:52:33.074000,3.56002,3.55928,1190000,1000000
2017-09-06 10:52:33.225000,3.56012,3.55928,1190000,1000000
2017-09-06 10:52:34.469000,3.56012,3.55928,1190000,1000000
2017-09-06 10:52:35.119000,3.56012,3.55928,1370000,1000000
2017-09-06 10:52:35.170000,3.56012,3.55928,1190000,1000000
2017-09-06 10:52:35.575000,3.56012,3.55928,1370000,1000000
2017-09-06 10:52:36.587000,3.56002,3.55918,1190000,1690000
2017-09-06 10:52:38.509000,3.56002,3.55918,1190000,1500000
2017-09-06 10:52:39.053000,3.56001,3.55918,1190000,1000000
2017-09-06 10:52:40.525000,3.55992,3.55908,1000000,1190000
2017-09-06 10:52:41.067000,3.55992,3.55908,1190000,1190000
2017-09-06 10:52:41.682000,3.55992,3.55908,1190000,1190000
2017-09-06 10:52:41.938000,3.55992,3.55908,1190000,1000000
2017-09-06 10:52:42.453000,3.55989,3.55908,1190000,1000000
2017-09-06 10:52:42.572000,3.55989,3.55908,1250000,1190000
2017-09-06 10:52:42.917000,3.55989,3.55908,1190000,1000000
2017-09-06 10:52:44.273000,3.55989,3.55908,1250000,1000000
2017-09-06 10:52:44.708000,3.55989,3.55908,1440000,1000000
2017-09-06 10:52:45.116000,3.55981,3.55902,1190000,1000000
2017-09-06 10:52:45.217000,3.55989,3.55908,1190000,1000000
2017-09-06 10:52:45.268000,3.55989,3.55908,1250000,1000000
2017-09-06 10:52:46.193000,3.55989,3.55908,1370000,1000000
2017-09-06 10:52:46.257000,3.55989,3.55908,1370000,1000000
2017-09-06 10:52:48.812000,3.55989,3.55909,1440000,1000000
2017-09-06 10:52:48.864000,3.55989,3.55909,1190000,1190000
2017-09-06 10:52:48.914000,3.55989,3.55919,1190000,1000000
2017-09-06 10:52:49.566000,3.56001,3.55919,1190000,1000000
2017-09-06 10:52:51.411000,3.56001,3.55919,1190000,1000000
2017-09-06 10:52:52.947000,3.56001,3.55919,1190000,1000000
2017-09-06 10:52:55.026000,3.56001,3.55919,1190000,1000000
2017-09-06 10:52:55.127000,3.56004,3.55929,1000000,1000000
2017-09-06 10:52:55.279000,3.56011,3.55929,1190000,1190000
2017-09-06 10:52:55.623000,3.56002,3.5592,1190000,1190000
2017-09-06 10:52:56.552000,3.56,3.55918,1370000,1000000
2017-09-06 10:52:57.467000,3.56,3.55918,1370000,1000000
2017-09-06 10:52:59.205000,3.55992,3.55908,1190000,1190000
2017-09-06 10:52:59.313000,3.55992,3.55908,1190000,1000000
2017-09-06 10:52:59.364000,3.55982,3.55903,1190000,1000000
2017-09-06 10:52:59.516000,3.55982,3.559,1190000,1190000
2017-09-06 10:52:59.768000,3.55982,3.55898,1190000,1000000
2017-09-06 10:53:00.844000,3.55982,3.55898,1370000,1000000
2017-09-06 10:53:02.349000,3.55987,3.55898,1190000,1560000
2017-09-06 10:53:02.400000,3.55987,3.55909,1000000,1000000
2017-09-06 10:53:04.063000,3.55987,3.55909,1190000,1000000
2017-09-06 10:53:04.203000,3.55982,3.55898,1190000,1190000
2017-09-06 10:53:04.304000,3.55982,3.55898,1190000,1000000
2017-09-06 10:53:05.825000,3.55982,3.55898,1370000,1000000
2017-09-06 10:53:06.576000,3.55972,3.55892,1190000,1000000
2017-09-06 10:53:07.631000,3.55972,3.55892,1190000,1000000
2017-09-06 10:53:08.306000,3.55972,3.55892,1190000,1000000
2017-09-06 10:53:10.031000,3.55972,3.55892,1190000,1000000
2017-09-06 10:53:10.204000,3.55961,3.55879,1370000,1000000
2017-09-06 10:53:11.101000,3.55952,3.55878,1190000,1000000
2017-09-06 10:53:12.102000,3.55951,3.55869,1190000,1190000
2017-09-06 10:53:12.718000,3.55951,3.55869,1190000,1000000
2017-09-06 10:53:12.921000,3.55961,3.55879,1870000,1000000
2017-09-06 10:53:12.972000,3.55961,3.55879,1690000,1190000
2017-09-06 10:53:13.023000,3.55961,3.55888,1190000,1000000
2017-09-06 10:53:13.978000,3.55962,3.55878,1190000,1190000
2017-09-06 10:53:14.280000,3.55962,3.55878,1190000,1000000
2017-09-06 10:53:15.090000,3.55962,3.55878,1190000,1000000
2017-09-06 10:53:15.898000,3.55962,3.55878,1190000,1190000
2017-09-06 10:53:16.366000,3.55959,3.55888,1250000,1000000
2017-09-06 10:53:17.372000,3.55952,3.55868,1000000,1870000
2017-09-06 10:53:17.424000,3.55952,3.55868,1190000,1190000
2017-09-06 10:53:17.875000,3.55952,3.55868,1190000,1000000
2017-09-06 10:53:18.302000,3.55952,3.55868,1370000,1000000
2017-09-06 10:53:19.717000,3.55948,3.55868,1000000,1000000
2017-09-06 10:53:19.891000,3.55952,3.55868,1190000,1190000
2017-09-06 10:53:20.270000,3.55951,3.55879,1190000,1000000
2017-09-06 10:53:20.880000,3.55951,3.55869,1190000,1190000
2017-09-06 10:53:23.018000,3.55951,3.55869,1190000,1190000
2017-09-06 10:53:25.323000,3.55941,3.55869,1000000,1190000
2017-09-06 10:53:25.812000,3.55941,3.55869,1190000,1000000
2017-09-06 10:53:26.456000,3.55949,3.55869,1250000,1000000
2017-09-06 10:53:27.106000,3.55949,3.55869,1190000,1000000
2017-09-06 10:53:27.652000,3.55949,3.55869,1250000,1000000
2017-09-06 10:53:29.019000,3.55949,3.55869,1190000,1000000
2017-09-06 10:53:29.070000,3.55949,3.55869,1190000,1190000
2017-09-06 10:53:29.216000,3.5596,3.55878,1190000,1000000
2017-09-06 10:53:30.005000,3.55952,3.55878,1000000,1000000
2017-09-06 10:53:30.157000,3.5596,3.55879,1190000,1000000
2017-09-06 10:53:30.309000,3.5596,3.55879,1190000,1190000
2017-09-06 10:53:32.635000,3.5596,3.55879,1190000,1370000
2017-09-06 10:53:33.557000,3.5596,3.55888,1190000,1000000
2017-09-06 10:53:35.216000,3.5596,3.55878,1190000,1370000
2017-09-06 10:53:35.267000,3.55941,3.55865,1000000,1690000
2017-09-06 10:53:35.469000,3.55932,3.55861,1000000,1000000
2017-09-06 10:53:35.570000,3.55932,3.55858,1190000,1000000
2017-09-06 10:53:35.621000,3.55931,3.55854,1190000,1000000
2017-09-06 10:53:36.654000,3.55922,3.55854,1000000,1000000
2017-09-06 10:53:37.085000,3.55931,3.55854,1370000,1000000
2017-09-06 10:53:37.321000,3.55922,3.55854,1000000,1000000
2017-09-06 10:53:37.372000,3.55932,3.55854,1370000,1000000
2017-09-06 10:53:38.522000,3.55932,3.55854,1370000,1000000
2017-09-06 10:53:38.673000,3.55932,3.55851,1370000,1000000
2017-09-06 10:53:38.724000,3.55932,3.55848,1370000,1000000
2017-09-06 10:53:39.421000,3.55932,3.55848,1370000,1000000
2017-09-06 10:53:39.551000,3.55912,3.55838,1000000,1000000
2017-09-06 10:53:39.652000,3.55912,3.55838,1190000,1000000
2017-09-06 10:53:39.703000,3.55912,3.55828,1190000,1690000
2017-09-06 10:53:41.420000,3.55912,3.55828,1190000,1500000
2017-09-06 10:53:41.832000,3.55902,3.55828,1190000,1000000
2017-09-06 10:53:42.523000,3.55902,3.55828,1000000,1000000
2017-09-06 10:53:44.030000,3.55912,3.55828,1370000,1500000
2017-09-06 10:53:44.080000,3.55912,3.55828,1370000,1690000
2017-09-06 10:53:44.754000,3.55912,3.55828,1190000,1690000
2017-09-06 10:53:45.024000,3.55912,3.55828,1190000,1500000
2017-09-06 10:53:45.960000,3.55901,3.55829,1000000,1000000
2017-09-06 10:53:46.401000,3.55892,3.55817,1190000,1000000
2017-09-06 10:53:47.335000,3.55892,3.55817,1370000,1000000
2017-09-06 10:53:47.748000,3.55872,3.55804,1000000,1000000
2017-09-06 10:53:48.724000,3.55872,3.55804,1190000,1000000
2017-09-06 10:53:49.016000,3.55882,3.55804,1190000,1000000
2017-09-06 10:53:51.221000,3.55882,3.55804,1190000,1000000
2017-09-06 10:53:51.322000,3.55862,3.55804,1190000,1000000
2017-09-06 10:53:51.672000,3.55831,3.55789,1190000,1000000
2017-09-06 10:53:51.723000,3.55822,3.55753,1000000,1000000
2017-09-06 10:53:51.773000,3.55822,3.55753,1190000,1000000
2017-09-06 10:53:52.044000,3.55822,3.55753,1000000,1000000
2017-09-06 10:53:52.145000,3.55822,3.55753,1190000,1000000
2017-09-06 10:53:52.447000,3.55801,3.55753,1000000,1000000
2017-09-06 10:53:52.548000,3.55801,3.55736,1000000,1000000
2017-09-06 10:53:52.995000,3.55811,3.55736,1190000,1000000
2017-09-06 10:53:53.046000,3.55822,3.55738,1370000,1190000
2017-09-06 10:53:55.091000,3.55822,3.55738,1370000,1000000
2017-09-06 10:53:55.142000,3.55822,3.55736,1370000,1000000
2017-09-06 10:53:55.553000,3.55802,3.55736,1000000,1000000
2017-09-06 10:53:57.544000,3.55812,3.55736,1190000,1000000
2017-09-06 10:53:57.730000,3.55811,3.55736,1000000,1000000
2017-09-06 10:53:57.884000,3.55812,3.55738,1000000,1000000
2017-09-06 10:53:58.452000,3.55812,3.55736,1000000,1190000
2017-09-06 10:53:58.503000,3.55812,3.55736,1000000,1000000
2017-09-06 10:53:58.669000,3.55812,3.55736,1190000,1000000
2017-09-06 10:53:58.821000,3.55811,3.55736,1000000,1000000
2017-09-06 10:53:58.871000,3.55802,3.55736,1000000,1000000
2017-09-06 10:53:59.856000,3.55802,3.55736,1190000,1000000
2017-09-06 10:54:00.512000,3.55792,3.55736,1000000,1000000
2017-09-06 10:54:00.670000,3.55792,3.55714,1000000,1000000
2017-09-06 10:54:01.648000,3.55792,3.55714,1190000,1000000
2017-09-06 10:54:03.157000,3.55792,3.55714,1000000,1000000
2017-09-06 10:54:03.339000,3.55801,3.55719,1190000,1190000
2017-09-06 10:54:04.235000,3.55792,3.55718,1000000,1190000
2017-09-06 10:54:04.584000,3.55792,3.55725,1000000,1000000
2017-09-06 10:54:06.371000,3.55772,3.55714,1000000,1000000
2017-09-06 10:54:06.473000,3.55772,3.55702,1000000,1250000
2017-09-06 10:54:06.993000,3.55771,3.55702,1000000,1000000
2017-09-06 10:54:07.186000,3.55771,3.5569,1190000,1190000
2017-09-06 10:54:07.237000,3.55771,3.5569,1000000,1370000
2017-09-06 10:54:07.949000,3.55782,3.5569,1370000,1370000
2017-09-06 10:54:08.050000,3.55782,3.55698,1000000,1370000
2017-09-06 10:54:08.356000,3.55771,3.55699,1000000,1190000
2017-09-06 10:54:09.011000,3.55772,3.5569,1000000,1370000
2017-09-06 10:54:09.150000,3.55772,3.5569,1000000,1190000
2017-09-06 10:54:10.036000,3.55772,3.5569,1190000,1190000
2017-09-06 10:54:10.554000,3.55772,3.5569,1000000,1190000
2017-09-06 10:54:10.605000,3.55772,3.5569,1190000,1190000
2017-09-06 10:54:10.925000,3.55782,3.55701,1000000,1440000
2017-09-06 10:54:12.415000,3.55792,3.55708,1190000,1190000
2017-09-06 10:54:13.417000,3.55782,3.55708,1000000,1190000
2017-09-06 10:54:16.547000,3.55792,3.55708,1190000,1190000
2017-09-06 10:54:16.598000,3.55792,3.55708,1000000,1190000
2017-09-06 10:54:17.810000,3.55792,3.55708,1000000,1370000
2017-09-06 10:54:19.040000,3.55792,3.55708,1000000,1190000
2017-09-06 10:54:19.206000,3.55792,3.55708,1000000,1190000
2017-09-06 10:54:21.744000,3.55781,3.55709,1000000,1190000
2017-09-06 10:54:23.183000,3.55791,3.55709,1190000,1190000
2017-09-06 10:54:23.233000,3.55782,3.55708,1000000,1190000
2017-09-06 10:54:23.624000,3.55791,3.55709,1000000,1370000
2017-09-06 10:54:23.725000,3.55791,3.55709,1190000,1370000
2017-09-06 10:54:23.981000,3.55809,3.55728,1250000,1000000
2017-09-06 10:54:24.031000,3.55809,3.55728,1250000,1190000
2017-09-06 10:54:24.205000,3.55821,3.55739,1000000,1000000
2017-09-06 10:54:24.307000,3.55822,3.55738,1000000,1370000
2017-09-06 10:54:24.358000,3.55827,3.55749,1000000,1190000
2017-09-06 10:54:24.571000,3.55822,3.5574,1000000,1370000
2017-09-06 10:54:24.621000,3.55822,3.5574,1190000,1190000
2017-09-06 10:54:24.823000,3.55812,3.5574,1000000,1000000
2017-09-06 10:54:24.920000,3.55812,3.55728,1000000,1870000
2017-09-06 10:54:25.728000,3.55821,3.55739,1370000,1000000
2017-09-06 10:54:26.728000,3.55812,3.55738,1000000,1190000
2017-09-06 10:54:28.952000,3.55822,3.55738,1370000,1190000
2017-09-06 10:54:29.534000,3.55822,3.55738,1370000,1000000
2017-09-06 10:54:29.585000,3.55811,3.55729,1000000,1190000
2017-09-06 10:54:33.289000,3.55813,3.55738,1000000,1190000
2017-09-06 10:54:33.471000,3.55822,3.55738,1370000,1000000
2017-09-06 10:54:33.522000,3.55822,3.5573,1370000,1370000
2017-09-06 10:54:33.721000,3.55816,3.5573,1000000,1370000
2017-09-06 10:54:34.024000,3.55813,3.55728,1000000,1370000
2017-09-06 10:54:35.025000,3.55813,3.55728,1000000,1370000
2017-09-06 10:54:35.626000,3.55813,3.55728,1000000,1370000
2017-09-06 10:54:36.556000,3.55813,3.55728,1000000,1370000
2017-09-06 10:54:36.930000,3.55812,3.55728,1000000,1370000
2017-09-06 10:54:37.525000,3.55812,3.55728,1000000,1370000
2017-09-06 10:54:39.086000,3.55812,3.55728,1190000,1190000
2017-09-06 10:54:39.683000,3.55812,3.55728,1000000,1190000
2017-09-06 10:54:40.600000,3.55812,3.55728,1000000,1370000
2017-09-06 10:54:41.701000,3.55813,3.55728,1000000,1370000
2017-09-06 10:54:41.751000,3.55813,3.55738,1000000,1190000
2017-09-06 10:54:42.054000,3.55822,3.55749,1000000,1190000
2017-09-06 10:54:43.407000,3.55822,3.55749,1000000,1190000
2017-09-06 10:54:43.936000,3.55822,3.55749,1000000,1190000
2017-09-06 10:54:44.278000,3.55822,3.55778,1000000,1190000
2017-09-06 10:54:44.329000,3.55837,3.55768,1000000,1370000
2017-09-06 10:54:44.430000,3.55855,3.55778,1000000,1190000
2017-09-06 10:54:44.634000,3.55855,3.55778,1000000,1000000
2017-09-06 10:54:44.736000,3.55855,3.55778,1000000,1190000
2017-09-06 10:54:45.513000,3.55862,3.55778,1370000,1190000
2017-09-06 10:54:45.994000,3.55862,3.55778,1000000,1190000
2017-09-06 10:54:46.045000,3.55862,3.55778,1190000,1190000
2017-09-06 10:54:46.606000,3.55852,3.55778,1000000,1190000
2017-09-06 10:54:49.213000,3.55862,3.55778,1370000,1190000
2017-09-06 10:54:51.244000,3.55862,3.55778,1190000,1190000
2017-09-06 10:54:53.623000,3.55862,3.55778,1190000,1190000
2017-09-06 10:54:57.523000,3.55862,3.55778,1370000,1000000
2017-09-06 10:55:00.445000,3.55862,3.55778,1370000,1190000
2017-09-06 10:55:00.684000,3.55862,3.55778,1370000,1000000
2017-09-06 10:55:00.734000,3.55851,3.55775,1000000,1000000
2017-09-06 10:55:00.886000,3.55851,3.55769,1370000,1190000
2017-09-06 10:55:07.548000,3.55841,3.55765,1000000,1190000
2017-09-06 10:55:07.728000,3.55841,3.55765,1000000,1000000
2017-09-06 10:55:09.130000,3.55852,3.55768,1370000,1000000
2017-09-06 10:55:09.190000,3.55842,3.55765,1000000,1000000
2017-09-06 10:55:09.655000,3.55842,3.55765,1370000,1000000
2017-09-06 10:55:09.924000,3.55842,3.55765,1000000,1000000
2017-09-06 10:55:10.025000,3.55851,3.55769,1190000,1190000
2017-09-06 10:55:10.361000,3.55851,3.55769,1190000,1000000
2017-09-06 10:55:10.730000,3.55851,3.55769,1000000,1190000
2017-09-06 10:55:12.890000,3.55862,3.55778,1870000,1000000
2017-09-06 10:55:15.638000,3.55862,3.55778,1870000,1000000
2017-09-06 10:55:15.689000,3.55852,3.55768,1190000,1190000
2017-09-06 10:55:15.740000,3.55852,3.55768,1000000,1190000
2017-09-06 10:55:17.350000,3.55852,3.55768,1190000,1190000
2017-09-06 10:55:21.125000,3.55852,3.55768,1190000,1190000
2017-09-06 10:55:24.998000,3.55842,3.55768,1000000,1190000
2017-09-06 10:55:25.127000,3.55852,3.55768,1190000,1190000
2017-09-06 10:55:25.190000,3.55852,3.55778,1190000,1000000
2017-09-06 10:55:25.241000,3.55852,3.55778,1000000,1000000
2017-09-06 10:55:25.725000,3.55852,3.55778,1000000,1190000
2017-09-06 10:55:26.192000,3.55859,3.55779,1120000,1190000
2017-09-06 10:55:27.458000,3.55861,3.55779,1190000,1000000
2017-09-06 10:55:27.572000,3.55861,3.55779,1370000,1000000
2017-09-06 10:55:27.623000,3.55861,3.55779,1370000,1000000
2017-09-06 10:55:27.689000,3.55861,3.55779,1370000,1190000
2017-09-06 10:55:29.685000,3.55852,3.55778,1000000,1190000
2017-09-06 10:55:29.735000,3.55862,3.55778,1370000,1190000
2017-09-06 10:55:29.822000,3.55862,3.55778,1370000,1000000
2017-09-06 10:55:30.982000,3.55852,3.55775,1000000,1000000
2017-09-06 10:55:31.770000,3.55852,3.55775,1000000,1190000
2017-09-06 10:55:31.821000,3.55862,3.55778,1000000,1190000
2017-09-06 10:55:34.909000,3.55871,3.55789,1370000,1000000
2017-09-06 10:55:35.212000,3.55882,3.55798,1370000,1190000
2017-09-06 10:55:36.591000,3.55871,3.55789,1000000,1370000
2017-09-06 10:55:39.629000,3.55882,3.55798,1190000,1190000
2017-09-06 10:55:39.679000,3.55882,3.55805,1190000,1000000
2017-09-06 10:55:39.881000,3.55911,3.55829,1190000,1370000
2017-09-06 10:55:40.026000,3.55911,3.55829,1000000,1370000
2017-09-06 10:55:40.426000,3.55911,3.55829,1000000,1370000
2017-09-06 10:55:40.967000,3.55911,3.55829,1000000,1370000
2017-09-06 10:55:41.019000,3.55911,3.55829,1370000,1190000
2017-09-06 10:55:41.202000,3.55911,3.55829,1370000,1000000
2017-09-06 10:55:41.407000,3.55911,3.55829,1370000,1190000
2017-09-06 10:55:43.182000,3.55904,3.55829,1000000,1190000
2017-09-06 10:55:43.757000,3.55902,3.55818,1000000,1370000
2017-09-06 10:55:43.858000,3.55892,3.55808,1000000,1190000
2017-09-06 10:55:43.959000,3.55881,3.55807,1190000,1000000
2017-09-06 10:55:44.597000,3.55872,3.55796,1000000,1190000
2017-09-06 10:55:44.648000,3.55872,3.55796,1000000,1000000
2017-09-06 10:55:44.699000,3.55872,3.55796,1000000,1190000
2017-09-06 10:55:44.750000,3.55872,3.55796,1000000,1000000
2017-09-06 10:55:44.801000,3.55872,3.55788,1000000,1370000
2017-09-06 10:55:48.608000,3.55872,3.55788,1000000,1190000
2017-09-06 10:55:49.276000,3.55876,3.55798,1000000,1190000
2017-09-06 10:55:50.129000,3.55876,3.55798,1190000,1000000
2017-09-06 10:55:50.179000,3.55876,3.55798,1000000,1000000
2017-09-06 10:55:50.230000,3.55871,3.55789,1000000,1190000
2017-09-06 10:55:50.486000,3.55871,3.55789,1190000,1370000
2017-09-06 10:55:51.193000,3.55871,3.55789,1370000,1190000
2017-09-06 10:55:51.932000,3.55871,3.55789,1190000,1190000
2017-09-06 10:55:52.922000,3.55871,3.55789,1370000,1000000
2017-09-06 10:55:58.128000,3.55871,3.55789,1000000,1190000
2017-09-06 10:55:58.178000,3.55871,3.55795,1000000,1000000
2017-09-06 10:55:58.527000,3.55911,3.55838,1000000,1000000
2017-09-06 10:55:58.846000,3.55911,3.55838,1000000,1190000
2017-09-06 10:56:01.001000,3.55911,3.55828,1000000,1190000
2017-09-06 10:56:01.845000,3.55911,3.55828,1000000,1370000
2017-09-06 10:56:03.906000,3.55911,3.55838,1000000,1370000
2017-09-06 10:56:04.170000,3.55926,3.55848,1000000,1190000
2017-09-06 10:56:05.274000,3.55926,3.55848,1000000,1190000
2017-09-06 10:56:05.408000,3.55921,3.5584,1000000,1370000
2017-09-06 10:56:06.371000,3.55921,3.5584,1000000,1190000
2017-09-06 10:56:06.500000,3.55921,3.5584,1000000,1190000
2017-09-06 10:56:06.554000,3.55912,3.55829,1000000,1690000
2017-09-06 10:56:06.959000,3.55901,3.55819,1000000,1370000
2017-09-06 10:56:07.489000,3.55901,3.55819,1000000,1370000
2017-09-06 10:56:07.790000,3.55911,3.55829,1000000,1370000
2017-09-06 10:56:08.874000,3.55911,3.55829,1000000,1190000
2017-09-06 10:56:09.849000,3.55911,3.55829,1000000,1370000
2017-09-06 10:56:10.830000,3.55902,3.55829,1000000,1000000
2017-09-06 10:56:10.969000,3.55902,3.55818,1190000,1190000
2017-09-06 10:56:12.059000,3.55899,3.55818,1000000,1370000
2017-09-06 10:56:12.324000,3.55899,3.55828,1000000,1000000
2017-09-06 10:56:12.576000,3.55915,3.55838,1000000,1000000
2017-09-06 10:56:14.246000,3.55912,3.55838,1190000,1000000
2017-09-06 10:56:14.297000,3.55912,3.55828,1190000,1000000
2017-09-06 10:56:14.347000,3.55904,3.55828,1000000,1000000
2017-09-06 10:56:14.650000,3.55901,3.55828,1000000,1000000
2017-09-06 10:56:16.473000,3.55901,3.55828,1000000,1370000
2017-09-06 10:56:17.769000,3.55901,3.55828,1000000,1370000
2017-09-06 10:56:17.933000,3.55911,3.55839,1000000,1000000
2017-09-06 10:56:19.010000,3.55911,3.55829,1000000,1370000
2017-09-06 10:56:19.151000,3.55911,3.55829,1190000,1190000
2017-09-06 10:56:19.666000,3.55911,3.55829,1190000,1000000
2017-09-06 10:56:19.853000,3.55911,3.55829,1190000,1190000
2017-09-06 10:56:19.904000,3.55911,3.55829,1190000,1000000
2017-09-06 10:56:20.226000,3.55911,3.55829,1190000,1190000
2017-09-06 10:56:20.872000,3.55911,3.55829,1190000,1000000
2017-09-06 10:56:21.904000,3.55901,3.55819,1000000,1370000
2017-09-06 10:56:22.026000,3.55901,3.55819,1190000,1370000
2017-09-06 10:56:23.097000,3.55901,3.55819,1190000,1190000
2017-09-06 10:56:23.198000,3.55892,3.55812,1190000,1000000
2017-09-06 10:56:23.249000,3.55892,3.55808,1190000,1000000
2017-09-06 10:56:23.300000,3.55892,3.55808,1870000,1000000
2017-09-06 10:56:23.567000,3.55881,3.55799,1190000,1000000
2017-09-06 10:56:23.718000,3.55877,3.55799,1000000,1370000
2017-09-06 10:56:25.816000,3.55877,3.55808,1000000,1000000
2017-09-06 10:56:26.258000,3.55889,3.55808,1250000,1000000
2017-09-06 10:56:28.462000,3.55889,3.55808,1190000,1190000
2017-09-06 10:56:28.900000,3.55904,3.55838,1000000,1000000
2017-09-06 10:56:28.951000,3.55912,3.55838,1190000,1000000
2017-09-06 10:56:29.724000,3.55921,3.55839,1370000,1000000
2017-09-06 10:56:29.924000,3.55921,3.55839,1370000,1000000
2017-09-06 10:56:32.008000,3.55911,3.55829,1000000,1370000
2017-09-06 10:56:32.600000,3.55911,3.55829,1190000,1370000
2017-09-06 10:56:32.752000,3.55922,3.55838,1190000,1000000
2017-09-06 10:56:33.436000,3.55921,3.55849,1190000,1000000
2017-09-06 10:56:34.105000,3.55922,3.55838,1190000,1370000
2017-09-06 10:56:34.155000,3.55922,3.55848,1190000,1000000
2017-09-06 10:56:39.073000,3.55922,3.55848,1000000,1000000
2017-09-06 10:56:39.134000,3.55931,3.55849,1370000,1000000
2017-09-06 10:56:39.185000,3.55931,3.55835,1190000,1190000
2017-09-06 10:56:39.707000,3.55932,3.55838,1190000,1190000
2017-09-06 10:56:40.393000,3.55922,3.55835,1190000,1000000
2017-09-06 10:56:44.615000,3.55922,3.55835,1370000,1000000
2017-09-06 10:56:45.155000,3.55922,3.55835,1370000,1000000
2017-09-06 10:56:46.188000,3.55921,3.55835,1370000,1000000
2017-09-06 10:56:46.444000,3.55911,3.55835,1000000,1000000
2017-09-06 10:56:46.495000,3.55921,3.55835,1000000,1000000
2017-09-06 10:56:46.655000,3.55931,3.55835,1370000,1190000
2017-09-06 10:56:49.339000,3.55932,3.55838,1000000,1190000
2017-09-06 10:56:49.428000,3.55932,3.55838,1190000,1190000
2017-09-06 10:56:51.102000,3.55932,3.55838,1190000,1370000
2017-09-06 10:56:51.838000,3.55936,3.55848,1190000,1000000
2017-09-06 10:56:52.048000,3.55936,3.55838,1190000,1370000
2017-09-06 10:56:55.313000,3.55936,3.55838,1190000,1370000
2017-09-06 10:56:55.926000,3.55936,3.55838,1000000,1190000
2017-09-06 10:56:56.145000,3.55942,3.55848,1190000,1190000
2017-09-06 10:56:57.003000,3.55952,3.55858,1190000,1690000
2017-09-06 10:56:57.334000,3.55942,3.55858,1190000,1000000
2017-09-06 10:56:57.768000,3.55942,3.55858,1370000,1000000
2017-09-06 10:56:58.612000,3.55932,3.55858,1190000,1000000
2017-09-06 10:57:00.012000,3.55932,3.55858,1190000,1000000
2017-09-06 10:57:00.063000,3.55932,3.55858,1000000,1000000
2017-09-06 10:57:00.413000,3.55942,3.55858,1370000,1000000
2017-09-06 10:57:00.514000,3.55942,3.55858,1000000,1000000
2017-09-06 10:57:00.565000,3.55942,3.5587,1190000,1000000
2017-09-06 10:57:00.615000,3.55942,3.5587,1000000,1000000
2017-09-06 10:57:00.820000,3.55942,3.5587,1190000,1000000
2017-09-06 10:57:01.881000,3.55942,3.5587,1190000,1000000
2017-09-06 10:57:02.176000,3.55941,3.5587,1000000,1000000
2017-09-06 10:57:02.486000,3.55941,3.5587,1190000,1000000
2017-09-06 10:57:02.615000,3.55941,3.5587,1000000,1000000
2017-09-06 10:57:03.100000,3.55941,3.5587,1190000,1000000
2017-09-06 10:57:03.436000,3.55932,3.55857,1190000,1000000
2017-09-06 10:57:03.530000,3.55932,3.55857,1000000,1000000
2017-09-06 10:57:03.630000,3.55941,3.55857,1370000,1000000
2017-09-06 10:57:03.732000,3.55941,3.55857,1190000,1190000
2017-09-06 10:57:04.631000,3.55931,3.55857,1000000,1190000
2017-09-06 10:57:04.971000,3.55931,3.55857,1000000,1000000
2017-09-06 10:57:20.323000,3.55941,3.55859,1370000,1000000
2017-09-06 10:57:20.374000,3.55941,3.55859,1000000,1190000
2017-09-06 10:57:20.739000,3.55952,3.55871,1370000,1000000
2017-09-06 10:57:20.791000,3.55952,3.55871,1190000,1000000
2017-09-06 10:57:32.628000,3.55952,3.55871,1190000,1190000
2017-09-06 10:57:32.678000,3.55962,3.55878,1370000,1190000
2017-09-06 10:57:32.729000,3.55962,3.55878,1370000,1000000
2017-09-06 10:57:33.632000,3.55951,3.55871,1000000,1120000
2017-09-06 10:57:35.232000,3.55951,3.55871,1000000,1440000
2017-09-06 10:57:35.333000,3.55982,3.55898,1500000,1190000
2017-09-06 10:57:35.434000,3.55981,3.55908,1000000,1370000
2017-09-06 10:57:35.536000,3.56012,3.55928,2060000,1190000
2017-09-06 10:57:35.910000,3.56002,3.55918,1370000,1690000
2017-09-06 10:57:36.607000,3.56002,3.55918,1370000,1370000
2017-09-06 10:57:37.109000,3.56002,3.55918,1560000,1190000
2017-09-06 10:57:37.451000,3.55992,3.55917,1000000,1190000
2017-09-06 10:57:38.700000,3.55992,3.55917,1000000,1000000
2017-09-06 10:57:40.025000,3.56001,3.55919,1750000,1000000
2017-09-06 10:57:40.126000,3.55981,3.55917,1000000,1000000
2017-09-06 10:57:40.176000,3.55981,3.55905,1000000,1190000
2017-09-06 10:57:40.668000,3.55992,3.55908,1190000,1190000
2017-09-06 10:57:40.769000,3.55992,3.55908,1000000,1370000
2017-09-06 10:57:44.054000,3.55982,3.55905,1000000,1370000
2017-09-06 10:57:46.178000,3.55982,3.55905,1000000,1190000
2017-09-06 10:57:49.166000,3.55982,3.55905,1000000,1190000
2017-09-06 10:57:49.218000,3.55992,3.5591,1000000,1370000
2017-09-06 10:57:49.270000,3.55992,3.55908,1000000,1370000
2017-09-06 10:57:49.413000,3.55992,3.55908,1000000,1370000
2017-09-06 10:57:49.663000,3.56002,3.55918,1500000,1190000
2017-09-06 10:57:49.814000,3.56002,3.55918,1500000,1370000
2017-09-06 10:57:49.945000,3.56012,3.55928,1190000,1370000
2017-09-06 10:57:50.047000,3.56012,3.55928,1190000,1000000
2017-09-06 10:57:50.148000,3.56012,3.55928,1190000,1190000
2017-09-06 10:57:50.685000,3.56012,3.55928,1190000,1190000
2017-09-06 10:57:51.526000,3.56012,3.55928,1190000,1000000
2017-09-06 10:57:52.171000,3.56012,3.55928,1190000,1190000
2017-09-06 10:57:54.257000,3.56012,3.55928,1190000,1370000
2017-09-06 10:57:56.053000,3.56012,3.55928,1190000,1370000
2017-09-06 10:57:56.557000,3.56012,3.55928,1190000,1190000
2017-09-06 10:57:57.266000,3.56017,3.55939,1000000,1000000
2017-09-06 10:57:57.317000,3.56021,3.55939,1190000,1000000
2017-09-06 10:58:00.835000,3.56021,3.55939,1370000,1000000
2017-09-06 10:58:01.208000,3.56021,3.55939,1370000,1000000
2017-09-06 10:58:01.607000,3.56021,3.55939,1370000,1000000
2017-09-06 10:58:04.671000,3.56021,3.55939,1370000,1000000
2017-09-06 10:58:04.722000,3.56021,3.55939,1190000,1190000
2017-09-06 10:58:06.819000,3.56011,3.55939,1000000,1190000
2017-09-06 10:58:07.874000,3.55991,3.55914,1370000,1000000
2017-09-06 10:58:08.374000,3.55982,3.55914,1190000,1000000
2017-09-06 10:58:08.526000,3.55972,3.55879,1370000,1370000
2017-09-06 10:58:08.577000,3.55972,3.55879,1370000,1370000
2017-09-06 10:58:08.891000,3.55965,3.55879,1750000,1000000
2017-09-06 10:58:09.370000,3.55961,3.55873,1750000,1000000
2017-09-06 10:58:11.180000,3.55961,3.55873,1750000,1190000
2017-09-06 10:58:11.281000,3.55961,3.55873,1370000,1000000
2017-09-06 10:58:12.543000,3.55961,3.55873,1370000,1000000
2017-09-06 10:58:12.796000,3.55985,3.55908,1190000,1000000
2017-09-06 10:58:12.988000,3.55985,3.55908,1000000,1000000
2017-09-06 10:58:17.761000,3.55982,3.55898,1000000,1370000
2017-09-06 10:58:17.812000,3.55972,3.55898,1190000,1000000
2017-09-06 10:58:17.915000,3.55972,3.55889,1370000,1000000
2017-09-06 10:58:17.965000,3.55962,3.55889,1000000,1000000
2017-09-06 10:58:18.016000,3.55962,3.55878,1000000,1370000
2017-09-06 10:58:18.067000,3.55962,3.55878,1190000,1190000
2017-09-06 10:58:18.571000,3.55962,3.55878,1500000,1370000
2017-09-06 10:58:19.162000,3.55962,3.55889,1000000,1190000
2017-09-06 10:58:19.464000,3.55964,3.55898,1000000,1000000
2017-09-06 10:58:19.514000,3.55972,3.55898,1000000,1000000
2017-09-06 10:58:19.572000,3.55972,3.55888,1000000,1370000
2017-09-06 10:58:19.623000,3.55972,3.55898,1000000,1000000
2017-09-06 10:58:21.657000,3.55974,3.55898,1000000,1000000
2017-09-06 10:58:21.708000,3.55974,3.55898,1000000,1190000
2017-09-06 10:58:21.859000,3.55972,3.55888,1000000,1370000
2017-09-06 10:58:21.910000,3.55962,3.55888,1190000,1000000
2017-09-06 10:58:22.062000,3.55962,3.55878,1370000,1000000
2017-09-06 10:58:22.143000,3.55953,3.55878,1000000,1000000
2017-09-06 10:58:24.112000,3.55953,3.55878,1000000,1190000
2017-09-06 10:58:24.263000,3.55953,3.55879,1000000,1000000
2017-09-06 10:58:26.373000,3.55953,3.55879,1190000,1000000
2017-09-06 10:58:26.474000,3.55952,3.55868,1190000,1370000
2017-09-06 10:58:26.534000,3.55952,3.55868,1370000,1000000
2017-09-06 10:58:26.585000,3.55952,3.55868,1190000,1190000
2017-09-06 10:58:26.635000,3.55952,3.55868,1370000,1000000
2017-09-06 10:58:26.686000,3.55952,3.55868,1370000,1000000
2017-09-06 10:58:27.148000,3.5594,3.55868,1000000,1000000
2017-09-06 10:58:28.283000,3.5594,3.55868,1190000,1000000
2017-09-06 10:58:29.535000,3.5594,3.55859,1190000,1370000
2017-09-06 10:58:29.586000,3.55932,3.55858,1190000,1000000
2017-09-06 10:58:29.637000,3.55932,3.5585,1190000,1370000
2017-09-06 10:58:29.738000,3.55926,3.5585,1000000,1370000
2017-09-06 10:58:29.921000,3.55926,3.55848,1000000,1000000
2017-09-06 10:58:29.971000,3.55926,3.55848,1000000,1190000
2017-09-06 10:58:30.309000,3.55926,3.55858,1000000,1000000
2017-09-06 10:58:30.680000,3.55926,3.55858,1000000,1370000
2017-09-06 10:58:32.880000,3.55926,3.55858,1000000,1000000
2017-09-06 10:58:33.047000,3.55926,3.55849,1000000,1000000
2017-09-06 10:58:34.965000,3.55926,3.55849,1000000,1370000
2017-09-06 10:58:35.339000,3.55922,3.55848,1000000,1000000
2017-09-06 10:58:37.525000,3.55921,3.55839,1000000,1370000
2017-09-06 10:58:37.576000,3.55921,3.55839,1190000,1370000
2017-09-06 10:58:38.727000,3.55922,3.55848,1000000,1000000
2017-09-06 10:58:40.499000,3.55922,3.55848,1000000,1190000
2017-09-06 10:58:40.624000,3.55922,3.55848,1000000,1000000
2017-09-06 10:58:40.889000,3.55922,3.55838,1000000,1370000
2017-09-06 10:58:40.939000,3.55922,3.55838,1190000,1370000
2017-09-06 10:58:41.885000,3.55922,3.55838,1190000,1370000
2017-09-06 10:58:46.250000,3.55922,3.55838,1370000,1370000
2017-09-06 10:58:47.091000,3.55922,3.55848,1370000,1000000
2017-09-06 10:58:47.192000,3.55922,3.55848,1000000,1000000
2017-09-06 10:58:49.450000,3.55929,3.55848,1120000,1000000
2017-09-06 10:58:50.451000,3.55921,3.55849,1000000,1000000
2017-09-06 10:58:51.659000,3.55921,3.55849,1000000,1190000
2017-09-06 10:58:51.710000,3.55922,3.55848,1000000,1000000
2017-09-06 10:58:56.065000,3.55929,3.55848,1120000,1000000
2017-09-06 10:58:56.116000,3.55929,3.55848,1250000,1190000
2017-09-06 10:58:57.007000,3.55932,3.55858,1190000,1000000
2017-09-06 10:58:57.132000,3.55932,3.55848,1370000,1190000
2017-09-06 10:58:58.827000,3.55932,3.55848,1370000,1000000
2017-09-06 10:59:03.388000,3.55932,3.55848,1370000,1190000
2017-09-06 10:59:04.314000,3.55932,3.55848,1370000,1190000
2017-09-06 10:59:06.109000,3.55932,3.55848,1370000,1190000
2017-09-06 10:59:09.553000,3.55932,3.55858,1370000,1000000
2017-09-06 10:59:10.528000,3.55932,3.55858,1000000,1000000
2017-09-06 10:59:10.579000,3.5594,3.55858,1370000,1000000
2017-09-06 10:59:14.427000,3.5594,3.55858,1370000,1190000
2017-09-06 10:59:15.365000,3.5594,3.55858,1370000,1370000
2017-09-06 10:59:15.695000,3.5594,3.55878,1000000,1000000
2017-09-06 10:59:15.824000,3.55952,3.55878,1000000,1000000
2017-09-06 10:59:16.590000,3.55962,3.55878,1750000,1000000
2017-09-06 10:59:18.158000,3.55962,3.55878,1750000,1000000
2017-09-06 10:59:18.209000,3.55962,3.55878,1500000,1370000
2017-09-06 10:59:18.709000,3.55962,3.55878,1500000,1000000
2017-09-06 10:59:21.601000,3.55962,3.55878,1190000,1190000
2017-09-06 10:59:21.908000,3.55972,3.55888,1370000,1370000
2017-09-06 10:59:22.661000,3.55972,3.55888,1190000,1370000
2017-09-06 10:59:25.324000,3.55962,3.55888,1000000,1370000
2017-09-06 10:59:25.375000,3.55962,3.55888,1190000,1000000
2017-09-06 10:59:25.426000,3.55952,3.55882,1000000,1000000
2017-09-06 10:59:25.577000,3.55952,3.55878,1190000,1000000
2017-09-06 10:59:26.389000,3.55962,3.55878,1750000,1000000
2017-09-06 10:59:30.140000,3.55952,3.55868,1190000,1690000
2017-09-06 10:59:30.937000,3.55952,3.55868,1000000,1000000
2017-09-06 10:59:31.694000,3.55952,3.55868,1190000,1190000
2017-09-06 10:59:32.282000,3.55951,3.55859,1190000,1370000
2017-09-06 10:59:32.657000,3.55951,3.55859,1000000,1000000
2017-09-06 10:59:32.708000,3.55951,3.55859,1190000,1190000
2017-09-06 10:59:33.412000,3.55951,3.55859,1190000,1370000
2017-09-06 10:59:34.025000,3.55942,3.55858,1000000,1370000
2017-09-06 10:59:34.327000,3.55921,3.55849,1000000,1190000
2017-09-06 10:59:34.426000,3.55921,3.55849,1000000,1000000
2017-09-06 10:59:35.255000,3.55932,3.55848,1750000,1000000
2017-09-06 10:59:35.306000,3.55932,3.55848,1560000,1190000
2017-09-06 10:59:37.107000,3.55922,3.55844,1190000,1000000
2017-09-06 10:59:37.158000,3.55932,3.55858,1370000,1190000
2017-09-06 10:59:37.528000,3.55932,3.55862,1000000,1000000
2017-09-06 10:59:37.884000,3.55942,3.55862,1370000,1000000
2017-09-06 10:59:38.158000,3.55942,3.55862,1370000,1000000
2017-09-06 10:59:38.458000,3.55942,3.55862,1190000,1000000
2017-09-06 10:59:38.509000,3.55958,3.55878,1370000,1000000
2017-09-06 10:59:38.830000,3.55952,3.55886,1560000,1000000
2017-09-06 10:59:39.502000,3.55958,3.55886,1370000,1000000
2017-09-06 10:59:40.259000,3.55959,3.55886,1370000,1000000
2017-09-06 10:59:42.134000,3.55959,3.55886,1000000,1000000
2017-09-06 10:59:42.239000,3.55952,3.55886,1560000,1000000
2017-09-06 10:59:43.213000,3.55952,3.55886,1750000,1000000
2017-09-06 10:59:45.338000,3.55952,3.55886,1560000,1000000
2017-09-06 10:59:45.790000,3.55941,3.55886,1000000,1000000
2017-09-06 10:59:47.155000,3.55941,3.55886,1190000,1000000
2017-09-06 10:59:47.389000,3.55941,3.55875,1370000,1000000
2017-09-06 10:59:48.394000,3.55922,3.55875,1370000,1000000
2017-09-06 10:59:48.596000,3.55911,3.55837,1190000,1000000
2017-09-06 10:59:48.778000,3.55911,3.55837,1000000,1000000
2017-09-06 10:59:48.829000,3.55911,3.55837,1190000,1000000
2017-09-06 10:59:49.365000,3.55911,3.55837,1190000,1000000
2017-09-06 10:59:49.567000,3.55902,3.5582,1310000,1000000
2017-09-06 10:59:49.728000,3.55891,3.5582,1190000,1000000
2017-09-06 10:59:49.886000,3.55891,3.55809,1190000,1000000
2017-09-06 10:59:50.035000,3.55892,3.55807,1190000,1000000
2017-09-06 10:59:50.193000,3.55892,3.55807,1370000,1000000
2017-09-06 10:59:50.723000,3.55892,3.55807,1190000,1000000
2017-09-06 10:59:50.774000,3.55892,3.55807,1370000,1000000
2017-09-06 10:59:51.051000,3.55862,3.55807,1000000,1000000
2017-09-06 10:59:51.185000,3.55852,3.5579,1000000,1000000
2017-09-06 10:59:51.287000,3.55852,3.55778,1000000,1000000
2017-09-06 10:59:51.476000,3.55852,3.55768,1000000,1000000
2017-09-06 10:59:53.580000,3.55845,3.55768,1000000,1000000
2017-09-06 10:59:54.289000,3.55845,3.55758,1000000,1000000
2017-09-06 10:59:54.340000,3.55845,3.55768,1000000,1000000
2017-09-06 10:59:54.662000,3.55845,3.55778,1000000,1000000
2017-09-06 10:59:54.912000,3.5586,3.55778,1000000,1000000
2017-09-06 10:59:55.064000,3.5586,3.55788,1000000,1000000
2017-09-06 10:59:55.214000,3.5586,3.55778,1000000,1000000
2017-09-06 10:59:55.624000,3.55852,3.55778,1000000,1000000
2017-09-06 10:59:55.865000,3.55852,3.55768,1000000,1000000
2017-09-06 10:59:55.916000,3.55832,3.55763,1000000,1000000
2017-09-06 10:59:56.488000,3.55842,3.55763,1000000,1000000
2017-09-06 10:59:57.491000,3.55831,3.55763,1000000,1000000
2017-09-06 10:59:57.592000,3.55841,3.55759,1000000,1000000
2017-09-06 10:59:57.809000,3.55844,3.55758,1120000,1000000
2017-09-06 10:59:58.029000,3.55842,3.55758,1000000,1000000
2017-09-06 10:59:58.375000,3.55842,3.55748,1000000,1500000
2017-09-06 10:59:58.476000,3.55832,3.55748,1000000,1000000
2017-09-06 10:59:58.795000,3.55842,3.55758,1000000,1000000
2017-09-06 10:59:59.250000,3.55832,3.55748,1000000,1500000
2017-09-06 11:00:00.096000,3.55823,3.55755,1000000,1000000
2017-09-06 11:00:00.396000,3.55842,3.55759,1000000,1000000
2017-09-06 11:00:00.497000,3.55846,3.55769,1000000,1000000
2017-09-06 11:00:00.663000,3.55842,3.55759,1000000,1000000
2017-09-06 11:00:00.714000,3.55831,3.55759,1000000,1500000
2017-09-06 11:00:00.765000,3.55839,3.55759,1000000,1000000
2017-09-06 11:00:00.816000,3.55835,3.55758,1000000,1000000
2017-09-06 11:00:01.211000,3.55835,3.55758,1000000,1150000
2017-09-06 11:00:01.413000,3.55842,3.5576,1000000,1000000
2017-09-06 11:00:02.386000,3.55842,3.5576,1000000,1150000
2017-09-06 11:00:02.776000,3.5584,3.5576,1000000,1000000
2017-09-06 11:00:03.246000,3.55831,3.55759,1000000,1000000
2017-09-06 11:00:04.415000,3.55837,3.55758,1000000,1000000
2017-09-06 11:00:05.108000,3.55837,3.55768,1000000,1000000
2017-09-06 11:00:05.449000,3.55837,3.55758,1000000,1000000
2017-09-06 11:00:05.499000,3.55837,3.55769,1000000,1000000
2017-09-06 11:00:06.231000,3.55841,3.55769,1000000,1000000
2017-09-06 11:00:06.353000,3.55841,3.55769,1190000,1000000
2017-09-06 11:00:06.464000,3.55842,3.55758,1190000,1170000
2017-09-06 11:00:06.932000,3.55831,3.55759,1000000,1170000
2017-09-06 11:00:07.033000,3.55832,3.55755,1360000,1000000
2017-09-06 11:00:07.084000,3.55812,3.55755,1000000,1000000
2017-09-06 11:00:07.135000,3.55831,3.55748,1360000,1000000
2017-09-06 11:00:07.479000,3.55819,3.55739,1250000,1000000
2017-09-06 11:00:07.654000,3.55812,3.55732,1000000,1000000
2017-09-06 11:00:08.074000,3.55812,3.55738,1000000,1000000
2017-09-06 11:00:08.446000,3.55819,3.55739,1250000,1170000
2017-09-06 11:00:08.872000,3.55819,3.55743,1250000,1000000
2017-09-06 11:00:09.256000,3.55821,3.55747,1190000,1000000
2017-09-06 11:00:10.046000,3.55822,3.55747,1190000,1000000
2017-09-06 11:00:11.360000,3.55822,3.55747,1190000,1000000
2017-09-06 11:00:13.161000,3.55812,3.55747,1000000,1000000
2017-09-06 11:00:13.328000,3.55812,3.55734,1190000,1500000
2017-09-06 11:00:13.378000,3.55802,3.55734,1000000,1500000
2017-09-06 11:00:13.429000,3.55812,3.55734,1190000,1500000
2017-09-06 11:00:14.439000,3.55812,3.55734,1190000,1000000
2017-09-06 11:00:14.524000,3.55811,3.55732,1190000,1000000
2017-09-06 11:00:14.575000,3.55811,3.55728,1190000,1000000
2017-09-06 11:00:16.124000,3.55811,3.55728,1000000,1190000
2017-09-06 11:00:16.920000,3.55811,3.55749,1000000,1000000
2017-09-06 11:00:17.184000,3.55811,3.55738,1000000,1190000
2017-09-06 11:00:17.270000,3.55811,3.55738,1000000,1000000
2017-09-06 11:00:17.815000,3.55811,3.55738,1190000,1000000
2017-09-06 11:00:18.159000,3.55811,3.55729,1690000,1190000
2017-09-06 11:00:18.541000,3.5581,3.55729,1370000,1000000
2017-09-06 11:00:18.642000,3.55798,3.55729,1000000,1000000
2017-09-06 11:00:19.484000,3.55798,3.55722,1000000,1000000
2017-09-06 11:00:19.644000,3.55798,3.55718,1000000,1000000
2017-09-06 11:00:19.695000,3.55798,3.55718,1440000,1000000
2017-09-06 11:00:19.919000,3.55792,3.5571,1190000,1370000
2017-09-06 11:00:19.970000,3.55792,3.5571,1000000,1370000
2017-09-06 11:00:20.021000,3.55781,3.55718,1000000,1000000
2017-09-06 11:00:20.122000,3.55795,3.55718,1190000,1000000
2017-09-06 11:00:20.508000,3.55792,3.55709,1190000,1190000
2017-09-06 11:00:20.609000,3.55792,3.55709,1370000,1000000
2017-09-06 11:00:20.827000,3.55792,3.55709,1370000,1000000
2017-09-06 11:00:21.121000,3.55792,3.55709,1190000,1190000
2017-09-06 11:00:21.222000,3.55783,3.55708,1000000,1190000
2017-09-06 11:00:21.828000,3.55783,3.55708,1190000,1190000
2017-09-06 11:00:21.879000,3.55772,3.55698,1190000,1000000
2017-09-06 11:00:22.055000,3.55765,3.55698,1000000,1000000
2017-09-06 11:00:22.408000,3.55781,3.55718,1000000,1000000
2017-09-06 11:00:22.459000,3.55791,3.55718,1190000,1000000
2017-09-06 11:00:23.175000,3.55791,3.55719,1190000,1000000
2017-09-06 11:00:23.225000,3.55791,3.55728,1000000,1000000
2017-09-06 11:00:23.447000,3.55791,3.55719,1000000,1190000
2017-09-06 11:00:23.497000,3.55791,3.55719,1190000,1000000
2017-09-06 11:00:28.302000,3.55791,3.55718,1190000,1000000
2017-09-06 11:00:28.950000,3.55791,3.55708,1190000,1190000
2017-09-06 11:00:29.359000,3.55782,3.55708,1190000,1000000
2017-09-06 11:00:29.989000,3.55782,3.55708,1190000,1000000
2017-09-06 11:00:30.040000,3.55781,3.55705,1190000,1000000
2017-09-06 11:00:32.024000,3.55781,3.55705,1370000,1000000
2017-09-06 11:00:33.262000,3.55772,3.55698,1190000,1000000
2017-09-06 11:00:34.556000,3.55777,3.55698,1190000,1190000
2017-09-06 11:00:36.188000,3.55777,3.55698,1190000,1190000
2017-09-06 11:00:39.619000,3.55772,3.55698,1190000,1190000
2017-09-06 11:00:39.670000,3.55772,3.55698,1190000,1000000
2017-09-06 11:00:39.771000,3.55772,3.55698,1000000,1000000
2017-09-06 11:00:40.014000,3.55772,3.55698,1000000,1190000
2017-09-06 11:00:40.065000,3.55777,3.55698,1000000,1370000
2017-09-06 11:00:40.166000,3.55782,3.55701,1370000,1120000
2017-09-06 11:00:40.357000,3.55788,3.55708,1370000,1000000
2017-09-06 11:00:40.408000,3.55781,3.55701,1190000,1250000
2017-09-06 11:00:40.459000,3.55781,3.55701,1370000,1000000
2017-09-06 11:00:40.720000,3.55781,3.55701,1370000,1000000
2017-09-06 11:00:40.821000,3.55788,3.55709,1190000,1000000
2017-09-06 11:00:41.490000,3.55781,3.55701,1190000,1250000
2017-09-06 11:00:42.220000,3.55772,3.55701,1000000,1250000
2017-09-06 11:00:43.479000,3.55771,3.55701,1190000,1000000
2017-09-06 11:00:43.681000,3.55771,3.55689,1370000,1190000
2017-09-06 11:00:43.752000,3.55772,3.55698,1370000,1000000
2017-09-06 11:00:43.937000,3.55773,3.55698,1000000,1190000
2017-09-06 11:00:44.479000,3.55771,3.55699,1000000,1190000
2017-09-06 11:00:44.530000,3.55771,3.55699,1000000,1000000
2017-09-06 11:00:44.588000,3.55771,3.55699,1190000,1000000
2017-09-06 11:00:44.894000,3.55781,3.55709,1190000,1000000
2017-09-06 11:00:45.386000,3.55782,3.55699,1190000,1190000
2017-09-06 11:00:46.142000,3.55782,3.55699,1190000,1370000
2017-09-06 11:00:46.512000,3.55782,3.55708,1190000,1000000
2017-09-06 11:00:47.316000,3.55782,3.55708,1190000,1000000
2017-09-06 11:00:47.985000,3.55782,3.55708,1190000,1000000
2017-09-06 11:00:48.844000,3.55787,3.55718,1370000,1000000
2017-09-06 11:00:49.151000,3.55798,3.55728,1620000,1190000
2017-09-06 11:00:49.304000,3.55802,3.55719,1940000,1190000
2017-09-06 11:00:49.355000,3.55801,3.55729,1690000,1000000
2017-09-06 11:00:49.588000,3.55792,3.55718,1370000,1190000
2017-09-06 11:00:49.639000,3.55792,3.55718,1000000,1000000
2017-09-06 11:00:49.841000,3.55791,3.55709,1000000,1000000
2017-09-06 11:00:50.608000,3.55791,3.55709,1750000,1190000
2017-09-06 11:00:52.523000,3.55791,3.55719,1750000,1000000
2017-09-06 11:00:52.653000,3.55791,3.55719,1560000,1000000
2017-09-06 11:00:52.977000,3.55791,3.55709,1560000,1190000
2017-09-06 11:00:53.028000,3.55791,3.55709,1750000,1000000
2017-09-06 11:00:53.632000,3.55785,3.55709,1190000,1000000
2017-09-06 11:00:54.205000,3.55785,3.55698,1190000,1690000
2017-09-06 11:00:54.256000,3.55781,3.55699,1370000,1190000
2017-09-06 11:00:54.307000,3.55782,3.55698,1370000,1500000
2017-09-06 11:00:54.358000,3.55782,3.55698,1370000,1690000
2017-09-06 11:00:55.415000,3.55785,3.55708,1190000,1000000
2017-09-06 11:00:56.008000,3.55782,3.55698,1190000,1690000
2017-09-06 11:00:56.059000,3.55782,3.55708,1190000,1000000
2017-09-06 11:00:56.211000,3.55782,3.55698,1370000,1690000
2017-09-06 11:00:56.323000,3.55782,3.55698,1370000,1500000
2017-09-06 11:00:56.662000,3.55782,3.55708,1370000,1000000
2017-09-06 11:00:56.713000,3.55785,3.55708,1000000,1190000
2017-09-06 11:00:56.879000,3.55785,3.55719,1000000,1190000
2017-09-06 11:00:57.054000,3.55801,3.55719,1190000,1190000
2017-09-06 11:00:57.203000,3.55792,3.55718,1000000,1190000
2017-09-06 11:00:57.354000,3.55792,3.55718,1190000,1000000
2017-09-06 11:00:58.495000,3.55801,3.55719,1370000,1000000
2017-09-06 11:00:58.988000,3.55802,3.55728,1370000,1000000
2017-09-06 11:00:59.039000,3.55802,3.55728,1190000,1000000
2017-09-06 11:00:59.663000,3.55802,3.55718,1690000,1190000
2017-09-06 11:00:59.764000,3.55802,3.55718,1870000,1000000
2017-09-06 11:01:00.081000,3.55802,3.55718,1870000,1000000
2017-09-06 11:01:00.132000,3.55802,3.55718,1870000,1000000
2017-09-06 11:01:00.862000,3.55793,3.55718,1000000,1190000
2017-09-06 11:01:02.019000,3.55791,3.55709,1000000,1190000
2017-09-06 11:01:02.070000,3.55791,3.55709,1000000,1190000
2017-09-06 11:01:02.121000,3.55791,3.55709,1000000,1000000
2017-09-06 11:01:02.172000,3.55791,3.55709,1190000,1000000
2017-09-06 11:01:02.737000,3.55791,3.55717,1190000,1000000
2017-09-06 11:01:03.725000,3.55802,3.55717,1370000,1000000
2017-09-06 11:01:04.123000,3.55801,3.55719,1370000,1000000
2017-09-06 11:01:06.323000,3.55801,3.55719,1190000,1370000
2017-09-06 11:01:06.923000,3.55816,3.55738,1190000,1000000
2017-09-06 11:01:07.024000,3.55812,3.55729,1370000,1000000
2017-09-06 11:01:07.075000,3.55812,3.55729,1370000,1000000
2017-09-06 11:01:07.126000,3.55807,3.55719,1190000,1500000
2017-09-06 11:01:07.183000,3.55807,3.55719,1190000,1690000
2017-09-06 11:01:07.234000,3.55807,3.55719,1190000,1500000
2017-09-06 11:01:07.870000,3.55802,3.55728,1190000,1000000
2017-09-06 11:01:07.921000,3.55807,3.55728,1000000,1000000
2017-09-06 11:01:08.253000,3.55807,3.55728,1190000,1000000
2017-09-06 11:01:10.684000,3.55807,3.55728,1000000,1000000
2017-09-06 11:01:13.532000,3.55807,3.55728,1190000,1000000
2017-09-06 11:01:15.677000,3.55807,3.55728,1000000,1000000
2017-09-06 11:01:17.458000,3.55807,3.55728,1190000,1000000
2017-09-06 11:01:18.772000,3.55807,3.55728,1000000,1000000
2017-09-06 11:01:18.822000,3.55807,3.55738,1000000,1190000
2017-09-06 11:01:19.154000,3.55835,3.55758,1500000,1190000
2017-09-06 11:01:19.464000,3.55843,3.55769,1750000,1000000
2017-09-06 11:01:20.207000,3.55844,3.55769,1940000,1000000
2017-09-06 11:01:20.801000,3.55841,3.55762,1940000,1250000
2017-09-06 11:01:20.852000,3.55841,3.55762,1190000,1000000
2017-09-06 11:01:21.545000,3.55832,3.55762,1190000,1000000
2017-09-06 11:01:21.697000,3.55828,3.55748,1000000,1000000
2017-09-06 11:01:21.932000,3.55828,3.55748,1440000,1000000
2017-09-06 11:01:23.002000,3.55828,3.55748,1560000,1000000
2017-09-06 11:01:26.803000,3.55828,3.55759,1000000,1000000
2017-09-06 11:01:33.293000,3.55828,3.55758,1250000,1000000
2017-09-06 11:01:34.464000,3.55828,3.55748,1000000,1190000
2017-09-06 11:01:34.515000,3.55828,3.55748,1250000,1000000
2017-09-06 11:01:34.565000,3.55828,3.55748,1000000,1190000
2017-09-06 11:01:34.818000,3.55802,3.55719,1190000,1190000
2017-09-06 11:01:35.010000,3.5581,3.55728,1370000,1000000
2017-09-06 11:01:35.060000,3.5581,3.55728,1190000,1370000
2017-09-06 11:01:35.525000,3.55812,3.55734,1190000,1000000
2017-09-06 11:01:36.014000,3.55805,3.55728,1000000,1000000
2017-09-06 11:01:36.384000,3.55805,3.55718,1000000,1370000
2017-09-06 11:01:36.434000,3.55805,3.55728,1000000,1000000
2017-09-06 11:01:36.883000,3.55802,3.55718,1000000,1370000
2017-09-06 11:01:36.944000,3.55802,3.55718,1190000,1190000
2017-09-06 11:01:37.615000,3.55802,3.55718,1190000,1190000
2017-09-06 11:01:38.035000,3.55801,3.55729,1190000,1000000
2017-09-06 11:01:38.440000,3.55801,3.55729,1000000,1000000
2017-09-06 11:01:38.668000,3.55801,3.55719,1000000,1370000
2017-09-06 11:01:38.720000,3.55801,3.55719,1190000,1190000
2017-09-06 11:01:39.493000,3.55805,3.55729,1190000,1000000
2017-09-06 11:01:39.544000,3.55802,3.55718,1000000,1370000
2017-09-06 11:01:41.085000,3.55805,3.55728,1000000,1190000
2017-09-06 11:01:43.665000,3.55805,3.55738,1000000,1000000
2017-09-06 11:01:44.105000,3.55805,3.55738,1000000,1190000
2017-09-06 11:01:44.454000,3.55805,3.55748,1000000,1000000
2017-09-06 11:01:45.253000,3.55805,3.55749,1000000,1000000
2017-09-06 11:01:45.720000,3.55805,3.55728,1000000,1190000
2017-09-06 11:01:45.771000,3.55805,3.55728,1000000,1190000
2017-09-06 11:01:46.407000,3.55812,3.5573,1190000,1370000
2017-09-06 11:01:47.331000,3.55812,3.5573,1000000,1370000
2017-09-06 11:01:48.024000,3.55811,3.55739,1000000,1000000
2017-09-06 11:01:48.209000,3.55817,3.55738,1000000,1000000
2017-09-06 11:01:51.774000,3.55811,3.55739,1000000,1000000
2017-09-06 11:01:52.773000,3.55812,3.5573,1000000,1370000
2017-09-06 11:01:54.885000,3.55817,3.55739,1000000,1000000
2017-09-06 11:01:54.987000,3.55812,3.5573,1000000,1370000
2017-09-06 11:01:55.038000,3.55812,3.55738,1000000,1000000
2017-09-06 11:01:55.907000,3.55817,3.55739,1000000,1370000
2017-09-06 11:01:56.320000,3.55817,3.55739,1000000,1000000
2017-09-06 11:01:58.327000,3.55817,3.55739,1000000,1190000
2017-09-06 11:01:59.442000,3.55817,3.55739,1000000,1370000
2017-09-06 11:02:00.022000,3.55817,3.55739,1000000,1370000
2017-09-06 11:02:00.174000,3.55831,3.55748,1190000,1190000
2017-09-06 11:02:00.302000,3.55831,3.55758,1190000,1000000
2017-09-06 11:02:00.533000,3.55831,3.55758,1000000,1000000
2017-09-06 11:02:01.522000,3.55834,3.55758,1000000,1000000
2017-09-06 11:02:01.573000,3.55842,3.55758,1870000,1000000
2017-09-06 11:02:01.953000,3.55842,3.55758,1690000,1190000
2017-09-06 11:02:02.395000,3.55842,3.55768,1690000,1000000
2017-09-06 11:02:02.476000,3.55842,3.55758,1690000,1370000
2017-09-06 11:02:03.956000,3.55842,3.55769,1190000,1000000
2017-09-06 11:02:04.225000,3.55842,3.55758,1690000,1370000
2017-09-06 11:02:05.366000,3.55842,3.55768,1190000,1000000
2017-09-06 11:02:05.417000,3.55842,3.55768,1000000,1000000
2017-09-06 11:02:05.568000,3.55842,3.55768,1190000,1000000
2017-09-06 11:02:05.619000,3.55842,3.55768,1000000,1190000
2017-09-06 11:02:05.720000,3.55842,3.55768,1190000,1000000
2017-09-06 11:02:05.771000,3.55842,3.55768,1000000,1000000
2017-09-06 11:02:05.822000,3.55842,3.55758,1000000,1000000
2017-09-06 11:02:05.923000,3.55842,3.55758,1190000,1000000
2017-09-06 11:02:06.518000,3.55835,3.55768,1000000,1000000
2017-09-06 11:02:07.479000,3.55835,3.55758,1000000,1370000
2017-09-06 11:02:07.530000,3.55835,3.55758,1000000,1000000
2017-09-06 11:02:08.483000,3.55835,3.55758,1000000,1190000
2017-09-06 11:02:09.408000,3.55835,3.55758,1000000,1190000
2017-09-06 11:02:09.458000,3.55835,3.55758,1000000,1000000
2017-09-06 11:02:09.822000,3.55835,3.55758,1190000,1000000
2017-09-06 11:02:10.438000,3.55835,3.55758,1190000,1000000
2017-09-06 11:02:10.518000,3.55835,3.55758,1000000,1000000
2017-09-06 11:02:11.518000,3.55835,3.55758,1190000,1000000
2017-09-06 11:02:12.188000,3.55835,3.55758,1190000,1000000
2017-09-06 11:02:12.248000,3.55835,3.55758,1000000,1000000
2017-09-06 11:02:13.988000,3.55835,3.55758,1190000,1000000
2017-09-06 11:02:15.415000,3.55832,3.55748,1190000,1190000
2017-09-06 11:02:15.466000,3.55835,3.55758,1190000,1000000
2017-09-06 11:02:16.183000,3.55832,3.55748,1190000,1190000
2017-09-06 11:02:16.234000,3.55832,3.55748,1370000,1000000
2017-09-06 11:02:17.123000,3.55832,3.55748,1370000,1000000
2017-09-06 11:02:17.559000,3.55832,3.55748,1190000,1000000
2017-09-06 11:02:20.389000,3.55832,3.55758,1190000,1000000
2017-09-06 11:02:20.495000,3.55832,3.55748,1190000,1190000
2017-09-06 11:02:20.546000,3.55832,3.55748,1370000,1000000
2017-09-06 11:02:20.596000,3.55832,3.55748,1370000,1000000
2017-09-06 11:02:21.153000,3.55832,3.55748,1190000,1190000
2017-09-06 11:02:21.254000,3.55832,3.55748,1370000,1000000
2017-09-06 11:02:21.305000,3.55821,3.55738,1190000,1190000
2017-09-06 11:02:21.623000,3.55821,3.55748,1190000,1000000
2017-09-06 11:02:21.954000,3.55821,3.55748,1190000,1190000
2017-09-06 11:02:22.004000,3.55821,3.55748,1000000,1190000
2017-09-06 11:02:22.291000,3.55821,3.55758,1000000,1000000
2017-09-06 11:02:26.156000,3.55821,3.55748,1000000,1190000
2017-09-06 11:02:26.277000,3.55821,3.55748,1190000,1000000
2017-09-06 11:02:28.730000,3.55821,3.55748,1190000,1000000
2017-09-06 11:02:29.331000,3.55821,3.55748,1190000,1000000
2017-09-06 11:02:30.093000,3.55821,3.55748,1000000,1000000
2017-09-06 11:02:30.144000,3.55821,3.55748,1000000,1190000
2017-09-06 11:02:30.194000,3.55832,3.55748,1560000,1190000
2017-09-06 11:02:30.367000,3.55832,3.55758,1560000,1000000
2017-09-06 11:02:31.063000,3.55832,3.55748,1750000,1000000
2017-09-06 11:02:31.130000,3.55821,3.55745,1190000,1000000
2017-09-06 11:02:35.161000,3.55831,3.55749,1870000,1000000
2017-09-06 11:02:35.499000,3.55833,3.55758,1750000,1190000
2017-09-06 11:02:35.600000,3.55833,3.55758,1750000,1000000
2017-09-06 11:02:37.733000,3.55831,3.55749,1690000,1190000
2017-09-06 11:02:39.834000,3.55831,3.55749,1310000,1190000
2017-09-06 11:02:45.958000,3.55831,3.55749,1560000,1190000
2017-09-06 11:02:46.059000,3.55822,3.55745,1190000,1000000
2017-09-06 11:02:46.210000,3.55832,3.55748,1560000,1190000
2017-09-06 11:02:46.324000,3.55832,3.55748,2250000,1000000
2017-09-06 11:02:46.375000,3.55832,3.55748,1750000,1000000
2017-09-06 11:02:46.783000,3.55821,3.55745,1190000,1000000
2017-09-06 11:02:47.720000,3.55821,3.55745,1370000,1000000
2017-09-06 11:02:47.783000,3.55821,3.55749,1370000,1000000
2017-09-06 11:02:48.436000,3.55831,3.55749,1750000,1000000
2017-09-06 11:02:49.821000,3.55831,3.55749,1750000,1000000
2017-09-06 11:02:50.226000,3.55831,3.55749,1750000,1000000
2017-09-06 11:02:51.726000,3.55831,3.55749,1690000,1000000
2017-09-06 11:02:51.827000,3.55831,3.55749,1560000,1190000
2017-09-06 11:02:52.243000,3.55832,3.55758,1560000,1000000
2017-09-06 11:02:53.403000,3.55832,3.55758,1560000,1000000
2017-09-06 11:02:53.453000,3.55832,3.55758,1190000,1000000
2017-09-06 11:02:53.554000,3.55832,3.55748,1190000,1190000
2017-09-06 11:02:53.605000,3.55832,3.55748,1370000,1000000
2017-09-06 11:02:54.127000,3.55822,3.55748,1000000,1000000
2017-09-06 11:02:54.838000,3.55832,3.55748,1370000,1000000
2017-09-06 11:02:54.889000,3.55832,3.55748,1560000,1370000
2017-09-06 11:02:55.255000,3.55832,3.55748,1750000,1000000
2017-09-06 11:02:56.275000,3.55822,3.55748,1190000,1000000
2017-09-06 11:02:57.284000,3.55831,3.55749,1750000,1000000
2017-09-06 11:02:58.902000,3.55832,3.55748,1750000,1000000
2017-09-06 11:02:59.438000,3.55822,3.55748,1000000,1000000
2017-09-06 11:02:59.489000,3.55832,3.55748,1560000,1190000
2017-09-06 11:02:59.821000,3.55832,3.55748,1750000,1000000
2017-09-06 11:02:59.871000,3.55822,3.55748,1190000,1000000
2017-09-06 11:03:00.120000,3.55822,3.55748,1000000,1000000
2017-09-06 11:03:01.720000,3.55822,3.55748,1190000,1000000
2017-09-06 11:03:01.979000,3.55821,3.55745,1190000,1000000
2017-09-06 11:03:02.051000,3.55832,3.55748,1750000,1000000
2017-09-06 11:03:02.340000,3.55821,3.55745,1190000,1000000
2017-09-06 11:03:02.681000,3.55821,3.55743,1190000,1000000
2017-09-06 11:03:03.342000,3.55822,3.55748,1190000,1000000
2017-09-06 11:03:07.022000,3.55822,3.55748,1000000,1000000
2017-09-06 11:03:08.111000,3.55831,3.55749,2250000,1000000
2017-09-06 11:03:08.573000,3.55831,3.55749,2060000,1190000
2017-09-06 11:03:08.674000,3.55831,3.55749,2250000,1000000
2017-09-06 11:03:08.752000,3.55831,3.55749,2250000,1000000
2017-09-06 11:03:10.098000,3.55821,3.55743,1190000,1000000
2017-09-06 11:03:10.355000,3.55821,3.55743,1370000,1000000
2017-09-06 11:03:14.796000,3.55811,3.55729,1370000,1000000
2017-09-06 11:03:15.097000,3.55811,3.55729,1370000,1000000
2017-09-06 11:03:15.300000,3.55811,3.55729,1370000,1190000
2017-09-06 11:03:17.951000,3.55811,3.55729,1190000,1190000
2017-09-06 11:03:19.099000,3.55812,3.55738,1190000,1000000
2017-09-06 11:03:21.471000,3.55816,3.55738,1370000,1000000
2017-09-06 11:03:21.595000,3.55816,3.55738,1370000,1190000
2017-09-06 11:03:24.526000,3.55822,3.55743,1190000,1000000
2017-09-06 11:03:24.676000,3.55822,3.55748,1190000,1000000
2017-09-06 11:03:26.214000,3.55828,3.55748,1120000,1190000
2017-09-06 11:03:26.267000,3.55828,3.55748,1310000,1190000
2017-09-06 11:03:29.278000,3.55828,3.55748,1310000,1000000
2017-09-06 11:03:29.379000,3.55821,3.55743,1190000,1000000
2017-09-06 11:03:29.430000,3.55821,3.55743,1370000,1000000
2017-09-06 11:03:29.481000,3.55821,3.55743,1370000,1000000
2017-09-06 11:03:30.276000,3.55821,3.55743,1370000,1000000
2017-09-06 11:03:32.801000,3.55821,3.55743,1000000,1000000
2017-09-06 11:03:32.852000,3.55828,3.55748,1000000,1000000
2017-09-06 11:03:32.942000,3.55828,3.55748,1120000,1190000
2017-09-06 11:03:33.022000,3.55828,3.55748,1120000,1000000
2017-09-06 11:03:33.297000,3.55828,3.55748,1000000,1190000
2017-09-06 11:03:37.853000,3.55828,3.55758,1000000,1000000
2017-09-06 11:03:39.124000,3.55828,3.55748,1190000,1000000
2017-09-06 11:03:39.772000,3.55828,3.55748,1000000,1000000
2017-09-06 11:03:39.822000,3.55828,3.55748,1000000,1190000
2017-09-06 11:03:40.686000,3.55828,3.55769,1000000,1000000
2017-09-06 11:03:40.943000,3.55856,3.5578,1000000,1190000
2017-09-06 11:03:40.994000,3.55851,3.5578,1190000,1000000
2017-09-06 11:03:41.196000,3.55842,3.55768,1190000,1000000
