time,ask,bid,ask_volume,bid_volume
2019-02-06 13:40:02.444000,3.76851,3.76779,1000000,1000000
2019-02-06 13:40:02.494000,3.76852,3.76788,1000000,1000000
2019-02-06 13:40:02.545000,3.76852,3.76778,1000000,1000000
2019-02-06 13:40:05.136000,3.76852,3.76788,1000000,1000000
2019-02-06 13:40:06.020000,3.76852,3.76778,1000000,1000000
2019-02-06 13:40:08.065000,3.76852,3.76788,1000000,1000000
2019-02-06 13:40:08.300000,3.76852,3.76778,1000000,1000000
2019-02-06 13:40:10.692000,3.76841,3.76779,1000000,1000000
2019-02-06 13:40:10.742000,3.76852,3.76778,1000000,1000000
2019-02-06 13:40:10.843000,3.76851,3.76779,1000000,1000000
2019-02-06 13:40:15.798000,3.76842,3.76778,1000000,1000000
2019-02-06 13:40:20.431000,3.76852,3.76778,1000000,1000000
2019-02-06 13:40:20.482000,3.76842,3.76778,1000000,1000000
2019-02-06 13:40:23.810000,3.76852,3.76778,1000000,1000000
2019-02-06 13:40:24.029000,3.76842,3.76778,1000000,1000000
2019-02-06 13:40:49.795000,3.76851,3.76779,1000000,1000000
2019-02-06 13:40:54.885000,3.76852,3.76788,1000000,1000000
2019-02-06 13:40:54.986000,3.76852,3.76778,1000000,1000000
2019-02-06 13:40:59.074000,3.76841,3.76779,1000000,1000000
2019-02-06 13:40:59.306000,3.76842,3.76768,1000000,1000000
2019-02-06 13:40:59.665000,3.76832,3.76768,1000000,1000000
2019-02-06 13:40:59.911000,3.76832,3.76758,1000000,1000000
2019-02-06 13:41:00.442000,3.76832,3.76768,1000000,1000000
2019-02-06 13:41:00.560000,3.76832,3.76758,1000000,1000000
2019-02-06 13:41:01.698000,3.76831,3.76769,1000000,1000000
2019-02-06 13:41:04.778000,3.7684,3.76768,1000000,1000000
2019-02-06 13:41:04.829000,3.76842,3.76768,1000000,1000000
2019-02-06 13:41:04.879000,3.76842,3.76779,1000000,1000000
2019-02-06 13:41:04.930000,3.76842,3.76768,1000000,1000000
2019-02-06 13:41:06.518000,3.76842,3.76765,1000000,1000000
2019-02-06 13:41:07.026000,3.76842,3.76768,1000000,1000000
2019-02-06 13:41:09.643000,3.76842,3.76765,1000000,1000000
2019-02-06 13:41:09.693000,3.76832,3.76765,1000000,1000000
2019-02-06 13:41:09.794000,3.76831,3.7676,1000000,1000000
2019-02-06 13:41:09.964000,3.76832,3.76768,1000000,1000000
2019-02-06 13:41:10.066000,3.76831,3.7676,1000000,1000000
2019-02-06 13:41:10.167000,3.76831,3.76759,1000000,1000000
2019-02-06 13:41:10.269000,3.76821,3.76754,1000000,1000000
2019-02-06 13:41:10.454000,3.76821,3.76759,1000000,1000000
2019-02-06 13:41:11.069000,3.76822,3.76754,1000000,1000000
2019-02-06 13:41:11.120000,3.76812,3.76754,1000000,1000000
2019-02-06 13:41:11.274000,3.76822,3.76754,1000000,1000000
2019-02-06 13:41:12.523000,3.76822,3.76758,1000000,1000000
2019-02-06 13:41:12.573000,3.76821,3.76754,1000000,1000000
2019-02-06 13:41:13.010000,3.76822,3.76758,1000000,1000000
2019-02-06 13:41:13.304000,3.76832,3.76758,1000000,1500000
2019-02-06 13:41:13.456000,3.76832,3.76764,1000000,1000000
2019-02-06 13:41:13.709000,3.76831,3.76764,1000000,1000000
2019-02-06 13:41:13.831000,3.76832,3.76764,1000000,1000000
2019-02-06 13:41:13.966000,3.76832,3.76768,1000000,1000000
2019-02-06 13:41:23.825000,3.76841,3.76769,1500000,1000000
2019-02-06 13:41:23.934000,3.76842,3.76778,1000000,1000000
2019-02-06 13:41:24.045000,3.76842,3.76768,1000000,1000000
2019-02-06 13:41:24.096000,3.76832,3.76768,1000000,1000000
2019-02-06 13:41:26.006000,3.76842,3.76768,1000000,1000000
2019-02-06 13:41:26.057000,3.76841,3.76779,1000000,1000000
2019-02-06 13:41:28.698000,3.76831,3.76769,1000000,1000000
2019-02-06 13:41:30.002000,3.76842,3.76768,1000000,1000000
2019-02-06 13:41:30.052000,3.76842,3.76778,1000000,1000000
2019-02-06 13:41:30.153000,3.7685,3.76779,1000000,1000000
2019-02-06 13:41:30.204000,3.76842,3.76778,1000000,1000000
2019-02-06 13:41:30.305000,3.7685,3.76789,1000000,1000000
2019-02-06 13:41:30.454000,3.76851,3.76789,1000000,1000000
2019-02-06 13:41:31.067000,3.76862,3.76788,1000000,1000000
2019-02-06 13:41:31.269000,3.76862,3.76789,1000000,1000000
2019-02-06 13:41:37.176000,3.76871,3.76789,1000000,1870000
2019-02-06 13:41:37.226000,3.76872,3.76798,1000000,1000000
2019-02-06 13:41:43.108000,3.76871,3.76809,1000000,1000000
2019-02-06 13:41:44.248000,3.76872,3.76798,1000000,1000000
2019-02-06 13:41:44.362000,3.76862,3.76798,1000000,1000000
2019-02-06 13:41:47.691000,3.76862,3.76788,1000000,1000000
2019-02-06 13:41:49.478000,3.76861,3.76799,1000000,1000000
2019-02-06 13:41:49.529000,3.76872,3.76798,1000000,1000000
2019-02-06 13:41:50.748000,3.76862,3.76798,1000000,1000000
2019-02-06 13:41:51.081000,3.76872,3.76798,1000000,1000000
2019-02-06 13:41:51.132000,3.76862,3.76798,1000000,1000000
2019-02-06 13:41:51.233000,3.76872,3.76808,1000000,1000000
2019-02-06 13:41:53.534000,3.76872,3.76798,1000000,1000000
2019-02-06 13:41:53.652000,3.76862,3.76798,1000000,1000000
2019-02-06 13:41:54.148000,3.76862,3.76788,1000000,1000000
2019-02-06 13:41:54.198000,3.76862,3.76798,1000000,1000000
2019-02-06 13:41:55.428000,3.76862,3.76788,1000000,1000000
2019-02-06 13:41:56.691000,3.76862,3.76798,1000000,1000000
2019-02-06 13:41:58.479000,3.76862,3.76788,1000000,1000000
2019-02-06 13:41:59.440000,3.76861,3.76799,1000000,1000000
2019-02-06 13:41:59.490000,3.76862,3.76788,1000000,1000000
2019-02-06 13:41:59.541000,3.76852,3.76788,1000000,1000000
2019-02-06 13:41:59.642000,3.76851,3.76789,1000000,1000000
2019-02-06 13:42:00.096000,3.76842,3.76778,1000000,1000000
2019-02-06 13:42:00.454000,3.76852,3.76778,1000000,1000000
2019-02-06 13:42:00.555000,3.76851,3.76789,1000000,1000000
2019-02-06 13:42:00.821000,3.76852,3.76788,1000000,1000000
2019-02-06 13:42:01.063000,3.76851,3.76779,1000000,1000000
2019-02-06 13:42:01.113000,3.76841,3.76779,1000000,1000000
2019-02-06 13:42:02.720000,3.76851,3.76779,1000000,1000000
2019-02-06 13:42:03.992000,3.76852,3.76788,1000000,1000000
2019-02-06 13:42:04.968000,3.76842,3.76778,1000000,1000000
2019-02-06 13:42:11.516000,3.76842,3.76768,1000000,1000000
2019-02-06 13:42:11.616000,3.76832,3.76768,1000000,1000000
2019-02-06 13:42:11.751000,3.76842,3.76768,1000000,1000000
2019-02-06 13:42:11.864000,3.76841,3.76769,1000000,1000000
2019-02-06 13:42:12.036000,3.76842,3.76778,1000000,1000000
2019-02-06 13:42:12.175000,3.76842,3.76768,1000000,1000000
2019-02-06 13:42:12.324000,3.76842,3.76778,1000000,1000000
2019-02-06 13:42:13.081000,3.76849,3.76778,1000000,1000000
2019-02-06 13:42:13.246000,3.76841,3.76779,1000000,1000000
2019-02-06 13:42:14.225000,3.76849,3.76778,1000000,1000000
2019-02-06 13:42:14.275000,3.76841,3.76779,1000000,1000000
2019-02-06 13:42:15.546000,3.76842,3.76768,1000000,1000000
2019-02-06 13:42:15.597000,3.76832,3.76768,1000000,1000000
2019-02-06 13:42:16.464000,3.76842,3.76768,1000000,1000000
2019-02-06 13:42:16.514000,3.76842,3.76778,1000000,1000000
2019-02-06 13:42:17.321000,3.76842,3.76768,1000000,1000000
2019-02-06 13:42:17.690000,3.76842,3.76778,1500000,1000000
2019-02-06 13:42:17.741000,3.76842,3.76778,1000000,1000000
2019-02-06 13:42:20.873000,3.76842,3.76768,1000000,1000000
2019-02-06 13:42:23.139000,3.76842,3.76778,1000000,1000000
2019-02-06 13:42:24.039000,3.76851,3.76779,1500000,1000000
2019-02-06 13:42:24.190000,3.76852,3.76778,1000000,1000000
2019-02-06 13:42:24.241000,3.76842,3.76778,1000000,1000000
2019-02-06 13:42:24.292000,3.76852,3.76778,1000000,1000000
2019-02-06 13:42:24.560000,3.76851,3.76789,1000000,1000000
2019-02-06 13:42:24.611000,3.76862,3.76788,1000000,1000000
2019-02-06 13:42:25.304000,3.76862,3.76798,1000000,1000000
2019-02-06 13:42:29.185000,3.76862,3.76788,1000000,1000000
2019-02-06 13:42:29.235000,3.76852,3.76788,1000000,1000000
2019-02-06 13:42:29.336000,3.76851,3.76789,1000000,1000000
2019-02-06 13:42:29.475000,3.76862,3.76788,1000000,1000000
2019-02-06 13:42:32.033000,3.76862,3.76798,1000000,1000000
2019-02-06 13:42:32.761000,3.76861,3.76789,1000000,1000000
2019-02-06 13:42:33.751000,3.76861,3.76799,1000000,1000000
2019-02-06 13:42:34.242000,3.76862,3.76788,1000000,1000000
2019-02-06 13:42:34.343000,3.76862,3.76798,1000000,1000000
2019-02-06 13:42:34.394000,3.76862,3.76788,1000000,1000000
2019-02-06 13:42:34.944000,3.76862,3.76798,1000000,1000000
2019-02-06 13:42:36.003000,3.76861,3.76789,1000000,1000000
2019-02-06 13:42:37.649000,3.76862,3.76788,1000000,1000000
2019-02-06 13:42:37.699000,3.76852,3.76778,1000000,1000000
2019-02-06 13:42:37.800000,3.76842,3.76778,1000000,1000000
2019-02-06 13:42:37.896000,3.76852,3.76778,1000000,1000000
2019-02-06 13:42:38.430000,3.76842,3.76778,1000000,1000000
2019-02-06 13:42:38.584000,3.76852,3.76788,1000000,1000000
2019-02-06 13:42:40.232000,3.76851,3.76779,1000000,1000000
2019-02-06 13:42:40.282000,3.76851,3.76789,1000000,1000000
2019-02-06 13:42:40.333000,3.76842,3.76778,1000000,1000000
2019-02-06 13:42:48.353000,3.76852,3.76778,1000000,1000000
2019-02-06 13:42:48.403000,3.76842,3.76778,1000000,1000000
2019-02-06 13:42:48.895000,3.76852,3.76778,1000000,1000000
2019-02-06 13:42:48.996000,3.76852,3.76788,1000000,1000000
2019-02-06 13:42:49.202000,3.76851,3.76779,1000000,1000000
2019-02-06 13:42:50.056000,3.76852,3.76788,1000000,1000000
2019-02-06 13:42:50.306000,3.76852,3.76778,1000000,1000000
2019-02-06 13:42:50.357000,3.76851,3.76789,1000000,1000000
2019-02-06 13:42:50.627000,3.76842,3.76778,1000000,1000000
2019-02-06 13:42:50.833000,3.76842,3.76768,1000000,1000000
2019-02-06 13:42:51.738000,3.76842,3.76778,1000000,1000000
2019-02-06 13:42:53.411000,3.76842,3.76768,1000000,1000000
2019-02-06 13:42:56.563000,3.76832,3.76768,1000000,1000000
2019-02-06 13:42:57.435000,3.76832,3.76758,1000000,1000000
2019-02-06 13:42:58.683000,3.76832,3.76768,1000000,1000000
2019-02-06 13:43:00.137000,3.76842,3.76768,1000000,1000000
2019-02-06 13:43:00.188000,3.76842,3.76778,1000000,1000000
2019-02-06 13:43:20.715000,3.76842,3.76768,1000000,1000000
2019-02-06 13:43:26.192000,3.76831,3.76769,1000000,1000000
2019-02-06 13:43:28.479000,3.76841,3.76769,1000000,1000000
2019-02-06 13:43:31.277000,3.76842,3.76768,1000000,1000000
2019-02-06 13:43:31.328000,3.76832,3.76768,1000000,1000000
2019-02-06 13:43:31.378000,3.76832,3.7676,1000000,1000000
2019-02-06 13:43:31.458000,3.76822,3.7676,1000000,1000000
2019-02-06 13:43:31.509000,3.76822,3.76755,1000000,1000000
2019-02-06 13:43:31.610000,3.76821,3.76749,1000000,1000000
2019-02-06 13:43:35.381000,3.76811,3.76749,1000000,1000000
2019-02-06 13:43:35.536000,3.76812,3.76738,1000000,1000000
2019-02-06 13:43:35.872000,3.76811,3.76749,1000000,1000000
2019-02-06 13:43:36.002000,3.76812,3.76738,1000000,1000000
2019-02-06 13:43:36.103000,3.76801,3.7673,1000000,1000000
2019-02-06 13:43:36.241000,3.76792,3.76721,1000000,1000000
2019-02-06 13:43:36.392000,3.76792,3.76718,1000000,1000000
2019-02-06 13:43:36.493000,3.76782,3.76718,1000000,1000000
2019-02-06 13:43:36.848000,3.76791,3.76719,1000000,1000000
2019-02-06 13:43:36.986000,3.76781,3.76719,1000000,1000000
2019-02-06 13:43:37.389000,3.76792,3.76718,1000000,1000000
2019-02-06 13:43:37.726000,3.76791,3.76719,1000000,1000000
2019-02-06 13:43:41.647000,3.76782,3.76718,1000000,1000000
2019-02-06 13:43:43.807000,3.76792,3.76718,1000000,1000000
2019-02-06 13:43:43.993000,3.76782,3.76718,1000000,1000000
2019-02-06 13:43:44.043000,3.76782,3.76708,1000000,1000000
2019-02-06 13:43:44.175000,3.76781,3.76719,1000000,1000000
2019-02-06 13:43:44.276000,3.76792,3.76718,1000000,1000000
2019-02-06 13:43:44.374000,3.76782,3.76718,1000000,1000000
2019-02-06 13:43:44.600000,3.76792,3.76718,1000000,1000000
2019-02-06 13:43:46.487000,3.76782,3.76708,1000000,1000000
2019-02-06 13:43:47.677000,3.76792,3.76708,1000000,1000000
2019-02-06 13:43:50.874000,3.76782,3.76718,1000000,1000000
2019-02-06 13:43:50.975000,3.76781,3.76709,1000000,1000000
2019-02-06 13:43:53.090000,3.76792,3.76718,1000000,1000000
2019-02-06 13:43:59.743000,3.76781,3.76719,1000000,1000000
2019-02-06 13:43:59.844000,3.76782,3.76718,1000000,1000000
2019-02-06 13:44:00.004000,3.76791,3.76719,1000000,1000000
2019-02-06 13:44:00.782000,3.76782,3.76718,1000000,1000000
2019-02-06 13:44:00.833000,3.76791,3.76719,1000000,1000000
2019-02-06 13:44:03.965000,3.76792,3.76728,1000000,1000000
2019-02-06 13:44:04.016000,3.76802,3.76728,1000000,1000000
2019-02-06 13:44:04.249000,3.76801,3.76739,1000000,1000000
2019-02-06 13:44:04.350000,3.76802,3.76731,1000000,1000000
2019-02-06 13:44:04.796000,3.76802,3.76738,1000000,1000000
2019-02-06 13:44:04.847000,3.76802,3.76731,1000000,1000000
2019-02-06 13:44:04.948000,3.76801,3.76739,1000000,1000000
2019-02-06 13:44:06.086000,3.76811,3.76739,1000000,1000000
2019-02-06 13:44:10.701000,3.7683,3.76758,1000000,1000000
2019-02-06 13:44:10.802000,3.76838,3.76768,1000000,1000000
2019-02-06 13:44:10.904000,3.76839,3.76778,1000000,1000000
2019-02-06 13:44:10.954000,3.76841,3.76779,1000000,1000000
2019-02-06 13:44:11.055000,3.76841,3.76769,1000000,1000000
2019-02-06 13:44:11.156000,3.76842,3.76768,1000000,1000000
2019-02-06 13:44:11.233000,3.76832,3.76758,1000000,1000000
2019-02-06 13:44:11.335000,3.76831,3.7675,1000000,1000000
2019-02-06 13:44:11.643000,3.76822,3.7675,1000000,1000000
2019-02-06 13:44:23.314000,3.76822,3.7675,1500000,1000000
2019-02-06 13:44:23.420000,3.76811,3.7675,1000000,1000000
2019-02-06 13:44:23.470000,3.76822,3.76748,1500000,1000000
2019-02-06 13:44:23.791000,3.76812,3.76743,1000000,1000000
2019-02-06 13:44:23.892000,3.76812,3.76738,1000000,1000000
2019-02-06 13:44:48.846000,3.76812,3.76738,1500000,1000000
2019-02-06 13:44:48.897000,3.76802,3.76732,1000000,1000000
2019-02-06 13:44:48.998000,3.76802,3.76732,1500000,1000000
2019-02-06 13:44:49.059000,3.76792,3.76728,1000000,1000000
2019-02-06 13:44:49.161000,3.76802,3.76728,1500000,1000000
2019-02-06 13:44:49.450000,3.76802,3.76728,1620000,1000000
2019-02-06 13:44:49.577000,3.76802,3.76728,1500000,1000000
2019-02-06 13:44:50.927000,3.76792,3.76728,1000000,1000000
2019-02-06 13:44:53.976000,3.76792,3.76728,1500000,1000000
2019-02-06 13:44:54.069000,3.76792,3.76718,1500000,1000000
2019-02-06 13:44:54.119000,3.76781,3.76719,1000000,1000000
2019-02-06 13:44:56.168000,3.76792,3.76718,1500000,1000000
2019-02-06 13:44:59.876000,3.76781,3.76719,1000000,1000000
2019-02-06 13:45:01.783000,3.76792,3.76718,1500000,1000000
2019-02-06 13:45:01.942000,3.76781,3.76709,1000000,1000000
2019-02-06 13:45:02.058000,3.76781,3.76709,1500000,1000000
2019-02-06 13:45:02.641000,3.76771,3.76709,1000000,1000000
2019-02-06 13:45:04.127000,3.76781,3.76709,1500000,1000000
2019-02-06 13:45:04.178000,3.76781,3.76709,1000000,1000000
2019-02-06 13:45:06.220000,3.76772,3.76708,1000000,1000000
2019-02-06 13:45:06.324000,3.76772,3.76708,1500000,1000000
2019-02-06 13:45:06.568000,3.76781,3.76709,1500000,1000000
2019-02-06 13:45:06.618000,3.76792,3.76718,1500000,1000000
2019-02-06 13:45:07.110000,3.76782,3.76718,1000000,1000000
2019-02-06 13:45:08.649000,3.76782,3.76708,1000000,1000000
2019-02-06 13:45:08.700000,3.76782,3.76708,1500000,1000000
2019-02-06 13:45:08.750000,3.76782,3.76708,1000000,1000000
2019-02-06 13:45:08.801000,3.76762,3.76698,1000000,1000000
2019-02-06 13:45:08.902000,3.76762,3.76688,1000000,1000000
2019-02-06 13:45:09.049000,3.76771,3.76699,1000000,1000000
2019-02-06 13:45:09.200000,3.76772,3.76698,1000000,1000000
2019-02-06 13:45:11.218000,3.76762,3.76688,1000000,1000000
2019-02-06 13:45:11.319000,3.76751,3.76689,1000000,1000000
2019-02-06 13:45:11.427000,3.76771,3.76699,1000000,1000000
2019-02-06 13:45:11.478000,3.76761,3.76689,1000000,1000000
2019-02-06 13:45:13.693000,3.76761,3.76699,1000000,1000000
2019-02-06 13:45:13.981000,3.76762,3.76688,1000000,1000000
2019-02-06 13:45:14.084000,3.76762,3.76698,1000000,1000000
2019-02-06 13:45:15.848000,3.76772,3.76698,1000000,1000000
2019-02-06 13:45:16.060000,3.76762,3.76698,1000000,1000000
2019-02-06 13:45:16.825000,3.76772,3.76698,1000000,1000000
2019-02-06 13:45:17.367000,3.76762,3.76698,1000000,1000000
2019-02-06 13:45:20.713000,3.76772,3.76698,1000000,1000000
2019-02-06 13:45:20.874000,3.76771,3.76709,1000000,1000000
2019-02-06 13:45:20.925000,3.76772,3.76698,1000000,1000000
2019-02-06 13:45:21.190000,3.76782,3.76708,1000000,1000000
2019-02-06 13:45:21.291000,3.76832,3.76768,1000000,1000000
2019-02-06 13:45:21.442000,3.76812,3.76748,1000000,1000000
2019-02-06 13:45:21.544000,3.76802,3.76728,1000000,1000000
2019-02-06 13:45:22.540000,3.76812,3.76738,1000000,1000000
2019-02-06 13:45:22.775000,3.76802,3.76738,1000000,1000000
2019-02-06 13:45:22.826000,3.76812,3.76738,1000000,1000000
2019-02-06 13:45:22.978000,3.76819,3.76748,1000000,1000000
2019-02-06 13:45:23.079000,3.76819,3.76758,1000000,1000000
2019-02-06 13:45:23.130000,3.76822,3.76758,1000000,1000000
2019-02-06 13:45:24.426000,3.76831,3.76759,1000000,1000000
2019-02-06 13:45:24.477000,3.76822,3.76748,1000000,1000000
2019-02-06 13:45:24.527000,3.76841,3.76778,1000000,1000000
2019-02-06 13:45:24.578000,3.76832,3.76768,1000000,1000000
2019-02-06 13:45:25.272000,3.76832,3.76758,1000000,1000000
2019-02-06 13:45:25.345000,3.76822,3.76758,1000000,1000000
2019-02-06 13:45:25.496000,3.76811,3.76749,1000000,1000000
2019-02-06 13:45:25.752000,3.76822,3.76748,1000000,1000000
2019-02-06 13:45:27.803000,3.76812,3.76748,1000000,1000000
2019-02-06 13:45:32.723000,3.76821,3.76749,1000000,1000000
2019-02-06 13:45:34.643000,3.76822,3.76758,1000000,1000000
2019-02-06 13:45:35.707000,3.76822,3.76748,1000000,1000000
2019-02-06 13:45:36.640000,3.76831,3.76769,1000000,1000000
2019-02-06 13:45:36.690000,3.76832,3.76758,1000000,1000000
2019-02-06 13:45:37.403000,3.76852,3.76778,1000000,1000000
2019-02-06 13:45:37.504000,3.7685,3.76778,1000000,1000000
2019-02-06 13:45:37.612000,3.7684,3.76768,1000000,1000000
2019-02-06 13:45:37.713000,3.76832,3.76758,1000000,1000000
2019-02-06 13:45:39.256000,3.76822,3.76758,1000000,1000000
2019-02-06 13:45:39.666000,3.76821,3.7675,1000000,1000000
2019-02-06 13:45:39.716000,3.76821,3.76759,1000000,1000000
2019-02-06 13:45:40.108000,3.76832,3.76735,1000000,1000000
2019-02-06 13:45:40.158000,3.76822,3.76735,1000000,1000000
2019-02-06 13:45:40.260000,3.76822,3.7673,1000000,1000000
2019-02-06 13:45:40.311000,3.76822,3.76758,1000000,1000000
2019-02-06 13:45:41.145000,3.76822,3.7673,1000000,1500000
2019-02-06 13:45:41.408000,3.76822,3.7673,1000000,1000000
2019-02-06 13:45:43.353000,3.7683,3.76738,1000000,1000000
2019-02-06 13:45:45.762000,3.76822,3.7673,1000000,1000000
2019-02-06 13:45:46.871000,3.7683,3.76738,1000000,1000000
2019-02-06 13:45:47.218000,3.7683,3.76737,1000000,1000000
2019-02-06 13:45:47.349000,3.76822,3.76737,1000000,1000000
2019-02-06 13:45:47.450000,3.76821,3.76739,1000000,1000000
2019-02-06 13:45:51.771000,3.76811,3.76731,1000000,1000000
2019-02-06 13:45:52.308000,3.76802,3.76725,1000000,1000000
2019-02-06 13:45:52.519000,3.76802,3.76718,1000000,1500000
2019-02-06 13:45:52.605000,3.76802,3.76724,1000000,1000000
2019-02-06 13:45:53.569000,3.76801,3.76724,1000000,1000000
2019-02-06 13:45:58.489000,3.76801,3.76727,1000000,1000000
2019-02-06 13:45:58.539000,3.76812,3.7673,1000000,1000000
2019-02-06 13:45:58.590000,3.76818,3.76749,1000000,1000000
2019-02-06 13:45:58.691000,3.76821,3.76749,1000000,1000000
2019-02-06 13:45:59.400000,3.76821,3.76734,1000000,1000000
2019-02-06 13:46:02.642000,3.76812,3.76734,1000000,1000000
2019-02-06 13:46:03.044000,3.76812,3.76727,1000000,1000000
2019-02-06 13:46:03.095000,3.76812,3.76733,1000000,1000000
2019-02-06 13:46:04.986000,3.76812,3.76727,1000000,1000000
2019-02-06 13:46:05.977000,3.76811,3.76729,1000000,1000000
2019-02-06 13:46:09.205000,3.76811,3.76732,1000000,1000000
2019-02-06 13:46:24.442000,3.76812,3.76738,1000000,1000000
2019-02-06 13:46:25.690000,3.76822,3.76748,1000000,1000000
2019-02-06 13:46:25.791000,3.76821,3.76759,1000000,1000000
2019-02-06 13:46:26.269000,3.76831,3.76759,1000000,1000000
2019-02-06 13:46:27.864000,3.76832,3.7675,1000000,1000000
2019-02-06 13:46:29.724000,3.76832,3.76758,1000000,1000000
2019-02-06 13:46:38.851000,3.76832,3.7675,1000000,1000000
2019-02-06 13:46:38.907000,3.76832,3.76758,1000000,1000000
2019-02-06 13:46:40.963000,3.76841,3.76759,1000000,1000000
2019-02-06 13:46:41.453000,3.76832,3.76768,1000000,1000000
2019-02-06 13:46:43.295000,3.76832,3.76758,1000000,1000000
2019-02-06 13:46:54.171000,3.76822,3.76758,1000000,1000000
2019-02-06 13:46:54.495000,3.76831,3.76759,1000000,1000000
2019-02-06 13:46:54.771000,3.76821,3.76759,1000000,1000000
2019-02-06 13:46:56.130000,3.76832,3.76758,1000000,1000000
2019-02-06 13:47:00.221000,3.76832,3.76768,1000000,1000000
2019-02-06 13:47:00.271000,3.76842,3.76758,1000000,1000000
2019-02-06 13:47:00.322000,3.76842,3.76765,1000000,1000000
2019-02-06 13:47:00.597000,3.76842,3.76761,1000000,1000000
2019-02-06 13:47:00.788000,3.76842,3.76759,1000000,1000000
2019-02-06 13:47:00.889000,3.76842,3.76758,1000000,1000000
2019-02-06 13:47:03.288000,3.76842,3.76768,1000000,1000000
2019-02-06 13:47:03.539000,3.76852,3.76778,1000000,1000000
2019-02-06 13:47:03.652000,3.76853,3.76788,1000000,1000000
2019-02-06 13:47:03.704000,3.76862,3.76778,1000000,1000000
2019-02-06 13:47:03.805000,3.76862,3.76779,1000000,1000000
2019-02-06 13:47:03.856000,3.76852,3.76788,1000000,1000000
2019-02-06 13:47:06.399000,3.76851,3.76779,1000000,1500000
2019-02-06 13:47:06.974000,3.76852,3.76778,1000000,1000000
2019-02-06 13:47:09.794000,3.76842,3.76778,1000000,1000000
2019-02-06 13:47:10.273000,3.76868,3.76764,1500000,1000000
2019-02-06 13:47:10.554000,3.76868,3.76764,1500000,1000000
2019-02-06 13:47:10.875000,3.76842,3.76778,1000000,1000000
2019-02-06 13:47:10.976000,3.76852,3.76778,1000000,1000000
2019-02-06 13:47:11.698000,3.76842,3.76778,1000000,1000000
2019-02-06 13:47:11.749000,3.76852,3.76778,1000000,1000000
2019-02-06 13:47:11.799000,3.76842,3.76778,1000000,1000000
2019-02-06 13:47:11.850000,3.76852,3.76778,1000000,1000000
2019-02-06 13:47:14.758000,3.76861,3.76789,1000000,1000000
2019-02-06 13:47:14.859000,3.76862,3.76788,1000000,1000000
2019-02-06 13:47:17.691000,3.76852,3.76788,1000000,1000000
2019-02-06 13:47:22.653000,3.76852,3.76778,1000000,1000000
2019-02-06 13:47:24.562000,3.76852,3.76788,1000000,1000000
2019-02-06 13:47:24.613000,3.76862,3.76788,1000000,1000000
2019-02-06 13:47:24.714000,3.76872,3.76798,1000000,1000000
2019-02-06 13:47:26.499000,3.76872,3.76808,1000000,1000000
2019-02-06 13:47:26.651000,3.76881,3.76801,1000000,1000000
2019-02-06 13:47:26.701000,3.76872,3.76808,1000000,1000000
2019-02-06 13:47:32.534000,3.76872,3.76801,1000000,1000000
2019-02-06 13:47:35.924000,3.76862,3.76801,1000000,1000000
2019-02-06 13:47:36.972000,3.76862,3.76798,1000000,1000000
2019-02-06 13:47:37.023000,3.76872,3.76798,1000000,1000000
2019-02-06 13:47:37.174000,3.76862,3.76798,1000000,1000000
2019-02-06 13:47:39.043000,3.76872,3.76798,1000000,1000000
2019-02-06 13:47:39.715000,3.76872,3.76801,1000000,1000000
2019-02-06 13:47:40.095000,3.76881,3.76809,1000000,1000000
2019-02-06 13:47:40.516000,3.76882,3.76818,1000000,1000000
2019-02-06 13:47:40.617000,3.76892,3.76818,1000000,1000000
2019-02-06 13:47:45.091000,3.76881,3.76819,1000000,1000000
2019-02-06 13:47:45.946000,3.76892,3.76818,1000000,1000000
2019-02-06 13:47:46.047000,3.76892,3.76828,1000000,1000000
2019-02-06 13:47:46.098000,3.76892,3.76818,1000000,1000000
2019-02-06 13:47:46.322000,3.76891,3.76829,1000000,1000000
2019-02-06 13:47:46.372000,3.76902,3.76828,1000000,1000000
2019-02-06 13:47:46.473000,3.76902,3.76818,1000000,1000000
2019-02-06 13:47:46.574000,3.76892,3.76828,1000000,1000000
2019-02-06 13:47:46.697000,3.76892,3.76818,1000000,1000000
2019-02-06 13:47:47.318000,3.76892,3.76828,1000000,1000000
2019-02-06 13:47:48.002000,3.76902,3.76828,1000000,1000000
2019-02-06 13:47:48.216000,3.76892,3.76828,1000000,1000000
2019-02-06 13:47:49.278000,3.76902,3.76828,1000000,1000000
2019-02-06 13:47:49.329000,3.76902,3.76838,1000000,1000000
2019-02-06 13:47:49.430000,3.76891,3.76832,1000000,1000000
2019-02-06 13:47:49.480000,3.76891,3.76829,1000000,1000000
2019-02-06 13:47:49.531000,3.76902,3.76828,1000000,1000000
2019-02-06 13:47:49.581000,3.76891,3.76829,1000000,1000000
2019-02-06 13:47:49.750000,3.76902,3.76818,1000000,1000000
2019-02-06 13:47:50.211000,3.76912,3.76828,1000000,1000000
2019-02-06 13:47:50.341000,3.76902,3.76828,1000000,1000000
2019-02-06 13:47:50.443000,3.76892,3.76818,1000000,1000000
2019-02-06 13:47:50.913000,3.76901,3.76819,1000000,1000000
2019-02-06 13:47:55.208000,3.76902,3.76828,1000000,1000000
2019-02-06 13:47:56.295000,3.76912,3.76828,1000000,1000000
2019-02-06 13:47:56.446000,3.76911,3.76839,1000000,1000000
2019-02-06 13:47:56.497000,3.76911,3.76829,1000000,1000000
2019-02-06 13:47:56.599000,3.7692,3.76839,1000000,1000000
2019-02-06 13:47:56.741000,3.76919,3.76839,1000000,1000000
2019-02-06 13:47:56.792000,3.76911,3.76829,1000000,1000000
2019-02-06 13:47:56.893000,3.76891,3.76819,1000000,1000000
2019-02-06 13:47:59.494000,3.76881,3.76819,1000000,1000000
2019-02-06 13:48:00.393000,3.76891,3.76819,1000000,1000000
2019-02-06 13:48:00.444000,3.76882,3.76808,1000000,1000000
2019-02-06 13:48:00.494000,3.76882,3.76818,1000000,1000000
2019-02-06 13:48:01.278000,3.76882,3.76808,1000000,1000000
2019-02-06 13:48:01.425000,3.76881,3.76809,1000000,1000000
2019-02-06 13:48:02.307000,3.76898,3.76818,1000000,1000000
2019-02-06 13:48:03.177000,3.76882,3.76808,1000000,1000000
2019-02-06 13:48:03.278000,3.76871,3.76799,1000000,1000000
2019-02-06 13:48:03.627000,3.76882,3.76808,1000000,1000000
2019-02-06 13:48:04.069000,3.76872,3.76808,1000000,1000000
2019-02-06 13:48:04.119000,3.76882,3.76808,1000000,1000000
2019-02-06 13:48:04.220000,3.76881,3.76819,1000000,1000000
2019-02-06 13:48:04.271000,3.76882,3.76809,1000000,1000000
2019-02-06 13:48:05.428000,3.76882,3.76818,1000000,1000000
2019-02-06 13:48:05.478000,3.76882,3.76809,1000000,1000000
2019-02-06 13:48:05.922000,3.76901,3.76809,1000000,1000000
2019-02-06 13:48:06.153000,3.76898,3.76809,1000000,1000000
2019-02-06 13:48:06.254000,3.76871,3.76809,1000000,1000000
2019-02-06 13:48:06.348000,3.76882,3.76808,1000000,1000000
2019-02-06 13:48:06.601000,3.76897,3.76808,1000000,1000000
2019-02-06 13:48:06.993000,3.769,3.76808,1000000,1000000
2019-02-06 13:48:08.168000,3.769,3.76808,1500000,1000000
2019-02-06 13:48:08.269000,3.76897,3.76809,1000000,1000000
2019-02-06 13:48:09.153000,3.769,3.76809,1500000,1000000
2019-02-06 13:48:10.219000,3.76899,3.76809,1000000,1000000
2019-02-06 13:48:10.320000,3.76901,3.76809,1500000,1000000
2019-02-06 13:48:10.421000,3.76901,3.76809,2000000,1000000
2019-02-06 13:48:10.568000,3.76892,3.76804,1000000,1000000
2019-02-06 13:48:10.618000,3.76887,3.76804,1000000,1000000
2019-02-06 13:48:10.719000,3.76887,3.76798,1000000,1000000
2019-02-06 13:48:10.934000,3.76884,3.76798,1000000,1000000
2019-02-06 13:48:11.080000,3.76882,3.76792,1000000,1000000
2019-02-06 13:48:11.770000,3.76882,3.76788,1000000,1000000
2019-02-06 13:48:12.025000,3.76879,3.76788,1000000,1000000
2019-02-06 13:48:12.171000,3.76881,3.76788,1000000,1000000
2019-02-06 13:48:12.272000,3.76882,3.76788,1000000,1000000
2019-02-06 13:48:14.451000,3.76884,3.76799,1000000,1000000
2019-02-06 13:48:17.643000,3.76882,3.76798,1000000,1000000
2019-02-06 13:48:21.911000,3.76881,3.76789,1000000,1000000
2019-02-06 13:48:21.961000,3.76881,3.76799,1000000,1000000
2019-02-06 13:48:26.073000,3.76879,3.76799,1000000,1000000
2019-02-06 13:48:26.123000,3.76872,3.76788,1000000,1000000
2019-02-06 13:48:26.231000,3.76878,3.76789,1000000,1000000
2019-02-06 13:48:26.281000,3.76881,3.76799,1500000,1000000
2019-02-06 13:48:26.394000,3.76881,3.76788,1000000,1000000
2019-02-06 13:48:27.076000,3.76879,3.76788,1000000,1000000
2019-02-06 13:48:28.052000,3.76871,3.76789,1000000,1000000
2019-02-06 13:48:28.307000,3.76881,3.76788,1000000,1000000
2019-02-06 13:48:28.377000,3.76881,3.7679,1000000,1000000
2019-02-06 13:48:28.478000,3.76872,3.7679,1000000,1000000
2019-02-06 13:48:29.541000,3.76881,3.7679,1500000,1000000
2019-02-06 13:48:31.195000,3.76872,3.7679,1000000,1000000
2019-02-06 13:48:35.711000,3.76872,3.76788,1000000,1000000
2019-02-06 13:48:35.850000,3.76872,3.76787,1000000,1000000
2019-02-06 13:48:35.901000,3.76871,3.76789,1000000,1000000
2019-02-06 13:48:37.124000,3.76861,3.76787,1000000,1000000
2019-02-06 13:48:37.265000,3.76862,3.76778,1000000,1500000
2019-02-06 13:48:39.817000,3.76862,3.76788,1000000,1000000
2019-02-06 13:48:39.867000,3.76872,3.76788,1500000,1000000
2019-02-06 13:48:40.071000,3.76872,3.7679,1000000,1000000
2019-02-06 13:48:40.689000,3.76872,3.76798,1000000,1000000
2019-02-06 13:48:40.790000,3.76871,3.7679,1000000,1000000
2019-02-06 13:48:41.081000,3.76871,3.76789,1500000,1000000
2019-02-06 13:48:43.256000,3.76872,3.76788,1000000,1000000
2019-02-06 13:49:02.661000,3.76862,3.76788,1000000,1000000
2019-02-06 13:49:14.877000,3.76852,3.76788,1000000,1000000
2019-02-06 13:49:20.875000,3.76862,3.76778,1000000,1000000
2019-02-06 13:49:26.735000,3.76861,3.76789,1000000,1000000
2019-02-06 13:49:26.880000,3.76873,3.76799,1000000,1000000
2019-02-06 13:49:26.981000,3.76881,3.76799,1000000,1000000
2019-02-06 13:49:27.487000,3.76872,3.76788,1000000,1000000
2019-02-06 13:49:27.537000,3.76872,3.76798,1000000,1000000
2019-02-06 13:49:27.638000,3.76871,3.76789,1000000,1000000
2019-02-06 13:49:29.877000,3.76862,3.76788,1000000,1000000
2019-02-06 13:49:33.210000,3.76852,3.76788,1000000,1000000
2019-02-06 13:49:35.164000,3.76852,3.76778,1000000,1000000
2019-02-06 13:49:38.959000,3.76851,3.76789,1000000,1000000
2019-02-06 13:49:39.275000,3.76851,3.76779,1000000,1000000
2019-02-06 13:49:41.116000,3.76852,3.76788,1000000,1000000
2019-02-06 13:49:41.166000,3.76861,3.76789,1000000,1000000
2019-02-06 13:49:41.217000,3.76851,3.76789,1000000,1000000
2019-02-06 13:49:41.419000,3.76862,3.76788,1000000,1000000
2019-02-06 13:49:42.616000,3.76852,3.76788,1000000,1000000
2019-02-06 13:49:46.682000,3.76851,3.76779,1000000,1000000
2019-02-06 13:49:46.784000,3.76842,3.76778,1000000,1000000
2019-02-06 13:49:49.244000,3.76841,3.76769,1000000,1000000
2019-02-06 13:49:49.381000,3.76852,3.76778,1000000,1000000
2019-02-06 13:49:49.636000,3.76841,3.76779,1000000,1000000
2019-02-06 13:49:52.036000,3.76852,3.76778,1000000,1000000
2019-02-06 13:49:59.547000,3.76841,3.76779,1000000,1000000
2019-02-06 13:50:00.349000,3.76841,3.76769,1000000,1000000
2019-02-06 13:50:00.669000,3.76831,3.76769,1000000,1000000
2019-02-06 13:50:00.916000,3.76832,3.76758,1000000,1000000
2019-02-06 13:50:03.297000,3.76822,3.76748,1000000,1500000
2019-02-06 13:50:03.730000,3.76822,3.76758,1000000,1000000
2019-02-06 13:50:03.781000,3.76821,3.76749,1000000,1000000
2019-02-06 13:50:03.831000,3.76822,3.76758,1000000,1000000
2019-02-06 13:50:03.987000,3.76822,3.76748,1000000,1000000
2019-02-06 13:50:04.037000,3.76832,3.76758,1000000,1000000
2019-02-06 13:50:04.138000,3.76821,3.76759,1000000,1000000
2019-02-06 13:50:04.225000,3.76831,3.76759,1000000,1000000
2019-02-06 13:50:04.276000,3.76822,3.76758,1000000,1000000
2019-02-06 13:50:04.327000,3.76822,3.76748,1000000,1000000
2019-02-06 13:50:04.377000,3.76822,3.76758,1000000,1000000
2019-02-06 13:50:05.058000,3.76832,3.76758,1000000,1000000
2019-02-06 13:50:05.210000,3.76822,3.76748,1000000,1000000
2019-02-06 13:50:05.875000,3.76812,3.76748,1000000,1000000
2019-02-06 13:50:06.917000,3.76822,3.76748,1000000,1000000
2019-02-06 13:50:06.968000,3.76812,3.76748,1000000,1000000
2019-02-06 13:50:07.528000,3.76822,3.76748,1000000,1000000
2019-02-06 13:50:07.579000,3.76832,3.76758,1000000,1000000
2019-02-06 13:50:07.680000,3.76831,3.76759,1000000,1000000
2019-02-06 13:50:08.228000,3.76822,3.76758,1000000,1000000
2019-02-06 13:50:08.571000,3.76832,3.76758,1000000,1000000
2019-02-06 13:50:09.152000,3.76821,3.76759,1000000,1000000
2019-02-06 13:50:09.203000,3.76821,3.76749,1000000,1000000
2019-02-06 13:50:09.339000,3.76822,3.76748,1000000,1000000
2019-02-06 13:50:11.265000,3.76832,3.76758,1000000,1000000
2019-02-06 13:50:11.448000,3.76832,3.76768,1000000,1000000
2019-02-06 13:50:11.549000,3.76842,3.76768,1000000,1000000
2019-02-06 13:50:11.855000,3.76842,3.76778,1000000,1000000
2019-02-06 13:50:11.958000,3.76852,3.76778,1000000,1000000
2019-02-06 13:50:12.157000,3.76852,3.76788,1000000,1000000
2019-02-06 13:50:12.208000,3.76862,3.76788,1000000,1000000
2019-02-06 13:50:12.258000,3.76861,3.76799,1000000,1000000
2019-02-06 13:50:12.309000,3.76861,3.76789,1000000,1000000
2019-02-06 13:50:12.415000,3.76871,3.76799,1000000,1000000
2019-02-06 13:50:12.516000,3.76861,3.76799,1000000,1000000
2019-02-06 13:50:13.294000,3.76871,3.76799,1000000,1000000
2019-02-06 13:50:16.068000,3.76882,3.768,1000000,1000000
2019-02-06 13:50:16.169000,3.76882,3.76807,1000000,1000000
2019-02-06 13:50:16.590000,3.76882,3.76808,1000000,1000000
2019-02-06 13:50:16.691000,3.76882,3.7681,1000000,1000000
2019-02-06 13:50:16.997000,3.76882,3.76808,1000000,1000000
2019-02-06 13:50:17.115000,3.76882,3.76804,1000000,1000000
2019-02-06 13:50:17.240000,3.76882,3.76805,1000000,1000000
2019-02-06 13:50:17.389000,3.76882,3.7681,1000000,1000000
2019-02-06 13:50:17.490000,3.76882,3.76804,1000000,1000000
2019-02-06 13:50:17.696000,3.76882,3.76799,1000000,1000000
2019-02-06 13:50:17.764000,3.76882,3.76803,1000000,1000000
2019-02-06 13:50:17.887000,3.76882,3.76805,1000000,1000000
2019-02-06 13:50:18.089000,3.76872,3.76805,1000000,1000000
2019-02-06 13:50:18.140000,3.76872,3.76797,1000000,1000000
2019-02-06 13:50:18.240000,3.76881,3.7679,1000000,1000000
2019-02-06 13:50:18.437000,3.76882,3.76798,1000000,1000000
2019-02-06 13:50:19.329000,3.76881,3.7679,1000000,1000000
2019-02-06 13:50:20.178000,3.76872,3.7681,1000000,1000000
2019-02-06 13:50:20.228000,3.76892,3.76828,1000000,1000000
2019-02-06 13:50:20.279000,3.76898,3.76838,1000000,1000000
2019-02-06 13:50:20.329000,3.76922,3.76848,1000000,1000000
2019-02-06 13:50:20.380000,3.76921,3.76859,1000000,1000000
2019-02-06 13:50:20.431000,3.76912,3.76848,1000000,1000000
2019-02-06 13:50:20.531000,3.76912,3.76838,1000000,1000000
2019-02-06 13:50:20.851000,3.76901,3.76829,1000000,1000000
2019-02-06 13:50:21.917000,3.76902,3.76838,1000000,1000000
2019-02-06 13:50:22.019000,3.76912,3.76838,1000000,1000000
2019-02-06 13:50:22.352000,3.76901,3.76839,1000000,1000000
2019-02-06 13:50:23.957000,3.76902,3.76838,1000000,1000000
2019-02-06 13:50:24.008000,3.76936,3.76868,1000000,1000000
2019-02-06 13:50:24.058000,3.76936,3.76878,1000000,1000000
2019-02-06 13:50:24.109000,3.76941,3.76879,1000000,1000000
2019-02-06 13:50:24.210000,3.76922,3.76856,1000000,1000000
2019-02-06 13:50:24.311000,3.76922,3.76848,1000000,1000000
2019-02-06 13:50:24.362000,3.76912,3.76848,1000000,1000000
2019-02-06 13:50:26.821000,3.76922,3.76848,1000000,1000000
2019-02-06 13:50:30.472000,3.76921,3.76859,1000000,1000000
2019-02-06 13:50:30.573000,3.76931,3.76859,1000000,1000000
2019-02-06 13:50:32.648000,3.76931,3.76869,1000000,1000000
2019-02-06 13:50:32.699000,3.76932,3.76858,1000000,1000000
2019-02-06 13:50:34.767000,3.76932,3.76868,1000000,1000000
2019-02-06 13:50:34.868000,3.76931,3.76859,1000000,1000000
2019-02-06 13:50:34.994000,3.76931,3.76869,1000000,1000000
2019-02-06 13:50:35.155000,3.76932,3.76861,1000000,1000000
2019-02-06 13:50:35.256000,3.76932,3.76858,1000000,1000000
2019-02-06 13:50:35.307000,3.76931,3.76869,1000000,1000000
2019-02-06 13:50:36.230000,3.76942,3.76868,1000000,1000000
2019-02-06 13:50:36.280000,3.76931,3.76861,1000000,1000000
2019-02-06 13:50:36.331000,3.76942,3.76868,1000000,1000000
2019-02-06 13:50:36.432000,3.76951,3.76879,1000000,1000000
2019-02-06 13:50:36.483000,3.76942,3.76868,1000000,1000000
2019-02-06 13:50:36.534000,3.76942,3.76878,1000000,1000000
2019-02-06 13:50:41.865000,3.76952,3.76878,1000000,1000000
2019-02-06 13:50:41.962000,3.76942,3.76878,1000000,1000000
2019-02-06 13:50:42.849000,3.76952,3.76878,1000000,1000000
2019-02-06 13:50:42.900000,3.76941,3.76879,1000000,1000000
2019-02-06 13:50:44.020000,3.76952,3.76878,1000000,1000000
2019-02-06 13:50:44.121000,3.76941,3.76879,1000000,1000000
2019-02-06 13:50:44.172000,3.76952,3.76878,1000000,1000000
2019-02-06 13:50:44.273000,3.76941,3.76879,1000000,1000000
2019-02-06 13:50:44.324000,3.76952,3.76878,1000000,1000000
2019-02-06 13:50:44.963000,3.76941,3.76856,1000000,1000000
2019-02-06 13:50:45.014000,3.76941,3.76849,1000000,1000000
2019-02-06 13:50:45.115000,3.76942,3.76868,1000000,1000000
2019-02-06 13:50:45.862000,3.76942,3.76878,1000000,1000000
2019-02-06 13:50:45.970000,3.76941,3.76869,1000000,1000000
2019-02-06 13:50:51.204000,3.76942,3.76868,1000000,1000000
2019-02-06 13:50:51.255000,3.76942,3.76862,1000000,1000000
2019-02-06 13:50:51.727000,3.76931,3.76862,1000000,1000000
2019-02-06 13:50:51.777000,3.76942,3.76862,1000000,1000000
2019-02-06 13:50:51.828000,3.76932,3.76862,1000000,1000000
2019-02-06 13:50:51.878000,3.76932,3.76853,1000000,1000000
2019-02-06 13:50:51.979000,3.76932,3.76852,1000000,1000000
2019-02-06 13:50:53.592000,3.76932,3.7685,1000000,1000000
2019-02-06 13:50:54.131000,3.76932,3.76855,1000000,1000000
2019-02-06 13:50:57.727000,3.76931,3.76855,1000000,1000000
2019-02-06 13:50:59.282000,3.76921,3.76851,1000000,1000000
2019-02-06 13:50:59.487000,3.76921,3.76844,1000000,1000000
2019-02-06 13:50:59.588000,3.76912,3.76841,1000000,1000000
2019-02-06 13:50:59.690000,3.76912,3.76829,1000000,1000000
2019-02-06 13:50:59.813000,3.76912,3.76833,1000000,1000000
2019-02-06 13:50:59.914000,3.76912,3.76836,1000000,1000000
2019-02-06 13:51:00.151000,3.76912,3.76838,1000000,1000000
2019-02-06 13:51:00.299000,3.76922,3.76838,1000000,1500000
2019-02-06 13:51:00.467000,3.76922,3.76844,1000000,1000000
2019-02-06 13:51:05.664000,3.76922,3.76847,1000000,1000000
2019-02-06 13:51:05.816000,3.76922,3.76853,1000000,1000000
2019-02-06 13:51:05.908000,3.76949,3.76853,1000000,1000000
2019-02-06 13:51:06.010000,3.76949,3.76848,1000000,1000000
2019-02-06 13:51:06.289000,3.76945,3.76844,1000000,1000000
2019-02-06 13:51:06.500000,3.76932,3.76844,1000000,1000000
2019-02-06 13:51:06.998000,3.76922,3.76844,1000000,1000000
2019-02-06 13:51:07.057000,3.76932,3.76844,1000000,1000000
2019-02-06 13:51:07.160000,3.76932,3.76843,1000000,1000000
2019-02-06 13:51:08.648000,3.76922,3.76848,1000000,1000000
2019-02-06 13:51:09.344000,3.76912,3.76848,1000000,1000000
2019-02-06 13:51:09.616000,3.76922,3.76848,1000000,1000000
2019-02-06 13:51:10.036000,3.76922,3.76854,1000000,1000000
2019-02-06 13:51:10.137000,3.76942,3.76879,1000000,1000000
2019-02-06 13:51:10.238000,3.76947,3.76879,1000000,1000000
2019-02-06 13:51:10.398000,3.7695,3.76889,1000000,1000000
2019-02-06 13:51:10.528000,3.76951,3.76889,1000000,1000000
2019-02-06 13:51:10.747000,3.76952,3.76878,1000000,1000000
2019-02-06 13:51:10.797000,3.7695,3.76888,1000000,1000000
2019-02-06 13:51:10.898000,3.76952,3.76888,1500000,1000000
2019-02-06 13:51:12.947000,3.76952,3.76878,1500000,1000000
2019-02-06 13:51:13.048000,3.76946,3.76878,1000000,1000000
2019-02-06 13:51:13.099000,3.76952,3.76878,1500000,1000000
2019-02-06 13:51:13.304000,3.76949,3.76878,1000000,1000000
2019-02-06 13:51:13.812000,3.76951,3.76878,1000000,1000000
2019-02-06 13:51:14.018000,3.76952,3.76878,1000000,1000000
2019-02-06 13:51:14.119000,3.7696,3.76888,1000000,1000000
2019-02-06 13:51:14.477000,3.76962,3.76888,1000000,1000000
2019-02-06 13:51:14.577000,3.76962,3.76898,1000000,1000000
2019-02-06 13:51:14.934000,3.76962,3.76888,1000000,1000000
2019-02-06 13:51:15.667000,3.76951,3.76889,1000000,1000000
2019-02-06 13:51:16.507000,3.76942,3.76878,1000000,1000000
2019-02-06 13:51:16.724000,3.76942,3.76853,1000000,1000000
2019-02-06 13:51:16.826000,3.76942,3.76849,1000000,1000000
2019-02-06 13:51:16.950000,3.76931,3.76849,1000000,1500000
2019-02-06 13:51:18.210000,3.76932,3.76858,1000000,1000000
2019-02-06 13:51:18.260000,3.76931,3.76849,1000000,1500000
2019-02-06 13:51:18.311000,3.76932,3.76858,1000000,1000000
2019-02-06 13:51:18.598000,3.76932,3.76849,1000000,1000000
2019-02-06 13:51:19.631000,3.76932,3.76848,1000000,1000000
2019-02-06 13:51:20.532000,3.76932,3.76858,1000000,1000000
2019-02-06 13:51:26.444000,3.76932,3.76868,1000000,1000000
2019-02-06 13:51:26.839000,3.76932,3.76863,1000000,1000000
2019-02-06 13:51:26.890000,3.76949,3.76888,1000000,1000000
2019-02-06 13:51:26.940000,3.76952,3.76888,1000000,1000000
2019-02-06 13:51:27.169000,3.76957,3.76888,1000000,1000000
2019-02-06 13:51:27.324000,3.76952,3.76888,1000000,1000000
2019-02-06 13:51:29.187000,3.76952,3.76867,1000000,1000000
2019-02-06 13:51:29.292000,3.76951,3.76859,1000000,1000000
2019-02-06 13:51:29.443000,3.76931,3.76859,1000000,1000000
2019-02-06 13:51:29.565000,3.76941,3.76869,1000000,1000000
2019-02-06 13:51:29.766000,3.76941,3.76871,1000000,1000000
2019-02-06 13:51:29.883000,3.76952,3.76868,1000000,1000000
2019-02-06 13:51:32.645000,3.76942,3.76878,1000000,1000000
2019-02-06 13:51:33.812000,3.76942,3.76868,1000000,1000000
2019-02-06 13:51:37.558000,3.76932,3.76868,1000000,1000000
2019-02-06 13:51:44.886000,3.76942,3.76868,1000000,1000000
2019-02-06 13:51:57.598000,3.76942,3.76878,1000000,1000000
2019-02-06 13:52:12.671000,3.76942,3.76868,1000000,1000000
2019-02-06 13:52:12.722000,3.76941,3.76879,1000000,1000000
2019-02-06 13:52:17.269000,3.76952,3.76878,1000000,1000000
2019-02-06 13:52:17.693000,3.76942,3.76878,1000000,1000000
2019-02-06 13:52:18.173000,3.76951,3.76879,1000000,1000000
2019-02-06 13:52:27.038000,3.76952,3.76888,1000000,1000000
2019-02-06 13:52:27.140000,3.76951,3.76889,1000000,1000000
2019-02-06 13:52:28.009000,3.76962,3.76888,1000000,1000000
2019-02-06 13:52:28.536000,3.76951,3.76889,1000000,1000000
2019-02-06 13:52:28.587000,3.76952,3.76878,1000000,1000000
2019-02-06 13:52:29.571000,3.76952,3.76888,1000000,1000000
2019-02-06 13:52:29.622000,3.76962,3.76888,1000000,1000000
2019-02-06 13:52:29.874000,3.76952,3.76888,1000000,1000000
2019-02-06 13:52:29.924000,3.76962,3.76888,1000000,1000000
2019-02-06 13:52:30.770000,3.76962,3.76898,1000000,1000000
2019-02-06 13:52:30.821000,3.76962,3.76888,1000000,1000000
2019-02-06 13:52:32.912000,3.76962,3.76898,1000000,1000000
2019-02-06 13:52:34.379000,3.76961,3.76889,1000000,1000000
2019-02-06 13:52:34.516000,3.7699,3.76928,1000000,1000000
2019-02-06 13:52:34.567000,3.76992,3.76928,1000000,1000000
2019-02-06 13:52:34.668000,3.76982,3.76918,1000000,1000000
2019-02-06 13:52:34.769000,3.76981,3.76908,1000000,1000000
2019-02-06 13:52:34.943000,3.76981,3.76903,1000000,1000000
2019-02-06 13:52:35.925000,3.76972,3.76903,1000000,1000000
2019-02-06 13:52:37.206000,3.76972,3.76906,1000000,1000000
2019-02-06 13:52:37.308000,3.76992,3.76928,1000000,1000000
2019-02-06 13:52:37.358000,3.77012,3.76938,1000000,1000000
2019-02-06 13:52:37.409000,3.77015,3.76948,1000000,1000000
2019-02-06 13:52:37.459000,3.77021,3.76949,1000000,1000000
2019-02-06 13:52:37.958000,3.77022,3.76958,1000000,1000000
2019-02-06 13:52:38.776000,3.77022,3.76948,1000000,1000000
2019-02-06 13:52:43.450000,3.77012,3.76948,1000000,1000000
2019-02-06 13:52:44.633000,3.77022,3.76948,1000000,1000000
2019-02-06 13:52:47.083000,3.77012,3.76948,1000000,1000000
2019-02-06 13:52:47.134000,3.77022,3.76948,1000000,1000000
2019-02-06 13:52:50.875000,3.77022,3.76958,1000000,1000000
2019-02-06 13:52:55.642000,3.77022,3.76971,1000000,1000000
2019-02-06 13:52:55.802000,3.77031,3.76971,1000000,1000000
2019-02-06 13:52:57.638000,3.77071,3.77,1000000,1200000
2019-02-06 13:52:57.688000,3.77084,3.77028,1000000,1000000
2019-02-06 13:52:57.789000,3.7712,3.77055,1000000,1000000
2019-02-06 13:52:57.840000,3.77101,3.77048,1500000,1000000
2019-02-06 13:52:57.961000,3.77112,3.77052,1500000,1000000
2019-02-06 13:52:58.062000,3.7712,3.77058,1000000,1000000
2019-02-06 13:52:58.163000,3.77132,3.77058,1500000,1000000
2019-02-06 13:52:58.214000,3.7712,3.77068,1000000,1000000
2019-02-06 13:52:58.315000,3.7712,3.77058,1000000,1500000
2019-02-06 13:52:58.366000,3.7712,3.7706,1000000,1000000
2019-02-06 13:52:58.648000,3.77132,3.7706,1000000,1000000
2019-02-06 13:52:58.924000,3.77122,3.77059,1000000,1000000
2019-02-06 13:52:59.025000,3.77122,3.77058,1000000,1000000
2019-02-06 13:52:59.591000,3.77112,3.7704,1000000,1000000
2019-02-06 13:52:59.692000,3.77112,3.77038,1000000,1000000
2019-02-06 13:52:59.793000,3.77101,3.77029,1000000,1000000
2019-02-06 13:52:59.968000,3.77091,3.77029,1000000,1000000
2019-02-06 13:53:00.105000,3.77092,3.77018,1000000,1000000
2019-02-06 13:53:00.156000,3.77092,3.77028,1000000,1000000
2019-02-06 13:53:00.206000,3.77101,3.77029,1000000,1000000
2019-02-06 13:53:00.257000,3.77102,3.77038,1000000,1000000
2019-02-06 13:53:00.307000,3.77102,3.77028,1000000,1000000
2019-02-06 13:53:01.262000,3.77091,3.77029,1000000,1000000
2019-02-06 13:53:01.414000,3.77091,3.77019,1000000,1000000
2019-02-06 13:53:03.330000,3.77082,3.77018,1000000,1000000
2019-02-06 13:53:04.777000,3.77092,3.7702,1000000,1000000
2019-02-06 13:53:04.875000,3.77092,3.77028,1000000,1000000
2019-02-06 13:53:04.925000,3.77102,3.77028,1000000,1000000
2019-02-06 13:53:05.244000,3.77092,3.77018,1000000,1000000
2019-02-06 13:53:05.441000,3.77082,3.77018,1000000,1000000
2019-02-06 13:53:05.542000,3.77081,3.77009,1000000,1000000
2019-02-06 13:53:05.643000,3.77081,3.77019,1000000,1000000
2019-02-06 13:53:05.893000,3.77091,3.77019,1000000,1000000
2019-02-06 13:53:06.681000,3.77082,3.77008,1000000,1000000
2019-02-06 13:53:06.783000,3.77072,3.77008,1000000,1000000
2019-02-06 13:53:06.943000,3.77082,3.77018,1000000,1000000
2019-02-06 13:53:07.324000,3.77081,3.77009,1000000,1000000
2019-02-06 13:53:09.305000,3.77082,3.77018,1000000,1000000
2019-02-06 13:53:09.485000,3.77081,3.77009,1000000,1000000
2019-02-06 13:53:09.643000,3.77081,3.77019,1000000,1000000
2019-02-06 13:53:10.074000,3.77092,3.77018,1000000,1000000
2019-02-06 13:53:10.511000,3.77091,3.77018,1000000,1000000
2019-02-06 13:53:10.612000,3.77082,3.77018,1000000,1000000
2019-02-06 13:53:10.733000,3.77082,3.77008,1000000,1000000
2019-02-06 13:53:12.372000,3.77072,3.77008,1000000,1000000
2019-02-06 13:53:15.075000,3.77081,3.77008,1000000,1000000
2019-02-06 13:53:15.196000,3.77082,3.77008,1000000,1000000
2019-02-06 13:53:15.977000,3.77082,3.77018,1000000,1000000
2019-02-06 13:53:16.078000,3.77091,3.77019,1000000,1000000
2019-02-06 13:53:16.324000,3.77081,3.77019,1000000,1000000
2019-02-06 13:53:16.412000,3.77091,3.77019,1000000,1000000
2019-02-06 13:53:17.663000,3.77082,3.77018,1000000,1000000
2019-02-06 13:53:18.833000,3.77091,3.77019,1000000,1000000
2019-02-06 13:53:19.310000,3.771,3.77028,1000000,1000000
2019-02-06 13:53:19.511000,3.77092,3.77028,1000000,1000000
2019-02-06 13:53:19.612000,3.77082,3.77018,1000000,1000000
2019-02-06 13:53:20.852000,3.77091,3.77019,1000000,1000000
2019-02-06 13:53:21.137000,3.77092,3.77018,1000000,1000000
2019-02-06 13:53:21.385000,3.77092,3.77028,1000000,1000000
2019-02-06 13:53:21.948000,3.77091,3.77029,1000000,1000000
2019-02-06 13:53:23.003000,3.77092,3.77018,1000000,1000000
2019-02-06 13:53:23.054000,3.77082,3.77018,1000000,1000000
2019-02-06 13:53:23.104000,3.77091,3.77019,1000000,1000000
2019-02-06 13:53:23.205000,3.77082,3.77018,1000000,1000000
2019-02-06 13:53:24.080000,3.77092,3.77018,1000000,1000000
2019-02-06 13:53:24.324000,3.77091,3.77029,1000000,1000000
2019-02-06 13:53:24.374000,3.77092,3.77018,1000000,1000000
2019-02-06 13:53:26.409000,3.77081,3.77019,1000000,1000000
2019-02-06 13:53:26.931000,3.77092,3.77018,1000000,1000000
2019-02-06 13:53:26.982000,3.77082,3.77018,1000000,1000000
2019-02-06 13:53:32.927000,3.77092,3.77018,1000000,1000000
2019-02-06 13:53:33.085000,3.77082,3.77018,1000000,1000000
2019-02-06 13:53:33.186000,3.77092,3.77018,1000000,1000000
2019-02-06 13:53:33.598000,3.77081,3.77019,1000000,1000000
2019-02-06 13:53:35.099000,3.77082,3.77004,1000000,1000000
2019-02-06 13:53:35.301000,3.77082,3.76998,1000000,1000000
2019-02-06 13:53:35.402000,3.77082,3.77018,1000000,1000000
2019-02-06 13:53:36.839000,3.77081,3.77019,1000000,1000000
2019-02-06 13:53:37.283000,3.77082,3.77005,1000000,1000000
2019-02-06 13:53:37.536000,3.77082,3.77002,1000000,1000000
2019-02-06 13:53:37.649000,3.77071,3.76998,1000000,1000000
2019-02-06 13:53:38,3.77072,3.76998,1000000,1000000
2019-02-06 13:53:38.050000,3.77081,3.76998,1000000,1000000
2019-02-06 13:53:38.101000,3.77071,3.76998,1000000,1000000
2019-02-06 13:53:38.151000,3.77072,3.76992,1000000,1000000
2019-02-06 13:53:38.302000,3.77072,3.76987,1000000,1000000
2019-02-06 13:53:38.353000,3.77072,3.76989,1000000,1000000
2019-02-06 13:53:40.832000,3.77082,3.76999,1000000,1000000
2019-02-06 13:53:40.972000,3.77072,3.76999,1000000,1000000
2019-02-06 13:53:41.041000,3.77082,3.77008,1000000,1000000
2019-02-06 13:53:41.091000,3.77072,3.76999,1000000,1000000
2019-02-06 13:53:42.476000,3.77071,3.76999,1000000,1000000
2019-02-06 13:53:42.577000,3.77072,3.76996,1000000,1000000
2019-02-06 13:53:42.628000,3.77071,3.77009,1000000,1000000
2019-02-06 13:53:42.678000,3.77072,3.76995,1000000,1000000
2019-02-06 13:53:43.752000,3.77072,3.76989,1000000,1000000
2019-02-06 13:53:43.803000,3.77072,3.77008,1000000,1000000
2019-02-06 13:53:45.576000,3.77071,3.76996,1000000,1000000
2019-02-06 13:53:45.677000,3.77072,3.76996,1000000,1000000
2019-02-06 13:53:45.865000,3.77081,3.76996,1000000,1000000
2019-02-06 13:53:45.916000,3.77081,3.77009,1000000,1000000
2019-02-06 13:53:46.105000,3.77082,3.77008,1000000,1000000
2019-02-06 13:53:46.382000,3.77071,3.77009,1000000,1000000
2019-02-06 13:53:46.485000,3.77072,3.77008,1000000,1000000
2019-02-06 13:53:46.631000,3.77082,3.77008,1000000,1000000
2019-02-06 13:53:46.754000,3.77081,3.77019,1000000,1000000
2019-02-06 13:53:46.905000,3.77082,3.77018,1000000,1000000
2019-02-06 13:53:47.006000,3.77091,3.77019,1000000,1000000
2019-02-06 13:53:47.056000,3.77081,3.77019,1000000,1000000
2019-02-06 13:53:47.692000,3.77092,3.77018,1000000,1000000
2019-02-06 13:53:48.576000,3.77082,3.77018,1000000,1000000
2019-02-06 13:53:48.627000,3.77082,3.77008,1000000,1000000
2019-02-06 13:53:48.748000,3.77081,3.76998,1000000,1000000
2019-02-06 13:53:49.114000,3.77081,3.77,1000000,1000000
2019-02-06 13:53:49.367000,3.77082,3.77,1000000,1000000
2019-02-06 13:53:49.468000,3.77082,3.77003,1000000,1000000
2019-02-06 13:53:49.786000,3.77092,3.77018,1000000,1000000
2019-02-06 13:53:51.766000,3.77092,3.77028,1000000,1000000
2019-02-06 13:53:51.817000,3.77091,3.77019,1000000,1000000
2019-02-06 13:53:52.758000,3.77092,3.77001,1000000,1000000
2019-02-06 13:53:53.060000,3.77091,3.77009,1000000,1000000
2019-02-06 13:53:53.218000,3.77091,3.7701,1000000,1000000
2019-02-06 13:53:54.019000,3.77092,3.7701,1000000,1000000
2019-02-06 13:53:54.070000,3.77092,3.77006,1000000,1000000
2019-02-06 13:53:58.984000,3.77092,3.77012,1000000,1000000
2019-02-06 13:53:59.086000,3.77091,3.77012,1000000,1000000
2019-02-06 13:53:59.187000,3.77092,3.77012,1000000,1000000
2019-02-06 13:54:00.142000,3.77092,3.77008,1000000,1500000
2019-02-06 13:54:00.243000,3.77092,3.77002,1000000,1000000
2019-02-06 13:54:00.294000,3.77072,3.77002,1000000,1000000
2019-02-06 13:54:00.345000,3.77082,3.77002,1000000,1000000
2019-02-06 13:54:00.446000,3.77082,3.77003,1000000,1000000
2019-02-06 13:54:00.737000,3.77072,3.77003,1000000,1000000
2019-02-06 13:54:00.788000,3.77082,3.77003,1000000,1000000
2019-02-06 13:54:00.838000,3.77071,3.77003,1000000,1000000
2019-02-06 13:54:00.939000,3.77072,3.77003,1000000,1000000
2019-02-06 13:54:01.040000,3.77072,3.76997,1000000,1000000
2019-02-06 13:54:01.176000,3.77072,3.76998,1000000,1000000
2019-02-06 13:54:01.696000,3.77072,3.76999,1000000,1000000
2019-02-06 13:54:01.844000,3.77072,3.77008,1000000,1000000
2019-02-06 13:54:02.046000,3.77071,3.76999,1000000,1000000
2019-02-06 13:54:02.665000,3.77061,3.76999,1000000,1000000
2019-02-06 13:54:03.794000,3.77072,3.76998,1000000,1000000
2019-02-06 13:54:04.138000,3.77071,3.77009,1000000,1000000
2019-02-06 13:54:04.749000,3.77071,3.76999,1000000,1000000
2019-02-06 13:54:05.876000,3.77061,3.76999,1000000,1000000
2019-02-06 13:54:08.372000,3.77062,3.76991,1000000,1000000
2019-02-06 13:54:08.473000,3.77062,3.76988,1000000,1000000
2019-02-06 13:54:09.359000,3.77052,3.76988,1000000,1000000
2019-02-06 13:54:11.644000,3.77062,3.76988,1000000,1000000
2019-02-06 13:54:27.094000,3.77051,3.76989,1000000,1000000
2019-02-06 13:54:27.245000,3.77052,3.76981,1000000,1000000
2019-02-06 13:54:27.296000,3.77051,3.76989,1000000,1000000
2019-02-06 13:54:27.508000,3.77052,3.76988,1000000,1000000
2019-02-06 13:54:27.660000,3.77061,3.76989,1000000,1000000
2019-02-06 13:54:29.389000,3.77062,3.76998,1000000,1000000
2019-02-06 13:54:29.575000,3.77062,3.76988,1000000,1000000
2019-02-06 13:54:29.688000,3.77061,3.76999,1000000,1000000
2019-02-06 13:54:29.789000,3.77061,3.76989,1000000,1000000
2019-02-06 13:54:30.438000,3.77052,3.76988,1000000,1000000
2019-02-06 13:54:30.540000,3.77051,3.76989,1000000,1000000
2019-02-06 13:54:30.691000,3.77062,3.76988,1000000,1000000
2019-02-06 13:54:31.141000,3.77062,3.76998,1000000,1000000
2019-02-06 13:54:31.649000,3.77052,3.76988,1000000,1000000
2019-02-06 13:54:32.454000,3.77052,3.76979,1000000,1000000
2019-02-06 13:54:32.505000,3.77042,3.76973,1000000,1000000
2019-02-06 13:54:32.607000,3.77042,3.76978,1000000,1000000
2019-02-06 13:54:32.708000,3.77052,3.76988,1000000,1000000
2019-02-06 13:54:32.809000,3.77061,3.76989,1000000,1000000
2019-02-06 13:54:33.347000,3.77052,3.76988,1000000,1000000
2019-02-06 13:54:35.564000,3.77062,3.76988,1000000,1000000
2019-02-06 13:54:47.643000,3.77052,3.76988,1000000,1000000
2019-02-06 13:54:58.172000,3.77062,3.76998,1000000,1000000
2019-02-06 13:54:58.324000,3.77062,3.76988,1000000,1000000
2019-02-06 13:54:58.374000,3.77061,3.76999,1000000,1000000
2019-02-06 13:54:58.481000,3.77062,3.76988,1000000,1000000
2019-02-06 13:54:58.627000,3.77062,3.76998,1000000,1000000
2019-02-06 13:54:58.891000,3.77062,3.76988,1000000,1000000
2019-02-06 13:54:59.012000,3.77062,3.76998,1000000,1000000
2019-02-06 13:54:59.419000,3.77062,3.76988,1000000,1000000
2019-02-06 13:54:59.520000,3.77052,3.76988,1000000,1000000
2019-02-06 13:54:59.802000,3.77061,3.76989,1000000,1000000
2019-02-06 13:54:59.902000,3.77052,3.76988,1000000,1000000
2019-02-06 13:55:00.548000,3.77062,3.76988,1000000,1000000
2019-02-06 13:55:00.649000,3.77061,3.76999,1000000,1000000
2019-02-06 13:55:02.674000,3.77072,3.76998,1000000,1000000
2019-02-06 13:55:05.876000,3.77062,3.76998,1000000,1000000
2019-02-06 13:55:22.011000,3.77052,3.76988,1000000,1000000
2019-02-06 13:55:22.479000,3.77042,3.76978,1000000,1000000
2019-02-06 13:55:22.529000,3.77052,3.76978,1000000,1000000
2019-02-06 13:55:23.004000,3.77052,3.76988,1000000,1000000
2019-02-06 13:55:23.388000,3.77062,3.76988,1000000,1000000
2019-02-06 13:55:23.488000,3.77062,3.76998,1000000,1000000
2019-02-06 13:55:23.994000,3.77052,3.76988,1000000,1000000
2019-02-06 13:55:24.162000,3.77062,3.76998,1000000,1000000
2019-02-06 13:55:24.656000,3.77062,3.76988,1000000,1000000
2019-02-06 13:55:24.885000,3.77052,3.76988,1000000,1000000
2019-02-06 13:55:24.986000,3.77042,3.76978,1000000,1000000
2019-02-06 13:55:27.150000,3.77052,3.76978,1000000,1000000
2019-02-06 13:55:27.221000,3.77052,3.76988,1000000,1000000
2019-02-06 13:55:28.376000,3.77062,3.76998,1000000,1000000
2019-02-06 13:55:29.128000,3.77062,3.76988,1000000,1000000
2019-02-06 13:55:29.178000,3.77052,3.76988,1000000,1000000
2019-02-06 13:55:30.396000,3.77051,3.76979,1000000,1000000
2019-02-06 13:55:30.576000,3.77042,3.76978,1000000,1000000
2019-02-06 13:55:31.027000,3.77042,3.76968,1000000,1000000
2019-02-06 13:55:31.276000,3.77041,3.76979,1000000,1000000
2019-02-06 13:55:32.644000,3.77052,3.76978,1000000,1000000
2019-02-06 13:55:34.923000,3.77052,3.76988,1000000,1000000
2019-02-06 13:55:34.974000,3.77052,3.76978,1000000,1000000
2019-02-06 13:55:35.906000,3.77051,3.76989,1000000,1000000
2019-02-06 13:55:36.774000,3.77051,3.76979,1000000,1000000
2019-02-06 13:55:36.859000,3.77051,3.76989,1000000,1000000
2019-02-06 13:55:36.909000,3.77052,3.76978,1000000,1000000
2019-02-06 13:55:37.116000,3.77052,3.76988,1000000,1000000
2019-02-06 13:55:38.551000,3.77051,3.76979,1000000,1000000
2019-02-06 13:55:38.930000,3.77051,3.76989,1000000,1000000
2019-02-06 13:55:39.380000,3.77052,3.76978,1000000,1000000
2019-02-06 13:55:39.821000,3.77051,3.76989,1000000,1000000
2019-02-06 13:55:40.241000,3.77051,3.76979,1000000,1000000
2019-02-06 13:55:43.417000,3.77052,3.76988,1000000,1000000
2019-02-06 13:55:43.568000,3.77062,3.76998,1000000,1000000
2019-02-06 13:55:43.846000,3.77062,3.76988,1000000,1000000
2019-02-06 13:55:43.956000,3.77052,3.76988,1000000,1000000
2019-02-06 13:55:44.691000,3.77052,3.76989,1000000,1000000
2019-02-06 13:55:44.742000,3.77062,3.76998,1000000,1000000
2019-02-06 13:55:45.766000,3.77072,3.76998,1000000,1000000
2019-02-06 13:55:56.961000,3.77084,3.77008,1000000,1000000
2019-02-06 13:55:57.012000,3.77084,3.77028,1000000,1000000
2019-02-06 13:55:57.113000,3.77084,3.77038,1000000,1000000
2019-02-06 13:55:57.163000,3.77111,3.77048,1000000,1000000
2019-02-06 13:55:57.214000,3.77112,3.77038,1000000,1000000
2019-02-06 13:55:57.330000,3.77111,3.77039,1000000,1000000
2019-02-06 13:55:57.381000,3.77112,3.77048,1000000,1000000
2019-02-06 13:55:57.431000,3.77122,3.77048,1000000,1000000
2019-02-06 13:55:57.802000,3.77112,3.77048,1000000,1000000
2019-02-06 13:55:58.536000,3.77111,3.77039,1000000,1000000
2019-02-06 13:55:58.637000,3.77112,3.77048,1000000,1000000
2019-02-06 13:55:59.156000,3.77111,3.77039,1000000,1000000
2019-02-06 13:55:59.257000,3.77102,3.77038,1000000,1000000
2019-02-06 13:56:00.246000,3.77102,3.77028,1000000,1000000
2019-02-06 13:56:02.006000,3.77102,3.77038,1000000,1000000
2019-02-06 13:56:02.056000,3.77112,3.77038,1000000,1000000
2019-02-06 13:56:02.107000,3.77112,3.77048,1000000,1000000
2019-02-06 13:56:02.158000,3.77112,3.77038,1000000,1000000
2019-02-06 13:56:02.274000,3.77102,3.77038,1000000,1000000
2019-02-06 13:56:02.443000,3.77112,3.77048,1000000,1000000
2019-02-06 13:56:02.544000,3.77111,3.77049,1000000,1000000
2019-02-06 13:56:02.648000,3.77112,3.77038,1000000,1000000
2019-02-06 13:56:02.699000,3.77102,3.77038,1000000,1000000
2019-02-06 13:56:02.916000,3.77111,3.77039,1000000,1000000
2019-02-06 13:56:02.966000,3.77112,3.77048,1000000,1000000
2019-02-06 13:56:03.117000,3.77121,3.77049,1000000,1000000
2019-02-06 13:56:03.270000,3.77112,3.77048,1000000,1000000
2019-02-06 13:56:03.606000,3.77121,3.77049,1000000,1000000
2019-02-06 13:56:03.656000,3.77112,3.77048,1000000,1000000
2019-02-06 13:56:03.818000,3.77111,3.77039,1000000,1000000
2019-02-06 13:56:03.895000,3.77111,3.77049,1000000,1000000
2019-02-06 13:56:11.644000,3.77122,3.77048,1000000,1000000
2019-02-06 13:56:12.707000,3.77112,3.77048,1000000,1000000
2019-02-06 13:56:13.592000,3.77112,3.77038,1000000,1000000
2019-02-06 13:56:13.693000,3.77102,3.77038,1000000,1000000
2019-02-06 13:56:17.093000,3.77112,3.77038,1000000,1000000
2019-02-06 13:56:17.246000,3.77102,3.77038,1000000,1000000
2019-02-06 13:56:18.238000,3.77112,3.77038,1000000,1000000
2019-02-06 13:56:18.343000,3.77101,3.77039,1000000,1000000
2019-02-06 13:56:26.781000,3.77092,3.77028,1000000,1000000
2019-02-06 13:56:27.016000,3.77092,3.77018,1000000,1000000
2019-02-06 13:56:27.067000,3.77092,3.77028,1000000,1000000
2019-02-06 13:56:27.424000,3.77091,3.77019,1000000,1000000
2019-02-06 13:56:27.525000,3.77082,3.77018,1000000,1000000
2019-02-06 13:56:29.878000,3.77092,3.77018,1000000,1000000
2019-02-06 13:56:32.015000,3.77091,3.77029,1000000,1000000
2019-02-06 13:56:32.644000,3.77102,3.77028,1000000,1000000
2019-02-06 13:56:34.031000,3.77102,3.77038,1000000,1000000
2019-02-06 13:56:34.936000,3.77102,3.77028,1000000,1000000
2019-02-06 13:56:37.337000,3.77102,3.77038,1000000,1000000
2019-02-06 13:56:38.921000,3.77101,3.77029,1000000,1000000
2019-02-06 13:56:38.972000,3.77102,3.77038,1000000,1000000
2019-02-06 13:56:39.115000,3.77101,3.77029,1000000,1000000
2019-02-06 13:56:42.104000,3.77102,3.77038,1000000,1000000
2019-02-06 13:56:42.221000,3.77101,3.77039,1000000,1000000
2019-02-06 13:56:42.271000,3.77112,3.77048,1000000,1000000
2019-02-06 13:56:42.717000,3.77102,3.77038,1000000,1000000
2019-02-06 13:56:46.347000,3.77112,3.77038,1000000,1000000
2019-02-06 13:56:46.921000,3.77102,3.77038,1000000,1000000
2019-02-06 13:56:47.124000,3.77101,3.77029,1000000,1000000
2019-02-06 13:56:50.876000,3.77102,3.77038,1000000,1000000
2019-02-06 13:56:57.181000,3.77112,3.77038,1000000,1000000
2019-02-06 13:56:57.383000,3.77112,3.77048,1000000,1000000
2019-02-06 13:57:11.475000,3.77121,3.77059,1000000,1000000
2019-02-06 13:57:11.576000,3.77125,3.77089,1000000,1000000
2019-02-06 13:57:11.627000,3.77151,3.77089,1000000,1000000
2019-02-06 13:57:12.821000,3.77142,3.77078,1000000,1000000
2019-02-06 13:57:14.429000,3.77132,3.77068,1000000,1000000
2019-02-06 13:57:23.689000,3.77122,3.77058,1000000,1000000
2019-02-06 13:57:32.644000,3.77122,3.77048,1000000,1000000
2019-02-06 13:57:37.413000,3.77118,3.77048,1000000,1000000
2019-02-06 13:57:37.514000,3.77101,3.77039,1000000,1000000
2019-02-06 13:57:37.565000,3.77104,3.77028,1000000,1000000
2019-02-06 13:57:37.616000,3.77093,3.77028,1000000,1000000
2019-02-06 13:57:37.767000,3.77093,3.77029,1000000,1000000
2019-02-06 13:57:37.860000,3.77101,3.77029,1000000,1000000
2019-02-06 13:57:38.635000,3.77102,3.77028,1000000,1000000
2019-02-06 13:57:39.263000,3.7711,3.77028,1000000,1000000
2019-02-06 13:57:39.313000,3.7711,3.77048,1000000,1000000
2019-02-06 13:57:39.364000,3.77112,3.77048,1000000,1000000
2019-02-06 13:57:46.537000,3.77112,3.77038,1000000,1000000
2019-02-06 13:57:46.638000,3.77112,3.77048,1000000,1000000
2019-02-06 13:57:47.090000,3.77112,3.77038,1000000,1000000
2019-02-06 13:57:47.707000,3.77111,3.77049,1000000,1000000
2019-02-06 13:57:50.111000,3.77111,3.77039,1000000,1000000
2019-02-06 13:57:50.771000,3.77111,3.77049,1000000,1000000
2019-02-06 13:57:50.872000,3.77121,3.77059,1000000,1000000
2019-02-06 13:57:50.997000,3.77132,3.77058,1000000,1000000
2019-02-06 13:57:51.097000,3.77121,3.77059,1000000,1000000
2019-02-06 13:57:51.249000,3.77122,3.77048,1000000,1000000
2019-02-06 13:57:51.400000,3.77121,3.77049,1000000,1000000
2019-02-06 13:57:52.297000,3.77112,3.77048,1000000,1000000
2019-02-06 13:57:53.813000,3.77119,3.77048,1000000,1000000
2019-02-06 13:57:53.932000,3.77112,3.77048,1000000,1000000
2019-02-06 13:57:56.054000,3.77122,3.77048,1000000,1000000
2019-02-06 13:57:56.105000,3.77122,3.77058,1000000,1000000
2019-02-06 13:57:56.645000,3.77131,3.77059,1000000,1000000
2019-02-06 13:57:57.622000,3.77122,3.77058,1000000,1000000
2019-02-06 13:57:59.878000,3.77131,3.77059,1000000,1000000
2019-02-06 13:58:00.575000,3.77122,3.77058,1000000,1000000
2019-02-06 13:58:00.626000,3.77121,3.77049,1000000,1000000
2019-02-06 13:58:00.676000,3.77111,3.77049,1000000,1000000
2019-02-06 13:58:04.158000,3.77122,3.77058,1000000,1000000
2019-02-06 13:58:07.181000,3.77131,3.77059,1000000,1000000
2019-02-06 13:58:11.834000,3.77121,3.77059,1000000,1000000
2019-02-06 13:58:14.204000,3.77122,3.77058,1000000,1000000
2019-02-06 13:58:17.685000,3.77132,3.77058,1000000,1000000
2019-02-06 13:58:19.558000,3.77132,3.77068,1000000,1000000
2019-02-06 13:58:19.719000,3.77132,3.77058,1000000,1000000
2019-02-06 13:58:21.258000,3.77122,3.77058,1000000,1000000
2019-02-06 13:58:21.358000,3.77132,3.77058,1000000,1000000
2019-02-06 13:58:32.080000,3.77132,3.77068,1000000,1000000
2019-02-06 13:58:32.693000,3.77122,3.77058,1000000,1000000
2019-02-06 13:58:33.258000,3.77132,3.77048,1000000,1000000
2019-02-06 13:58:33.380000,3.77129,3.77048,1000000,1000000
2019-02-06 13:58:35.421000,3.77132,3.77048,1500000,1000000
2019-02-06 13:58:35.798000,3.77131,3.77048,1000000,1000000
2019-02-06 13:58:35.927000,3.77121,3.77049,1000000,1000000
2019-02-06 13:58:41.852000,3.77121,3.77059,1000000,1000000
2019-02-06 13:58:46.366000,3.77121,3.77049,1000000,1000000
2019-02-06 13:58:46.467000,3.77112,3.77048,1000000,1000000
2019-02-06 13:58:46.720000,3.77111,3.77041,1000000,1000000
2019-02-06 13:58:46.771000,3.77102,3.77038,1000000,1000000
2019-02-06 13:58:46.822000,3.77112,3.77038,1000000,1000000
2019-02-06 13:58:46.873000,3.77101,3.77039,1000000,1000000
2019-02-06 13:58:47.695000,3.77111,3.77039,1000000,1000000
2019-02-06 13:58:50.879000,3.77102,3.77038,1000000,1000000
2019-02-06 13:58:53.461000,3.77112,3.77028,1000000,1000000
2019-02-06 13:58:54.958000,3.77102,3.77038,1000000,1000000
2019-02-06 13:58:57.344000,3.77101,3.77029,1000000,1000000
2019-02-06 13:58:57.485000,3.77101,3.77039,1000000,1000000
2019-02-06 13:58:57.890000,3.77112,3.77028,1000000,1000000
2019-02-06 13:58:59.564000,3.77101,3.77039,1000000,1000000
2019-02-06 13:59:01.133000,3.77102,3.77028,1000000,1000000
2019-02-06 13:59:01.184000,3.77102,3.77038,1000000,1000000
2019-02-06 13:59:01.235000,3.77101,3.77029,1000000,1000000
2019-02-06 13:59:01.285000,3.77092,3.77028,1000000,1000000
2019-02-06 13:59:01.336000,3.77101,3.77029,1000000,1000000
2019-02-06 13:59:02.644000,3.77102,3.77038,1000000,1000000
2019-02-06 13:59:03.742000,3.77102,3.77028,1000000,1000000
2019-02-06 13:59:03.843000,3.77102,3.77038,1000000,1000000
2019-02-06 13:59:05.587000,3.77092,3.77028,1000000,1000000
2019-02-06 13:59:05.688000,3.77102,3.77038,1000000,1000000
2019-02-06 13:59:16.327000,3.77112,3.77048,1000000,1000000
2019-02-06 13:59:32.656000,3.77122,3.77058,1000000,1000000
2019-02-06 13:59:36.251000,3.77132,3.77068,1000000,1000000
2019-02-06 13:59:36.302000,3.77134,3.77068,1000000,1000000
2019-02-06 13:59:36.353000,3.77132,3.77068,1000000,1000000
2019-02-06 13:59:40.519000,3.77122,3.77059,1000000,1000000
2019-02-06 13:59:40.620000,3.77122,3.77058,1000000,1000000
2019-02-06 13:59:42.566000,3.77122,3.77048,1000000,1000000
2019-02-06 13:59:42.617000,3.77112,3.77048,1000000,1000000
2019-02-06 13:59:42.667000,3.77122,3.77048,1000000,1000000
2019-02-06 13:59:42.818000,3.77112,3.77048,1000000,1000000
2019-02-06 13:59:42.869000,3.77122,3.77048,1000000,1000000
2019-02-06 13:59:43.205000,3.77112,3.77048,1000000,1000000
2019-02-06 13:59:43.306000,3.77112,3.77038,1000000,1000000
2019-02-06 13:59:43.357000,3.77102,3.77038,1000000,1000000
2019-02-06 13:59:45.960000,3.77111,3.77049,1000000,1000000
2019-02-06 13:59:46.039000,3.77111,3.77039,1000000,1000000
2019-02-06 13:59:46.125000,3.77102,3.77038,1000000,1000000
2019-02-06 13:59:47.701000,3.77111,3.77049,1000000,1000000
2019-02-06 13:59:48.009000,3.77112,3.77038,1000000,1500000
2019-02-06 13:59:48.060000,3.77102,3.77038,1000000,1000000
2019-02-06 13:59:48.110000,3.77111,3.77039,1000000,1000000
2019-02-06 13:59:48.161000,3.77102,3.77038,1000000,1000000
2019-02-06 13:59:48.650000,3.77112,3.77048,1000000,1000000
2019-02-06 13:59:51.170000,3.77122,3.77048,1000000,1000000
2019-02-06 13:59:56.725000,3.77111,3.77049,1000000,1000000
2019-02-06 13:59:57.122000,3.77112,3.77048,1000000,1000000
2019-02-06 13:59:57.985000,3.77122,3.77048,1000000,1000000
2019-02-06 13:59:58.133000,3.77122,3.77058,1000000,1000000
2019-02-06 14:00:01.134000,3.77122,3.77048,1000000,1000000
