time,ask,bid,ask_volume,bid_volume
2019-12-04 14:25:08.665000,3.85538,3.85475,1000000,1000000
2019-12-04 14:25:09.135000,3.85538,3.85466,1000000,1000000
2019-12-04 14:25:09.185000,3.85533,3.85465,1000000,1000000
2019-12-04 14:25:09.438000,3.85533,3.85475,1000000,1000000
2019-12-04 14:25:09.667000,3.85536,3.85475,1000000,1000000
2019-12-04 14:25:11.052000,3.85536,3.85466,1000000,1000000
2019-12-04 14:25:11.417000,3.85535,3.85465,1000000,1000000
2019-12-04 14:25:11.569000,3.85533,3.85465,1000000,1000000
2019-12-04 14:25:13.277000,3.85535,3.85465,1500000,1000000
2019-12-04 14:25:14.062000,3.85539,3.85466,1000000,1000000
2019-12-04 14:25:14.113000,3.85544,3.85466,1500000,1000000
2019-12-04 14:25:14.204000,3.85544,3.85476,1500000,1000000
2019-12-04 14:25:15.220000,3.85553,3.85476,1000000,1000000
2019-12-04 14:25:15.270000,3.85553,3.85485,1000000,1000000
2019-12-04 14:25:15.360000,3.85555,3.85485,1000000,1000000
2019-12-04 14:25:16.291000,3.85563,3.85485,1000000,1000000
2019-12-04 14:25:16.397000,3.85565,3.85485,1000000,1000000
2019-12-04 14:25:16.898000,3.85559,3.85485,1000000,1000000
2019-12-04 14:25:17.267000,3.85559,3.85476,1000000,1000000
2019-12-04 14:25:17.320000,3.85557,3.85476,1000000,1000000
2019-12-04 14:25:17.599000,3.85556,3.85476,1000000,1000000
2019-12-04 14:25:18.703000,3.85557,3.85476,1000000,1000000
2019-12-04 14:25:18.851000,3.85557,3.85495,1000000,1000000
2019-12-04 14:25:18.987000,3.85557,3.85505,1000000,1000000
2019-12-04 14:25:19.037000,3.8558,3.85505,1000000,1000000
2019-12-04 14:25:19.088000,3.8558,3.85495,1000000,1000000
2019-12-04 14:25:19.218000,3.85585,3.85495,1000000,1000000
2019-12-04 14:25:19.532000,3.85579,3.85496,1000000,1000000
2019-12-04 14:25:19.952000,3.85579,3.85505,1000000,1000000
2019-12-04 14:25:20.052000,3.85584,3.85505,1000000,1000000
2019-12-04 14:25:20.781000,3.85595,3.85505,1000000,1000000
2019-12-04 14:25:20.902000,3.85585,3.85505,1000000,1000000
2019-12-04 14:25:20.972000,3.85594,3.85506,1000000,1000000
2019-12-04 14:25:21.062000,3.85575,3.85495,1000000,1000000
2019-12-04 14:25:21.163000,3.85575,3.85505,1000000,1000000
2019-12-04 14:25:21.415000,3.85569,3.85506,1000000,1000000
2019-12-04 14:25:21.764000,3.85564,3.85496,1000000,1000000
2019-12-04 14:25:22.884000,3.85568,3.85495,1000000,1000000
2019-12-04 14:25:22.985000,3.85572,3.85505,1000000,1000000
2019-12-04 14:25:23.208000,3.85569,3.85505,1000000,1000000
2019-12-04 14:25:23.390000,3.85569,3.85506,1000000,1000000
2019-12-04 14:25:23.491000,3.85569,3.85495,1000000,1000000
2019-12-04 14:25:23.891000,3.85569,3.85505,1000000,1000000
2019-12-04 14:25:24.450000,3.85569,3.85495,1000000,1000000
2019-12-04 14:25:24.555000,3.85576,3.85499,1000000,1000000
2019-12-04 14:25:24.706000,3.85564,3.85496,1000000,1000000
2019-12-04 14:25:25.126000,3.85574,3.85496,1000000,1000000
2019-12-04 14:25:25.964000,3.85585,3.85495,1000000,1000000
2019-12-04 14:25:26.612000,3.85585,3.85505,1000000,1000000
2019-12-04 14:25:26.713000,3.85561,3.85496,1000000,1000000
2019-12-04 14:25:26.866000,3.85557,3.85505,1000000,1000000
2019-12-04 14:25:26.917000,3.85559,3.85505,1000000,1000000
2019-12-04 14:25:27.890000,3.85571,3.85505,1000000,1000000
2019-12-04 14:25:32.082000,3.8557,3.85505,1000000,1000000
2019-12-04 14:25:34.230000,3.8557,3.85516,1000000,1000000
2019-12-04 14:25:34.330000,3.8557,3.85505,1000000,1000000
2019-12-04 14:25:34.552000,3.85571,3.85505,1000000,1000000
2019-12-04 14:25:41.666000,3.8557,3.85505,1000000,1000000
2019-12-04 14:25:45.192000,3.8558,3.85515,1000000,1000000
2019-12-04 14:25:46.314000,3.85585,3.85515,1000000,1000000
2019-12-04 14:25:46.396000,3.85577,3.85515,1000000,1000000
2019-12-04 14:25:46.447000,3.85574,3.85506,1000000,1000000
2019-12-04 14:25:46.508000,3.85571,3.85506,1000000,1000000
2019-12-04 14:25:46.698000,3.85574,3.85506,1500000,1000000
2019-12-04 14:25:46.867000,3.85574,3.85515,1000000,1000000
2019-12-04 14:25:46.918000,3.85577,3.85515,1000000,1000000
2019-12-04 14:25:47.424000,3.85577,3.85505,1000000,1000000
2019-12-04 14:25:48.150000,3.85572,3.85505,1000000,1000000
2019-12-04 14:25:50.024000,3.85572,3.85506,1000000,1000000
2019-12-04 14:25:50.263000,3.85564,3.85506,1000000,1000000
2019-12-04 14:25:50.376000,3.85564,3.85496,1000000,1000000
2019-12-04 14:25:50.476000,3.85572,3.85505,1000000,1000000
2019-12-04 14:25:50.527000,3.85574,3.85505,1000000,1000000
2019-12-04 14:25:50.577000,3.85574,3.85516,1000000,1000000
2019-12-04 14:25:56.608000,3.85574,3.85505,1000000,1000000
2019-12-04 14:25:56.759000,3.85574,3.85515,1000000,1000000
2019-12-04 14:25:56.809000,3.85571,3.85506,1000000,1000000
2019-12-04 14:25:56.910000,3.85573,3.85505,1000000,1000000
2019-12-04 14:25:56.974000,3.85578,3.85505,1000000,1000000
2019-12-04 14:25:57.065000,3.85564,3.85501,1000000,1000000
2019-12-04 14:25:57.201000,3.85564,3.85496,1000000,1000000
2019-12-04 14:25:57.251000,3.85559,3.85496,1000000,1000000
2019-12-04 14:25:57.524000,3.85564,3.85496,1000000,1000000
2019-12-04 14:25:57.628000,3.85569,3.85495,1000000,1000000
2019-12-04 14:25:57.726000,3.85565,3.85495,1000000,1000000
2019-12-04 14:25:57.826000,3.85562,3.85487,1000000,1000000
2019-12-04 14:25:58.058000,3.85564,3.85486,1000000,1000000
2019-12-04 14:25:58.129000,3.85574,3.85496,1000000,1000000
2019-12-04 14:25:59.662000,3.85564,3.85486,1000000,1000000
2019-12-04 14:25:59.792000,3.85553,3.85486,1000000,1000000
2019-12-04 14:26:00.032000,3.85556,3.85486,1000000,1000000
2019-12-04 14:26:00.769000,3.85555,3.85485,1000000,1000000
2019-12-04 14:26:00.901000,3.85546,3.85475,1000000,1000000
2019-12-04 14:26:01.023000,3.85546,3.85485,1000000,1000000
2019-12-04 14:26:01.076000,3.85546,3.85476,1000000,1000000
2019-12-04 14:26:01.239000,3.85546,3.85485,1000000,1000000
2019-12-04 14:26:01.538000,3.85547,3.85485,1000000,1000000
2019-12-04 14:26:02.127000,3.85547,3.85496,1000000,1000000
2019-12-04 14:26:02.178000,3.85552,3.85496,1000000,1000000
2019-12-04 14:26:02.240000,3.85556,3.85496,1000000,1000000
2019-12-04 14:26:02.439000,3.85561,3.85496,1000000,1000000
2019-12-04 14:26:03.838000,3.85561,3.85495,1000000,1000000
2019-12-04 14:26:03.889000,3.85561,3.85485,1000000,1000000
2019-12-04 14:26:03.960000,3.85556,3.85485,1000000,1000000
2019-12-04 14:26:04.144000,3.85561,3.85495,1000000,1000000
2019-12-04 14:26:05.172000,3.85561,3.85485,1000000,1000000
2019-12-04 14:26:05.246000,3.85558,3.85485,1000000,1000000
2019-12-04 14:26:05.412000,3.85558,3.85495,1000000,1000000
2019-12-04 14:26:05.546000,3.85562,3.85495,1000000,1000000
2019-12-04 14:26:06.048000,3.85568,3.85495,1000000,1000000
2019-12-04 14:26:06.147000,3.85565,3.85495,1000000,1000000
2019-12-04 14:26:06.950000,3.85559,3.85495,1000000,1000000
2019-12-04 14:26:07.951000,3.85554,3.85495,1000000,1000000
2019-12-04 14:26:10.020000,3.85554,3.85496,1000000,1000000
2019-12-04 14:26:10.071000,3.85554,3.85485,1000000,1000000
2019-12-04 14:26:10.155000,3.85551,3.85485,1000000,1000000
2019-12-04 14:26:10.276000,3.85545,3.85485,1000000,1000000
2019-12-04 14:26:13.262000,3.85541,3.85485,1000000,1000000
2019-12-04 14:26:14.601000,3.85541,3.85476,1000000,1000000
2019-12-04 14:26:14.702000,3.85534,3.85476,1000000,1000000
2019-12-04 14:26:14.752000,3.85534,3.85466,1000000,1000000
2019-12-04 14:26:14.803000,3.85527,3.85466,1000000,1000000
2019-12-04 14:26:15.138000,3.85527,3.85465,1000000,1000000
2019-12-04 14:26:15.867000,3.85523,3.85466,1000000,1000000
2019-12-04 14:26:15.962000,3.85523,3.85455,1000000,1000000
2019-12-04 14:26:16.013000,3.8552,3.85455,1000000,1000000
2019-12-04 14:26:16.476000,3.85511,3.85455,1000000,1000000
2019-12-04 14:26:16.705000,3.85525,3.85455,1000000,1000000
2019-12-04 14:26:16.797000,3.85525,3.85445,1000000,1000000
2019-12-04 14:26:16.921000,3.85513,3.85445,1000000,1000000
2019-12-04 14:26:17.273000,3.85509,3.85445,1000000,1000000
2019-12-04 14:26:17.455000,3.85509,3.85455,1000000,1000000
2019-12-04 14:26:17.505000,3.85516,3.85455,1000000,1000000
2019-12-04 14:26:17.617000,3.85519,3.85455,1000000,1000000
2019-12-04 14:26:18.074000,3.85524,3.85455,1000000,1000000
2019-12-04 14:26:20.076000,3.85524,3.85465,1000000,1000000
2019-12-04 14:26:21.062000,3.85524,3.85455,1000000,1000000
2019-12-04 14:26:21.113000,3.85514,3.85455,1000000,1000000
2019-12-04 14:26:21.163000,3.85514,3.85445,1000000,1000000
2019-12-04 14:26:21.214000,3.85504,3.85445,1000000,1000000
2019-12-04 14:26:21.337000,3.85504,3.85456,1000000,1000000
2019-12-04 14:26:21.388000,3.85504,3.85445,1000000,1000000
2019-12-04 14:26:21.615000,3.85504,3.85455,1000000,1000000
2019-12-04 14:26:21.950000,3.85504,3.85446,1000000,1000000
2019-12-04 14:26:22.094000,3.85511,3.85446,1000000,1000000
2019-12-04 14:26:22.861000,3.85511,3.85456,1000000,1000000
2019-12-04 14:26:22.912000,3.85514,3.85456,1000000,1000000
2019-12-04 14:26:23.013000,3.85514,3.85455,1000000,1000000
2019-12-04 14:26:23.725000,3.85511,3.85455,1000000,1000000
2019-12-04 14:26:24.883000,3.85511,3.85445,1000000,1000000
2019-12-04 14:26:24.934000,3.85511,3.85455,1000000,1000000
2019-12-04 14:26:24.984000,3.85511,3.85445,1000000,1000000
2019-12-04 14:26:25.035000,3.85503,3.85445,1000000,1000000
2019-12-04 14:26:26.137000,3.85503,3.85455,1000000,1000000
2019-12-04 14:26:26.238000,3.85512,3.85456,1000000,1000000
2019-12-04 14:26:26.375000,3.85512,3.85446,1000000,1000000
2019-12-04 14:26:27.285000,3.85512,3.85445,1000000,1000000
2019-12-04 14:26:27.335000,3.85507,3.85445,1000000,1000000
2019-12-04 14:26:27.698000,3.85507,3.85436,1000000,1000000
2019-12-04 14:26:27.749000,3.85502,3.85436,1000000,1000000
2019-12-04 14:26:29.052000,3.85502,3.85445,1000000,1000000
2019-12-04 14:26:34.627000,3.85502,3.85435,1000000,1000000
2019-12-04 14:26:34.677000,3.85494,3.85435,1000000,1000000
2019-12-04 14:26:34.850000,3.85494,3.85445,1000000,1000000
2019-12-04 14:26:35.143000,3.85501,3.85445,1000000,1000000
2019-12-04 14:26:35.577000,3.85501,3.85446,1000000,1000000
2019-12-04 14:26:37.052000,3.85501,3.85455,1000000,1000000
2019-12-04 14:26:37.149000,3.85501,3.85445,1000000,1000000
2019-12-04 14:26:43.581000,3.85498,3.85445,1000000,1000000
2019-12-04 14:26:43.682000,3.85504,3.85456,1000000,1000000
2019-12-04 14:26:43.763000,3.85504,3.85445,1000000,1000000
2019-12-04 14:26:43.874000,3.85504,3.85446,1000000,1000000
2019-12-04 14:26:44.150000,3.85502,3.85446,1000000,1000000
2019-12-04 14:26:44.463000,3.85502,3.85436,1000000,1000000
2019-12-04 14:26:44.513000,3.85495,3.85436,1000000,1000000
2019-12-04 14:26:44.614000,3.85492,3.85445,1000000,1000000
2019-12-04 14:26:44.679000,3.85494,3.85445,1000000,1000000
2019-12-04 14:26:44.991000,3.85501,3.85445,1000000,1000000
2019-12-04 14:26:45.492000,3.855,3.85445,1000000,1000000
2019-12-04 14:26:45.643000,3.85502,3.85445,1000000,1000000
2019-12-04 14:26:45.916000,3.85502,3.85446,1000000,1000000
2019-12-04 14:26:50.124000,3.85501,3.85446,1000000,1000000
2019-12-04 14:26:55.829000,3.85501,3.85445,1000000,1000000
2019-12-04 14:26:55.967000,3.85501,3.85435,1000000,1000000
2019-12-04 14:26:56.017000,3.85489,3.85435,1000000,1000000
2019-12-04 14:26:56.442000,3.85486,3.85435,1000000,1000000
2019-12-04 14:26:58.200000,3.85486,3.85436,1000000,1000000
2019-12-04 14:26:58.310000,3.85486,3.85425,1000000,1000000
2019-12-04 14:26:59.849000,3.85486,3.85416,1000000,1000000
2019-12-04 14:26:59.900000,3.85486,3.85425,1000000,1000000
2019-12-04 14:27:00.126000,3.85476,3.85425,1000000,1000000
2019-12-04 14:27:00.227000,3.85482,3.85425,1000000,1000000
2019-12-04 14:27:01.070000,3.85482,3.85415,1000000,1000000
2019-12-04 14:27:01.170000,3.85484,3.85426,1000000,1000000
2019-12-04 14:27:01.222000,3.85486,3.85426,1000000,1000000
2019-12-04 14:27:03.775000,3.85481,3.85426,1000000,1000000
2019-12-04 14:27:06.126000,3.85481,3.85436,1000000,1000000
2019-12-04 14:27:06.176000,3.85481,3.85425,1000000,1000000
2019-12-04 14:27:07.112000,3.85481,3.85416,1000000,1000000
2019-12-04 14:27:08.052000,3.85481,3.85425,1000000,1000000
2019-12-04 14:27:11.062000,3.85481,3.85415,1000000,1000000
2019-12-04 14:27:11.163000,3.8548,3.85415,1000000,1000000
2019-12-04 14:27:11.213000,3.85462,3.85415,1000000,1000000
2019-12-04 14:27:11.404000,3.85472,3.85415,1000000,1000000
2019-12-04 14:27:11.454000,3.85472,3.85426,1000000,1000000
2019-12-04 14:27:11.555000,3.85472,3.85415,1000000,1000000
2019-12-04 14:27:11.655000,3.85472,3.85425,1000000,1000000
2019-12-04 14:27:11.797000,3.85476,3.85425,1000000,1000000
2019-12-04 14:27:11.967000,3.85476,3.85415,1000000,1000000
2019-12-04 14:27:12.017000,3.85476,3.85425,1000000,1000000
2019-12-04 14:27:17.312000,3.85484,3.85425,1000000,1000000
2019-12-04 14:27:17.363000,3.85484,3.85435,1000000,1000000
2019-12-04 14:27:17.413000,3.85486,3.85435,1000000,1000000
2019-12-04 14:27:18.527000,3.85486,3.85425,1000000,1000000
2019-12-04 14:27:18.577000,3.85486,3.85435,1000000,1000000
2019-12-04 14:27:18.628000,3.85486,3.85425,1000000,1000000
2019-12-04 14:27:18.905000,3.85486,3.85435,1000000,1000000
2019-12-04 14:27:18.971000,3.85486,3.85425,1000000,1000000
2019-12-04 14:27:21.089000,3.85486,3.85435,1000000,1000000
2019-12-04 14:27:21.140000,3.85486,3.85426,1000000,1000000
2019-12-04 14:27:21.920000,3.85486,3.85416,1000000,1000000
2019-12-04 14:27:26.065000,3.85486,3.85415,1000000,1000000
2019-12-04 14:27:26.166000,3.85473,3.85415,1000000,1000000
2019-12-04 14:27:26.413000,3.85468,3.85425,1000000,1000000
2019-12-04 14:27:26.528000,3.85468,3.85426,1000000,1000000
2019-12-04 14:27:26.579000,3.85476,3.85426,1000000,1000000
2019-12-04 14:27:26.752000,3.85476,3.85415,1000000,1000000
2019-12-04 14:27:26.803000,3.85476,3.85425,1000000,1000000
2019-12-04 14:27:26.950000,3.85476,3.85415,1000000,1000000
2019-12-04 14:27:28.363000,3.85476,3.85405,1000000,1000000
2019-12-04 14:27:28.464000,3.85463,3.85405,1000000,1000000
2019-12-04 14:27:28.532000,3.85466,3.85405,1000000,1000000
2019-12-04 14:27:28.652000,3.85466,3.85416,1000000,1000000
2019-12-04 14:27:28.733000,3.85471,3.85416,1000000,1000000
2019-12-04 14:27:28.876000,3.85471,3.85415,1000000,1000000
2019-12-04 14:27:28.977000,3.85465,3.85415,1000000,1000000
2019-12-04 14:27:29.051000,3.85465,3.85406,1000000,1000000
2019-12-04 14:27:30.781000,3.85465,3.85416,1000000,1000000
2019-12-04 14:27:31.151000,3.85465,3.85415,1000000,1000000
2019-12-04 14:27:31.244000,3.85472,3.85415,1000000,1000000
2019-12-04 14:27:36.451000,3.85472,3.85426,1000000,1000000
2019-12-04 14:27:36.501000,3.85476,3.85426,1000000,1000000
2019-12-04 14:27:36.611000,3.85479,3.85425,1000000,1000000
2019-12-04 14:27:39.314000,3.85467,3.85425,1000000,1000000
2019-12-04 14:27:41.062000,3.85467,3.85416,1000000,1000000
2019-12-04 14:27:41.171000,3.85467,3.85415,1000000,1000000
2019-12-04 14:27:41.352000,3.85467,3.85425,1000000,1000000
2019-12-04 14:27:41.402000,3.85479,3.85435,1000000,1000000
2019-12-04 14:27:41.503000,3.85488,3.85436,1000000,1000000
2019-12-04 14:27:42.406000,3.85488,3.85426,1000000,1000000
2019-12-04 14:27:43.174000,3.85488,3.85435,1000000,1000000
2019-12-04 14:27:47.601000,3.8549,3.85435,1000000,1000000
2019-12-04 14:27:48.735000,3.8549,3.85445,1000000,1000000
2019-12-04 14:27:48.903000,3.85495,3.85445,1000000,1000000
2019-12-04 14:27:57.770000,3.85495,3.85456,1000000,1000000
2019-12-04 14:27:57.907000,3.85498,3.85455,1000000,1000000
2019-12-04 14:27:57.980000,3.85509,3.85455,1000000,1000000
2019-12-04 14:27:59.699000,3.85509,3.85445,1000000,1000000
2019-12-04 14:27:59.749000,3.855,3.85445,1000000,1000000
2019-12-04 14:28:00.323000,3.855,3.85455,1000000,1000000
2019-12-04 14:28:00.430000,3.855,3.85456,1000000,1000000
2019-12-04 14:28:00.557000,3.855,3.85455,1000000,1000000
2019-12-04 14:28:00.714000,3.85535,3.85455,1000000,1000000
2019-12-04 14:28:00.976000,3.85516,3.85455,1000000,1000000
2019-12-04 14:28:01.126000,3.85516,3.85445,1000000,1000000
2019-12-04 14:28:01.176000,3.85506,3.85445,1000000,1000000
2019-12-04 14:28:01.330000,3.85506,3.85446,1000000,1000000
2019-12-04 14:28:02.416000,3.85506,3.85465,1000000,1000000
2019-12-04 14:28:02.517000,3.85527,3.85465,1000000,1000000
2019-12-04 14:28:02.949000,3.85525,3.85465,1000000,1000000
2019-12-04 14:28:04.278000,3.85525,3.85475,1000000,1000000
2019-12-04 14:28:04.432000,3.85525,3.85465,1000000,1000000
2019-12-04 14:28:04.792000,3.85525,3.85475,1000000,1000000
2019-12-04 14:28:11.969000,3.85534,3.85475,1000000,1000000
2019-12-04 14:28:12.902000,3.85534,3.85465,1000000,1000000
2019-12-04 14:28:16.017000,3.85528,3.85465,1000000,1000000
2019-12-04 14:28:17.053000,3.85528,3.85475,1000000,1000000
2019-12-04 14:28:21.604000,3.85522,3.85475,1000000,1000000
2019-12-04 14:28:22.608000,3.85524,3.85476,1000000,1000000
2019-12-04 14:28:22.729000,3.85515,3.85456,1000000,1000000
2019-12-04 14:28:23.313000,3.85515,3.85465,1000000,1000000
2019-12-04 14:28:23.806000,3.85522,3.85465,1000000,1000000
2019-12-04 14:28:26.064000,3.85522,3.85475,1000000,1000000
2019-12-04 14:28:26.209000,3.85521,3.85475,1000000,1000000
2019-12-04 14:28:26.265000,3.85521,3.85465,1000000,1000000
2019-12-04 14:28:26.376000,3.85521,3.85466,1000000,1000000
2019-12-04 14:28:26.477000,3.85521,3.85465,1000000,1000000
2019-12-04 14:28:26.527000,3.85521,3.85475,1000000,1000000
2019-12-04 14:28:26.580000,3.85521,3.85466,1000000,1000000
2019-12-04 14:28:26.630000,3.85521,3.85476,1000000,1000000
2019-12-04 14:28:26.731000,3.85545,3.85475,1000000,1000000
2019-12-04 14:28:27.238000,3.85555,3.85475,1000000,1000000
2019-12-04 14:28:27.289000,3.85545,3.85475,1000000,1000000
2019-12-04 14:28:28.051000,3.85521,3.85466,1000000,1000000
2019-12-04 14:28:28.152000,3.8553,3.85486,1000000,1000000
2019-12-04 14:28:28.252000,3.85543,3.85496,1000000,1000000
2019-12-04 14:28:28.303000,3.85543,3.85506,1000000,1000000
2019-12-04 14:28:28.353000,3.85551,3.85496,1000000,1000000
2019-12-04 14:28:28.466000,3.85551,3.85485,1000000,1000000
2019-12-04 14:28:28.623000,3.8555,3.85485,1000000,1000000
2019-12-04 14:28:28.697000,3.8555,3.85495,1000000,1000000
2019-12-04 14:28:28.748000,3.85549,3.85485,1000000,1000000
2019-12-04 14:28:29.071000,3.85549,3.85495,1000000,1000000
2019-12-04 14:28:29.414000,3.85549,3.85496,1000000,1000000
2019-12-04 14:28:29.515000,3.85554,3.85496,1000000,1000000
2019-12-04 14:28:29.634000,3.85559,3.85496,1000000,1000000
2019-12-04 14:28:29.752000,3.85559,3.85495,1000000,1000000
2019-12-04 14:28:29.968000,3.85559,3.85506,1000000,1000000
2019-12-04 14:28:30.233000,3.8556,3.85495,1000000,1000000
2019-12-04 14:28:30.494000,3.8556,3.85506,1000000,1000000
2019-12-04 14:28:31.106000,3.8556,3.85495,1000000,1000000
2019-12-04 14:28:31.221000,3.85562,3.85495,1000000,1000000
2019-12-04 14:28:33.632000,3.85558,3.85495,1000000,1000000
2019-12-04 14:28:34.075000,3.85558,3.85496,1000000,1000000
2019-12-04 14:28:35.070000,3.85558,3.85485,1000000,1000000
2019-12-04 14:28:35.234000,3.85555,3.85485,1000000,1000000
2019-12-04 14:28:35.307000,3.85555,3.85479,1000000,1000000
2019-12-04 14:28:35.358000,3.85552,3.85475,1000000,1000000
2019-12-04 14:28:35.548000,3.85545,3.85475,1000000,1000000
2019-12-04 14:28:35.629000,3.85544,3.85468,1000000,1000000
2019-12-04 14:28:35.679000,3.85541,3.85475,1000000,1000000
2019-12-04 14:28:36.503000,3.85541,3.85486,1000000,1000000
2019-12-04 14:28:36.553000,3.85552,3.85486,1000000,1000000
2019-12-04 14:28:36.664000,3.85556,3.85486,1000000,1000000
2019-12-04 14:28:36.765000,3.85562,3.85486,1000000,1000000
2019-12-04 14:28:39.972000,3.85562,3.85496,1000000,1000000
2019-12-04 14:28:40.249000,3.85564,3.85496,1000000,1000000
2019-12-04 14:28:40.784000,3.8557,3.85496,1000000,1000000
2019-12-04 14:28:40.905000,3.85565,3.85495,1000000,1000000
2019-12-04 14:28:41.066000,3.85564,3.85486,1000000,1000000
2019-12-04 14:28:41.127000,3.85555,3.85485,1000000,1000000
2019-12-04 14:28:41.190000,3.85565,3.85485,1000000,1000000
2019-12-04 14:28:41.241000,3.85555,3.85485,1000000,1000000
2019-12-04 14:28:41.425000,3.8555,3.85485,1000000,1000000
2019-12-04 14:28:41.677000,3.85553,3.85485,1000000,1000000
2019-12-04 14:28:42.062000,3.85553,3.85495,1000000,1000000
2019-12-04 14:28:42.225000,3.85553,3.85496,1000000,1000000
2019-12-04 14:28:44.580000,3.8556,3.85496,1000000,1000000
2019-12-04 14:28:44.631000,3.8556,3.85506,1000000,1000000
2019-12-04 14:28:44.681000,3.85563,3.85506,1000000,1000000
2019-12-04 14:28:45.329000,3.85563,3.85495,1000000,1000000
2019-12-04 14:28:45.961000,3.85569,3.85495,1000000,1000000
2019-12-04 14:28:46.137000,3.85569,3.85505,1000000,1000000
2019-12-04 14:28:46.238000,3.85572,3.85505,1000000,1000000
2019-12-04 14:28:46.302000,3.85578,3.85505,1000000,1000000
2019-12-04 14:28:46.375000,3.85578,3.85515,1000000,1000000
2019-12-04 14:28:46.828000,3.85578,3.85505,1000000,1000000
2019-12-04 14:28:46.945000,3.85578,3.85516,1000000,1000000
2019-12-04 14:28:47.264000,3.85581,3.85516,1000000,1000000
2019-12-04 14:28:48.384000,3.85581,3.85515,1000000,1000000
2019-12-04 14:28:48.467000,3.85584,3.85515,1000000,1000000
2019-12-04 14:28:49.169000,3.85582,3.85515,1000000,1000000
2019-12-04 14:28:49.794000,3.85582,3.85516,1000000,1000000
2019-12-04 14:28:51.173000,3.85587,3.85516,1000000,1000000
2019-12-04 14:28:51.223000,3.85585,3.85515,1000000,1000000
2019-12-04 14:28:56.064000,3.85575,3.85505,1000000,1000000
2019-12-04 14:28:56.165000,3.85573,3.85496,1000000,1000000
2019-12-04 14:28:56.215000,3.85557,3.85495,1000000,1000000
2019-12-04 14:28:56.354000,3.85557,3.85505,1000000,1000000
2019-12-04 14:28:56.405000,3.85559,3.85496,1000000,1000000
2019-12-04 14:28:56.578000,3.85559,3.85515,1000000,1000000
2019-12-04 14:28:56.629000,3.85565,3.85515,1000000,1000000
2019-12-04 14:28:56.680000,3.85565,3.85505,1000000,1000000
2019-12-04 14:28:56.906000,3.85569,3.85505,1000000,1000000
2019-12-04 14:28:57.318000,3.85569,3.85515,1000000,1000000
2019-12-04 14:28:57.369000,3.85569,3.85505,1000000,1000000
2019-12-04 14:28:57.488000,3.85572,3.85515,1000000,1000000
2019-12-04 14:28:57.539000,3.85572,3.85505,1000000,1000000
2019-12-04 14:28:59.012000,3.85564,3.85505,1000000,1000000
2019-12-04 14:28:59.063000,3.85564,3.85495,1000000,1000000
2019-12-04 14:28:59.554000,3.85564,3.85506,1000000,1000000
2019-12-04 14:28:59.675000,3.85564,3.85495,1000000,1000000
2019-12-04 14:29:01.152000,3.85564,3.85505,1000000,1000000
2019-12-04 14:29:01.421000,3.85562,3.85505,1000000,1000000
2019-12-04 14:29:01.638000,3.85562,3.85506,1000000,1000000
2019-12-04 14:29:01.739000,3.85572,3.85506,1000000,1000000
2019-12-04 14:29:02.728000,3.85571,3.85506,1000000,1000000
2019-12-04 14:29:02.827000,3.85571,3.85515,1000000,1000000
2019-12-04 14:29:03.210000,3.85569,3.85515,1000000,1000000
2019-12-04 14:29:03.732000,3.85575,3.85515,1000000,1000000
2019-12-04 14:29:05.202000,3.85575,3.85505,1000000,1000000
2019-12-04 14:29:06.253000,3.85565,3.85495,1000000,1000000
2019-12-04 14:29:06.354000,3.8556,3.85495,1000000,1000000
2019-12-04 14:29:07.016000,3.85558,3.85495,1000000,1000000
2019-12-04 14:29:07.192000,3.85558,3.85496,1000000,1000000
2019-12-04 14:29:07.640000,3.8556,3.85496,1000000,1000000
2019-12-04 14:29:08.117000,3.85562,3.85496,1000000,1000000
2019-12-04 14:29:09.221000,3.85561,3.85496,1000000,1000000
2019-12-04 14:29:11.553000,3.85561,3.85495,1000000,1000000
2019-12-04 14:29:16.175000,3.85561,3.85485,1000000,1000000
2019-12-04 14:29:16.236000,3.85551,3.85485,1000000,1000000
2019-12-04 14:29:21.052000,3.85551,3.85495,1000000,1000000
2019-12-04 14:29:21.103000,3.85551,3.85485,1000000,1000000
2019-12-04 14:29:21.153000,3.85541,3.85476,1000000,1000000
2019-12-04 14:29:21.254000,3.8554,3.85476,1000000,1000000
2019-12-04 14:29:21.517000,3.8554,3.85486,1000000,1000000
2019-12-04 14:29:21.648000,3.85542,3.85495,1000000,1000000
2019-12-04 14:29:22.600000,3.85542,3.85485,1000000,1000000
2019-12-04 14:29:23.069000,3.85542,3.85496,1000000,1000000
2019-12-04 14:29:23.170000,3.85547,3.85486,1000000,1000000
2019-12-04 14:29:23.593000,3.85548,3.85486,1000000,1000000
2019-12-04 14:29:23.888000,3.85548,3.85485,1000000,1000000
2019-12-04 14:29:26.130000,3.85548,3.85495,1000000,1000000
2019-12-04 14:29:26.258000,3.8556,3.85505,1000000,1000000
2019-12-04 14:29:27.102000,3.8556,3.85495,1000000,1000000
2019-12-04 14:29:30.753000,3.8556,3.85486,1000000,1000000
2019-12-04 14:29:30.948000,3.85555,3.85485,1000000,1000000
2019-12-04 14:29:30.999000,3.85554,3.85476,1000000,1000000
2019-12-04 14:29:31.080000,3.85543,3.85476,1000000,1000000
2019-12-04 14:29:31.923000,3.85543,3.85485,1000000,1000000
2019-12-04 14:29:32.899000,3.85546,3.85485,1000000,1000000
2019-12-04 14:29:35.293000,3.85549,3.85485,1000000,1000000
2019-12-04 14:29:35.495000,3.85549,3.85475,1000000,1000000
2019-12-04 14:29:35.596000,3.85534,3.85471,1000000,1000000
2019-12-04 14:29:35.697000,3.85535,3.85471,1000000,1000000
2019-12-04 14:29:35.747000,3.85544,3.85476,1000000,1000000
2019-12-04 14:29:37.398000,3.85532,3.85476,1000000,1000000
2019-12-04 14:29:37.449000,3.85532,3.85465,1000000,1000000
2019-12-04 14:29:37.549000,3.85521,3.85465,1000000,1000000
2019-12-04 14:29:37.601000,3.85526,3.85465,1000000,1000000
2019-12-04 14:29:38.382000,3.85526,3.85466,1000000,1000000
2019-12-04 14:29:40.807000,3.85524,3.85466,1000000,1000000
2019-12-04 14:29:41.776000,3.85524,3.85475,1000000,1000000
2019-12-04 14:29:43.185000,3.85524,3.85476,1000000,1000000
2019-12-04 14:29:50.450000,3.85531,3.85476,1000000,1000000
2019-12-04 14:29:50.560000,3.85536,3.85476,1000000,1000000
2019-12-04 14:29:51.618000,3.85534,3.85466,1000000,1000000
2019-12-04 14:29:54.168000,3.85535,3.85455,1000000,1000000
2019-12-04 14:29:54.218000,3.85525,3.85455,1000000,1000000
2019-12-04 14:29:59.651000,3.85515,3.85446,1000000,1000000
2019-12-04 14:29:59.768000,3.85523,3.85456,1000000,1000000
2019-12-04 14:29:59.934000,3.85523,3.85445,1000000,1000000
2019-12-04 14:29:59.984000,3.85523,3.85465,1000000,1000000
2019-12-04 14:30:00.035000,3.85523,3.85455,1000000,1000000
2019-12-04 14:30:00.157000,3.85523,3.85446,1000000,1000000
2019-12-04 14:30:00.207000,3.85523,3.85455,1000000,1000000
2019-12-04 14:30:00.427000,3.85523,3.85445,1000000,1000000
2019-12-04 14:30:00.478000,3.85523,3.85455,1000000,1000000
2019-12-04 14:30:01.260000,3.85523,3.85446,1000000,1000000
2019-12-04 14:30:01.344000,3.85523,3.85455,1000000,1000000
2019-12-04 14:30:05.597000,3.85523,3.85465,1000000,1000000
2019-12-04 14:30:05.862000,3.85535,3.85465,1000000,1000000
2019-12-04 14:30:06.573000,3.85532,3.85465,1000000,1000000
2019-12-04 14:30:06.674000,3.85533,3.85465,1000000,1000000
2019-12-04 14:30:07.482000,3.85533,3.85476,1000000,1000000
2019-12-04 14:30:07.553000,3.85533,3.85465,1000000,1000000
2019-12-04 14:30:08.190000,3.85538,3.85475,1000000,1000000
2019-12-04 14:30:10.636000,3.85538,3.85485,1000000,1000000
2019-12-04 14:30:10.711000,3.85547,3.85485,1000000,1000000
2019-12-04 14:30:11.533000,3.85545,3.85475,1000000,1000000
2019-12-04 14:30:11.681000,3.85547,3.85475,1000000,1000000
2019-12-04 14:30:11.781000,3.85552,3.85475,1000000,1000000
2019-12-04 14:30:11.951000,3.85549,3.85475,1000000,1000000
2019-12-04 14:30:12.067000,3.85551,3.85485,1000000,1000000
2019-12-04 14:30:12.211000,3.85551,3.85496,1000000,1000000
2019-12-04 14:30:12.381000,3.85551,3.85495,1000000,1000000
2019-12-04 14:30:12.695000,3.85551,3.85496,1000000,1000000
2019-12-04 14:30:12.796000,3.85565,3.85495,1000000,1000000
2019-12-04 14:30:12.846000,3.85575,3.85505,1000000,1000000
2019-12-04 14:30:12.896000,3.85574,3.85496,1000000,1000000
2019-12-04 14:30:12.947000,3.85565,3.85495,1000000,1000000
2019-12-04 14:30:13.050000,3.85575,3.85505,1000000,1000000
2019-12-04 14:30:15.305000,3.85565,3.85495,1000000,1000000
2019-12-04 14:30:16.114000,3.85563,3.85495,1000000,1000000
2019-12-04 14:30:16.164000,3.85555,3.85485,1000000,1000000
2019-12-04 14:30:16.214000,3.85563,3.85496,1000000,1000000
2019-12-04 14:30:16.265000,3.85563,3.85486,1000000,1000000
2019-12-04 14:30:16.315000,3.85558,3.85496,1000000,1000000
2019-12-04 14:30:16.417000,3.85558,3.85495,1000000,1000000
2019-12-04 14:30:16.517000,3.85557,3.85485,1000000,1000000
2019-12-04 14:30:16.589000,3.85557,3.85505,1000000,1000000
2019-12-04 14:30:16.639000,3.85563,3.85505,1000000,1000000
2019-12-04 14:30:16.690000,3.85563,3.85495,1000000,1000000
2019-12-04 14:30:16.740000,3.85563,3.85505,1000000,1000000
2019-12-04 14:30:16.841000,3.85563,3.85495,1000000,1000000
2019-12-04 14:30:18.974000,3.85563,3.85496,1000000,1000000
2019-12-04 14:30:19.089000,3.85563,3.85495,1000000,1000000
2019-12-04 14:30:19.188000,3.85563,3.85505,1000000,1000000
2019-12-04 14:30:19.513000,3.85563,3.85495,1000000,1000000
2019-12-04 14:30:19.675000,3.85555,3.85485,1000000,1000000
2019-12-04 14:30:19.727000,3.85555,3.85478,1000000,1000000
2019-12-04 14:30:19.853000,3.85554,3.85486,1000000,1000000
2019-12-04 14:30:20.126000,3.85564,3.85496,1000000,1000000
2019-12-04 14:30:20.229000,3.85564,3.85486,1000000,1000000
2019-12-04 14:30:20.326000,3.85565,3.85495,1000000,1000000
2019-12-04 14:30:20.445000,3.85565,3.85485,1000000,1000000
2019-12-04 14:30:20.543000,3.85565,3.85495,1000000,1000000
2019-12-04 14:30:21.014000,3.85575,3.85495,1000000,1000000
2019-12-04 14:30:24.133000,3.85566,3.85495,1000000,1000000
2019-12-04 14:30:24.543000,3.85565,3.85495,1000000,1000000
2019-12-04 14:30:26.178000,3.85575,3.85495,1000000,1000000
2019-12-04 14:30:26.228000,3.85584,3.85506,1000000,1000000
2019-12-04 14:30:26.301000,3.85595,3.85515,1000000,1000000
2019-12-04 14:30:26.401000,3.85585,3.85505,1000000,1000000
2019-12-04 14:30:28.441000,3.85584,3.85516,1000000,1000000
2019-12-04 14:30:31.071000,3.85588,3.85515,1000000,1000000
2019-12-04 14:30:31.495000,3.85595,3.85515,1000000,1000000
2019-12-04 14:30:33.801000,3.85584,3.85516,1000000,1000000
2019-12-04 14:30:34.079000,3.85585,3.85505,1000000,1000000
2019-12-04 14:30:36.596000,3.85595,3.85515,1000000,1000000
2019-12-04 14:30:37.460000,3.85584,3.85506,1000000,1000000
2019-12-04 14:30:41.062000,3.85575,3.85505,1000000,1000000
2019-12-04 14:30:41.113000,3.85575,3.85495,1000000,1000000
2019-12-04 14:30:41.163000,3.85564,3.85496,1000000,1000000
2019-12-04 14:30:41.290000,3.85565,3.85495,1000000,1000000
2019-12-04 14:30:41.391000,3.85564,3.85495,1000000,1000000
2019-12-04 14:30:45.444000,3.85564,3.85485,1000000,1000000
2019-12-04 14:30:45.651000,3.85557,3.85485,1000000,1000000
2019-12-04 14:30:45.817000,3.85554,3.85486,1000000,1000000
2019-12-04 14:30:45.867000,3.85555,3.85475,1000000,1000000
2019-12-04 14:30:45.918000,3.85545,3.85475,1000000,1000000
2019-12-04 14:30:46.553000,3.85555,3.85475,1000000,1000000
2019-12-04 14:30:46.969000,3.85555,3.85485,1000000,1000000
2019-12-04 14:30:47.070000,3.85552,3.85485,1000000,1000000
2019-12-04 14:30:47.120000,3.85555,3.85485,1000000,1000000
2019-12-04 14:30:47.364000,3.85555,3.85495,1000000,1000000
2019-12-04 14:30:47.415000,3.85559,3.85495,1000000,1000000
2019-12-04 14:30:49.222000,3.85559,3.85496,1000000,1000000
2019-12-04 14:30:49.275000,3.85559,3.85486,1000000,1000000
2019-12-04 14:30:49.325000,3.85555,3.85485,1000000,1000000
2019-12-04 14:30:51.239000,3.85543,3.85485,1000000,1000000
2019-12-04 14:30:51.495000,3.85543,3.85486,1000000,1000000
2019-12-04 14:30:51.561000,3.85547,3.85486,1000000,1000000
2019-12-04 14:30:56.851000,3.85551,3.85486,1000000,1000000
2019-12-04 14:30:57.069000,3.85551,3.85495,1000000,1000000
2019-12-04 14:30:57.170000,3.85558,3.85495,1000000,1000000
2019-12-04 14:30:57.274000,3.85558,3.85505,1000000,1000000
2019-12-04 14:30:57.625000,3.85575,3.85505,1000000,1000000
2019-12-04 14:30:57.951000,3.85562,3.85505,1000000,1000000
2019-12-04 14:30:59.716000,3.85562,3.85496,1000000,1000000
2019-12-04 14:31:00.761000,3.85562,3.85505,1000000,1000000
2019-12-04 14:31:00.965000,3.85575,3.85516,1000000,1000000
2019-12-04 14:31:01.118000,3.85578,3.85516,1000000,1000000
2019-12-04 14:31:01.637000,3.85578,3.85525,1000000,1000000
2019-12-04 14:31:01.758000,3.85589,3.85525,1000000,1000000
2019-12-04 14:31:01.847000,3.85589,3.85516,1000000,1000000
2019-12-04 14:31:02.306000,3.85589,3.85525,1000000,1000000
2019-12-04 14:31:05.843000,3.85589,3.85515,1000000,1000000
2019-12-04 14:31:05.960000,3.85587,3.8551,1000000,1000000
2019-12-04 14:31:06.012000,3.85587,3.85515,1000000,1000000
2019-12-04 14:31:06.168000,3.85578,3.85515,1000000,1000000
2019-12-04 14:31:06.219000,3.85585,3.85515,1000000,1000000
2019-12-04 14:31:06.653000,3.85585,3.85505,1000000,1500000
2019-12-04 14:31:06.707000,3.85581,3.85505,1000000,1000000
2019-12-04 14:31:06.851000,3.85581,3.85515,1000000,1000000
2019-12-04 14:31:07.221000,3.85581,3.85506,1000000,1000000
2019-12-04 14:31:08.226000,3.85581,3.85516,1000000,1000000
2019-12-04 14:31:08.276000,3.85581,3.85505,1000000,1000000
2019-12-04 14:31:09.098000,3.85581,3.85515,1000000,1000000
2019-12-04 14:31:09.329000,3.85581,3.85535,1000000,1000000
2019-12-04 14:31:09.712000,3.85615,3.85535,1000000,1000000
2019-12-04 14:31:09.777000,3.85614,3.85516,1000000,1000000
2019-12-04 14:31:09.828000,3.85595,3.85515,1000000,1000000
2019-12-04 14:31:10.410000,3.85604,3.85516,1000000,1000000
2019-12-04 14:31:10.794000,3.85604,3.85526,1000000,1000000
2019-12-04 14:31:11.150000,3.85608,3.85525,1000000,1000000
2019-12-04 14:31:12.037000,3.85608,3.85526,1000000,1000000
2019-12-04 14:31:12.337000,3.85603,3.85526,1000000,1000000
2019-12-04 14:31:16.431000,3.856,3.85526,1000000,1000000
2019-12-04 14:31:16.698000,3.856,3.85525,1000000,1000000
2019-12-04 14:31:18.082000,3.856,3.85535,1000000,1000000
2019-12-04 14:31:21.062000,3.85595,3.85525,1000000,1000000
2019-12-04 14:31:21.113000,3.85595,3.85521,1000000,1000000
2019-12-04 14:31:21.163000,3.85585,3.85521,1000000,1000000
2019-12-04 14:31:21.337000,3.85566,3.85505,1000000,1000000
2019-12-04 14:31:21.388000,3.85569,3.85505,1000000,1000000
2019-12-04 14:31:21.452000,3.85571,3.85505,1000000,1000000
2019-12-04 14:31:21.601000,3.85571,3.85515,1000000,1000000
2019-12-04 14:31:22.056000,3.85579,3.85515,1000000,1000000
2019-12-04 14:31:22.179000,3.85579,3.85525,1000000,1000000
2019-12-04 14:31:23.215000,3.85579,3.85515,1000000,1000000
2019-12-04 14:31:24.344000,3.85579,3.85526,1000000,1000000
2019-12-04 14:31:25.554000,3.85579,3.85515,1000000,1000000
2019-12-04 14:31:28.294000,3.85579,3.85525,1000000,1000000
2019-12-04 14:31:29.584000,3.85579,3.85515,1000000,1000000
2019-12-04 14:31:29.759000,3.85579,3.85505,1000000,1000000
2019-12-04 14:31:29.809000,3.85572,3.85505,1000000,1000000
2019-12-04 14:31:30.075000,3.85562,3.85505,1000000,1000000
2019-12-04 14:31:33.554000,3.85562,3.85506,1000000,1000000
2019-12-04 14:31:33.978000,3.85562,3.85496,1000000,1000000
2019-12-04 14:31:37.508000,3.85559,3.85496,1000000,1000000
2019-12-04 14:31:38.123000,3.85559,3.85495,1000000,1000000
2019-12-04 14:31:41.487000,3.85559,3.85496,1000000,1000000
2019-12-04 14:31:43.058000,3.85559,3.85495,1000000,1000000
2019-12-04 14:31:44.069000,3.85555,3.85495,1000000,1000000
2019-12-04 14:31:45.728000,3.85559,3.85495,1000000,1000000
2019-12-04 14:31:45.964000,3.85559,3.85506,1000000,1000000
2019-12-04 14:31:46.065000,3.85568,3.85505,1000000,1000000
2019-12-04 14:31:49.444000,3.85568,3.85495,1000000,1000000
2019-12-04 14:31:51.340000,3.85568,3.85505,1000000,1000000
2019-12-04 14:31:51.391000,3.85564,3.85496,1000000,1000000
2019-12-04 14:31:51.445000,3.85559,3.85496,1000000,1000000
2019-12-04 14:31:51.545000,3.85552,3.85485,1000000,1000000
2019-12-04 14:31:51.617000,3.85552,3.85496,1000000,1000000
2019-12-04 14:31:51.730000,3.85552,3.85505,1000000,1000000
2019-12-04 14:31:51.927000,3.85559,3.85505,1000000,1000000
2019-12-04 14:31:52.073000,3.85559,3.85496,1000000,1000000
2019-12-04 14:31:52.727000,3.85559,3.85485,1000000,1000000
2019-12-04 14:31:52.962000,3.85555,3.85485,1000000,1000000
2019-12-04 14:31:53.082000,3.85549,3.85495,1000000,1000000
2019-12-04 14:31:53.132000,3.85549,3.85485,1000000,1000000
2019-12-04 14:31:53.183000,3.85552,3.85495,1000000,1000000
2019-12-04 14:31:53.266000,3.85552,3.85486,1000000,1000000
2019-12-04 14:31:53.316000,3.85552,3.85495,1000000,1000000
2019-12-04 14:31:53.533000,3.85553,3.85495,1000000,1000000
2019-12-04 14:31:53.637000,3.8556,3.85495,1000000,1000000
2019-12-04 14:31:53.850000,3.8556,3.85485,1000000,1000000
2019-12-04 14:31:53.900000,3.85555,3.85485,1000000,1000000
2019-12-04 14:31:54.077000,3.8555,3.85485,1000000,1000000
2019-12-04 14:31:54.197000,3.8555,3.85496,1000000,1000000
2019-12-04 14:31:54.376000,3.8555,3.85505,1000000,1000000
2019-12-04 14:31:54.434000,3.85558,3.85505,1000000,1000000
2019-12-04 14:31:54.636000,3.85559,3.85505,1000000,1000000
2019-12-04 14:31:59.172000,3.85556,3.85505,1000000,1000000
2019-12-04 14:31:59.733000,3.85556,3.85506,1000000,1000000
2019-12-04 14:32:00.417000,3.85559,3.85506,1000000,1000000
2019-12-04 14:32:02.235000,3.85559,3.85516,1000000,1000000
2019-12-04 14:32:03.267000,3.85559,3.85506,1000000,1000000
2019-12-04 14:32:03.369000,3.85559,3.85515,1000000,1000000
2019-12-04 14:32:03.826000,3.85559,3.85505,1000000,1000000
2019-12-04 14:32:06.470000,3.85559,3.85506,1000000,1000000
2019-12-04 14:32:06.671000,3.85574,3.85506,1000000,1000000
2019-12-04 14:32:12.626000,3.85559,3.85506,1000000,1000000
2019-12-04 14:32:18.784000,3.85559,3.85495,1000000,1000000
2019-12-04 14:32:18.885000,3.85558,3.85495,1000000,1000000
2019-12-04 14:32:18.980000,3.85549,3.85495,1000000,1000000
2019-12-04 14:32:19.145000,3.85556,3.85495,1000000,1000000
2019-12-04 14:32:19.196000,3.85556,3.85506,1000000,1000000
2019-12-04 14:32:19.296000,3.85561,3.85505,1000000,1000000
2019-12-04 14:32:19.397000,3.85561,3.85495,1000000,1000000
2019-12-04 14:32:19.763000,3.85555,3.85485,1000000,1000000
2019-12-04 14:32:19.813000,3.85561,3.85495,1000000,1000000
2019-12-04 14:32:19.914000,3.85539,3.85495,1000000,1000000
2019-12-04 14:32:19.965000,3.85548,3.85495,1000000,1000000
2019-12-04 14:32:21.146000,3.85558,3.85495,1000000,1000000
2019-12-04 14:32:34.205000,3.85558,3.85485,1000000,1000000
2019-12-04 14:32:34.423000,3.85557,3.85485,1000000,1000000
2019-12-04 14:32:35.744000,3.85565,3.85485,1000000,1000000
2019-12-04 14:32:35.794000,3.85555,3.85475,1000000,1000000
2019-12-04 14:32:36.064000,3.85545,3.85465,1000000,1000000
2019-12-04 14:32:36.194000,3.85534,3.85465,1000000,1000000
2019-12-04 14:32:36.296000,3.85525,3.85465,1000000,1000000
2019-12-04 14:32:36.828000,3.85525,3.85475,1000000,1000000
2019-12-04 14:32:36.929000,3.85534,3.85475,1000000,1000000
2019-12-04 14:32:38.302000,3.85534,3.85486,1000000,1000000
2019-12-04 14:32:38.353000,3.85538,3.85486,1000000,1000000
2019-12-04 14:32:38.580000,3.85538,3.85495,1000000,1000000
2019-12-04 14:32:38.680000,3.85556,3.85495,1000000,1000000
2019-12-04 14:32:41.168000,3.85556,3.85506,1000000,1000000
2019-12-04 14:32:41.218000,3.85566,3.85506,1000000,1000000
2019-12-04 14:32:41.273000,3.85566,3.85495,1000000,1000000
2019-12-04 14:32:41.324000,3.85564,3.85496,1000000,1000000
2019-12-04 14:32:41.462000,3.85552,3.85486,1000000,1000000
2019-12-04 14:32:41.757000,3.85551,3.85495,1000000,1000000
2019-12-04 14:32:41.858000,3.8556,3.85505,1000000,1000000
2019-12-04 14:32:42.074000,3.8556,3.85495,1000000,1000000
2019-12-04 14:32:42.197000,3.85555,3.85485,1000000,1000000
2019-12-04 14:32:42.248000,3.8555,3.85485,1000000,1000000
2019-12-04 14:32:42.313000,3.85552,3.85485,1000000,1000000
2019-12-04 14:32:42.363000,3.85552,3.85495,1000000,1000000
2019-12-04 14:32:42.664000,3.85551,3.85495,1000000,1000000
2019-12-04 14:32:42.902000,3.85558,3.85505,1000000,1000000
2019-12-04 14:32:43.038000,3.85585,3.85505,1000000,1000000
2019-12-04 14:32:43.177000,3.85568,3.85505,1000000,1000000
2019-12-04 14:32:46.121000,3.85571,3.85505,1000000,1000000
2019-12-04 14:32:51.087000,3.85571,3.85496,1000000,1000000
2019-12-04 14:32:51.160000,3.85564,3.85496,1000000,1000000
2019-12-04 14:32:51.210000,3.85567,3.85495,1000000,1000000
2019-12-04 14:32:51.261000,3.85552,3.85495,1000000,1000000
2019-12-04 14:32:51.379000,3.85552,3.85496,1000000,1000000
2019-12-04 14:32:51.629000,3.8556,3.85496,1000000,1000000
2019-12-04 14:32:51.680000,3.8556,3.85506,1000000,1000000
2019-12-04 14:32:51.730000,3.85563,3.85506,1000000,1000000
2019-12-04 14:32:51.888000,3.85563,3.85505,1000000,1000000
2019-12-04 14:32:54.448000,3.85569,3.85505,1000000,1000000
2019-12-04 14:32:55.218000,3.85569,3.85516,1000000,1000000
2019-12-04 14:32:55.739000,3.85569,3.85506,1000000,1000000
2019-12-04 14:32:55.812000,3.85569,3.85495,1000000,1000000
2019-12-04 14:32:55.877000,3.85565,3.85495,1000000,1000000
2019-12-04 14:32:55.927000,3.85569,3.85495,1000000,1000000
2019-12-04 14:32:56.090000,3.85564,3.85496,1000000,1000000
2019-12-04 14:32:56.168000,3.85569,3.85495,1000000,1000000
2019-12-04 14:32:56.218000,3.85575,3.85505,1000000,1000000
2019-12-04 14:32:56.268000,3.85584,3.85506,1000000,1000000
2019-12-04 14:32:56.319000,3.85585,3.85515,1000000,1000000
2019-12-04 14:32:56.488000,3.85571,3.85495,1000000,1000000
2019-12-04 14:32:56.538000,3.85571,3.85506,1000000,1000000
2019-12-04 14:32:57.051000,3.8557,3.85515,1000000,1000000
2019-12-04 14:32:57.148000,3.85573,3.85515,1000000,1000000
2019-12-04 14:32:59.080000,3.85579,3.85515,1000000,1000000
2019-12-04 14:33:01.299000,3.85579,3.85526,1000000,1000000
2019-12-04 14:33:01.575000,3.85588,3.85526,1000000,1000000
2019-12-04 14:33:02.470000,3.85588,3.85535,1000000,1000000
2019-12-04 14:33:02.677000,3.85589,3.85535,1000000,1000000
2019-12-04 14:33:03.361000,3.85589,3.85536,1000000,1000000
2019-12-04 14:33:03.503000,3.85589,3.85535,1000000,1000000
2019-12-04 14:33:03.604000,3.85589,3.85536,1000000,1000000
2019-12-04 14:33:03.737000,3.85604,3.85536,1000000,1000000
2019-12-04 14:33:04.037000,3.85605,3.85525,1000000,1000000
2019-12-04 14:33:04.162000,3.85593,3.85525,1000000,1000000
2019-12-04 14:33:04.552000,3.85593,3.85535,1000000,1000000
2019-12-04 14:33:04.723000,3.85593,3.85525,1000000,1000000
2019-12-04 14:33:06.186000,3.85593,3.85535,1000000,1000000
2019-12-04 14:33:06.631000,3.85593,3.85526,1000000,1000000
2019-12-04 14:33:07.082000,3.85593,3.85525,1000000,1000000
2019-12-04 14:33:07.394000,3.85593,3.85526,1000000,1000000
2019-12-04 14:33:07.444000,3.85593,3.85536,1000000,1000000
2019-12-04 14:33:07.610000,3.85594,3.85535,1000000,1000000
2019-12-04 14:33:07.680000,3.85604,3.85535,1000000,1000000
2019-12-04 14:33:08.175000,3.85606,3.85535,1000000,1000000
2019-12-04 14:33:08.290000,3.85606,3.85545,1000000,1000000
2019-12-04 14:33:10.245000,3.85607,3.85545,1000000,1000000
2019-12-04 14:33:10.296000,3.85611,3.85545,1000000,1000000
2019-12-04 14:33:12.092000,3.85608,3.85545,1000000,1000000
2019-12-04 14:33:12.443000,3.85608,3.85535,1000000,1000000
2019-12-04 14:33:13.392000,3.85605,3.85535,1000000,1000000
2019-12-04 14:33:13.518000,3.85594,3.85525,1000000,1000000
2019-12-04 14:33:13.676000,3.8559,3.85516,1000000,1000000
2019-12-04 14:33:16.063000,3.85585,3.85515,1000000,1000000
2019-12-04 14:33:16.113000,3.85584,3.85506,1000000,1000000
2019-12-04 14:33:16.163000,3.85585,3.85515,1000000,1000000
2019-12-04 14:33:16.557000,3.85576,3.85525,1000000,1000000
2019-12-04 14:33:16.611000,3.85581,3.85525,1000000,1000000
2019-12-04 14:33:17.081000,3.85595,3.85525,1000000,1000000
2019-12-04 14:33:17.844000,3.85605,3.85525,1000000,1000000
2019-12-04 14:33:17.944000,3.85583,3.85525,1000000,1000000
2019-12-04 14:33:18.462000,3.85583,3.85526,1000000,1000000
2019-12-04 14:33:19.111000,3.85592,3.85536,1000000,1000000
2019-12-04 14:33:20.217000,3.85594,3.85536,1000000,1000000
2019-12-04 14:33:20.418000,3.85601,3.85536,1000000,1000000
2019-12-04 14:33:20.524000,3.85604,3.85536,1000000,1000000
2019-12-04 14:33:20.658000,3.85612,3.85535,1000000,1000000
2019-12-04 14:33:20.708000,3.85605,3.85535,1000000,1000000
2019-12-04 14:33:20.913000,3.85615,3.85535,1000000,1000000
2019-12-04 14:33:21.444000,3.85604,3.85536,1000000,1000000
2019-12-04 14:33:21.581000,3.85614,3.85536,1000000,1000000
2019-12-04 14:33:22.520000,3.85605,3.85535,1000000,1000000
2019-12-04 14:33:26.049000,3.85615,3.85545,1000000,1000000
2019-12-04 14:33:26.100000,3.85624,3.85546,1500000,1000000
2019-12-04 14:33:27.486000,3.85625,3.85555,1000000,1000000
2019-12-04 14:33:27.586000,3.85635,3.85555,1500000,1000000
2019-12-04 14:33:27.824000,3.85635,3.85565,1000000,1000000
2019-12-04 14:33:27.936000,3.85642,3.85575,1000000,1000000
2019-12-04 14:33:29.953000,3.85642,3.85576,1000000,1000000
2019-12-04 14:33:30.084000,3.85642,3.85575,1000000,1000000
2019-12-04 14:33:30.279000,3.85655,3.85575,1000000,1000000
2019-12-04 14:33:30.590000,3.85645,3.85565,1000000,1000000
2019-12-04 14:33:30.692000,3.85625,3.85555,1000000,1000000
2019-12-04 14:33:30.859000,3.85614,3.85546,1000000,1000000
2019-12-04 14:33:31.087000,3.85615,3.85542,1000000,1000000
2019-12-04 14:33:31.460000,3.85615,3.85545,1000000,1000000
2019-12-04 14:33:31.576000,3.85625,3.85545,1000000,1000000
2019-12-04 14:33:31.645000,3.85618,3.85545,1000000,1000000
2019-12-04 14:33:31.802000,3.85618,3.85556,1000000,1000000
2019-12-04 14:33:31.903000,3.85619,3.85545,1000000,1000000
2019-12-04 14:33:31.988000,3.85614,3.85546,1000000,1000000
2019-12-04 14:33:32.089000,3.85624,3.85556,1000000,1000000
2019-12-04 14:33:33.900000,3.85628,3.85556,1000000,1000000
2019-12-04 14:33:34.021000,3.85628,3.85565,1000000,1000000
2019-12-04 14:33:34.208000,3.85631,3.85565,1000000,1000000
2019-12-04 14:33:36.227000,3.85632,3.85565,1000000,1000000
2019-12-04 14:33:36.329000,3.85637,3.85566,1000000,1000000
2019-12-04 14:33:36.616000,3.85635,3.85565,1000000,1000000
2019-12-04 14:33:36.716000,3.85635,3.85555,1000000,1000000
2019-12-04 14:33:36.767000,3.8562,3.85556,1000000,1000000
2019-12-04 14:33:36.949000,3.85628,3.85556,1000000,1000000
2019-12-04 14:33:37.212000,3.85628,3.85565,1000000,1000000
2019-12-04 14:33:39.527000,3.85628,3.85575,1000000,1000000
2019-12-04 14:33:39.732000,3.85636,3.85585,1000000,1000000
2019-12-04 14:33:39.999000,3.85655,3.85585,1000000,1000000
2019-12-04 14:33:40.102000,3.85644,3.85576,1000000,1000000
2019-12-04 14:33:40.456000,3.85643,3.85576,1000000,1000000
2019-12-04 14:33:40.654000,3.85643,3.85566,1000000,1000000
2019-12-04 14:33:40.704000,3.85633,3.85575,1000000,1000000
2019-12-04 14:33:41.062000,3.85633,3.85565,1000000,1000000
2019-12-04 14:33:41.554000,3.85633,3.85566,1000000,1000000
2019-12-04 14:33:41.615000,3.85633,3.85555,1000000,1000000
2019-12-04 14:33:41.666000,3.8562,3.85555,1000000,1000000
2019-12-04 14:33:42.138000,3.8562,3.85565,1000000,1000000
2019-12-04 14:33:45.391000,3.8562,3.85576,1000000,1000000
2019-12-04 14:33:45.442000,3.8562,3.85565,1000000,1000000
2019-12-04 14:33:45.524000,3.85623,3.85565,1000000,1000000
2019-12-04 14:33:45.625000,3.8563,3.85565,1000000,1000000
2019-12-04 14:33:45.784000,3.8563,3.85566,1000000,1000000
2019-12-04 14:33:45.984000,3.85624,3.85566,1000000,1000000
2019-12-04 14:33:46.034000,3.85624,3.85555,1000000,1000000
2019-12-04 14:33:46.135000,3.85615,3.85545,1000000,1000000
2019-12-04 14:33:46.262000,3.85624,3.85545,1000000,1000000
2019-12-04 14:33:46.412000,3.85624,3.85555,1000000,1000000
2019-12-04 14:33:46.643000,3.85613,3.85555,1000000,1000000
2019-12-04 14:33:46.873000,3.85616,3.85555,1000000,1000000
2019-12-04 14:33:47.555000,3.85616,3.85556,1000000,1000000
2019-12-04 14:33:47.753000,3.85616,3.85555,1000000,1000000
2019-12-04 14:33:47.874000,3.85621,3.85565,1000000,1000000
2019-12-04 14:33:47.925000,3.85625,3.85565,1000000,1000000
2019-12-04 14:33:48.594000,3.8563,3.85565,1000000,1000000
2019-12-04 14:33:49.721000,3.8563,3.85576,1000000,1000000
2019-12-04 14:33:49.797000,3.8563,3.85565,1000000,1000000
2019-12-04 14:33:51.763000,3.8563,3.85576,1000000,1000000
2019-12-04 14:33:53.407000,3.85637,3.85576,1000000,1000000
2019-12-04 14:33:54.054000,3.85637,3.85565,1000000,1000000
2019-12-04 14:33:57.125000,3.8563,3.85565,1000000,1000000
2019-12-04 14:33:57.326000,3.85636,3.85565,1000000,1000000
2019-12-04 14:33:58.817000,3.85636,3.85566,1000000,1000000
2019-12-04 14:33:59.319000,3.85635,3.85565,1000000,1000000
2019-12-04 14:33:59.370000,3.85636,3.85575,1000000,1000000
2019-12-04 14:34:00.555000,3.85636,3.85565,1000000,1000000
2019-12-04 14:34:01.488000,3.85635,3.85565,1000000,1000000
2019-12-04 14:34:02.130000,3.85636,3.85565,1000000,1000000
2019-12-04 14:34:02.216000,3.85633,3.85555,1000000,1000000
2019-12-04 14:34:02.266000,3.85625,3.85555,1000000,1000000
2019-12-04 14:34:02.367000,3.85625,3.85545,1000000,1000000
2019-12-04 14:34:02.783000,3.85625,3.85555,1000000,1000000
2019-12-04 14:34:02.958000,3.85625,3.85545,1000000,1000000
2019-12-04 14:34:03.922000,3.85625,3.85555,1000000,1000000
2019-12-04 14:34:04.025000,3.85632,3.85555,1000000,1000000
2019-12-04 14:34:04.115000,3.85635,3.85555,1000000,1000000
2019-12-04 14:34:04.165000,3.85634,3.85566,1000000,1000000
2019-12-04 14:34:06.175000,3.85645,3.85575,1500000,1000000
2019-12-04 14:34:07.761000,3.85642,3.85575,1000000,1000000
2019-12-04 14:34:09.467000,3.85645,3.85575,1000000,1000000
2019-12-04 14:34:09.531000,3.85648,3.85575,1000000,1000000
2019-12-04 14:34:09.582000,3.85644,3.85576,1000000,1000000
2019-12-04 14:34:09.632000,3.85648,3.85575,1000000,1000000
2019-12-04 14:34:09.890000,3.85655,3.85575,1000000,1000000
2019-12-04 14:34:10.050000,3.8565,3.85575,1000000,1000000
2019-12-04 14:34:11.492000,3.8565,3.85585,1000000,1000000
2019-12-04 14:34:11.590000,3.85652,3.85585,1000000,1000000
2019-12-04 14:34:12.599000,3.85655,3.85585,1000000,1000000
2019-12-04 14:34:12.831000,3.85652,3.85585,1000000,1000000
2019-12-04 14:34:13.151000,3.85652,3.85576,1000000,1000000
2019-12-04 14:34:13.290000,3.85647,3.85576,1000000,1000000
2019-12-04 14:34:13.581000,3.85645,3.85575,1000000,1000000
2019-12-04 14:34:13.713000,3.85645,3.85565,1000000,1000000
2019-12-04 14:34:14.779000,3.85644,3.85576,1000000,1000000
2019-12-04 14:34:15.070000,3.85635,3.85565,1000000,1000000
2019-12-04 14:34:16.076000,3.85628,3.85565,1000000,1000000
2019-12-04 14:34:16.126000,3.85628,3.85555,1000000,1000000
2019-12-04 14:34:16.177000,3.85617,3.85545,1000000,1000000
2019-12-04 14:34:17.172000,3.85617,3.85555,1000000,1000000
2019-12-04 14:34:18.215000,3.85617,3.85565,1000000,1000000
2019-12-04 14:34:20.706000,3.85627,3.85565,1000000,1000000
2019-12-04 14:34:20.757000,3.85627,3.85555,1000000,1000000
2019-12-04 14:34:21.152000,3.85627,3.85566,1000000,1000000
2019-12-04 14:34:21.790000,3.85627,3.85576,1000000,1000000
2019-12-04 14:34:22.542000,3.85627,3.85566,1000000,1000000
2019-12-04 14:34:22.592000,3.85627,3.85575,1000000,1000000
2019-12-04 14:34:22.642000,3.85627,3.85566,1000000,1000000
2019-12-04 14:34:22.693000,3.85627,3.85576,1000000,1000000
2019-12-04 14:34:22.743000,3.85633,3.85576,1000000,1000000
2019-12-04 14:34:22.894000,3.85633,3.85565,1000000,1000000
2019-12-04 14:34:22.945000,3.85633,3.85576,1000000,1000000
2019-12-04 14:34:23.008000,3.85638,3.85576,1000000,1000000
2019-12-04 14:34:23.188000,3.85642,3.85575,1000000,1000000
2019-12-04 14:34:23.289000,3.85639,3.85575,1000000,1000000
2019-12-04 14:34:23.819000,3.85634,3.85575,1000000,1000000
2019-12-04 14:34:24.648000,3.85633,3.85575,1000000,1000000
2019-12-04 14:34:25.866000,3.85633,3.85566,1000000,1000000
2019-12-04 14:34:28.535000,3.85633,3.85575,1000000,1000000
2019-12-04 14:34:30.651000,3.85633,3.85566,1000000,1000000
2019-12-04 14:34:34.375000,3.85633,3.85565,1000000,1000000
2019-12-04 14:34:34.881000,3.85633,3.85566,1000000,1000000
2019-12-04 14:34:36.307000,3.85633,3.85565,1000000,1000000
2019-12-04 14:34:38.736000,3.85632,3.85565,1000000,1000000
2019-12-04 14:34:40.350000,3.85626,3.85565,1000000,1000000
2019-12-04 14:34:40.463000,3.85626,3.85575,1000000,1000000
2019-12-04 14:34:40.525000,3.85626,3.85565,1000000,1000000
2019-12-04 14:34:40.576000,3.85635,3.85565,1000000,1000000
2019-12-04 14:34:40.627000,3.85641,3.85575,1000000,1000000
2019-12-04 14:34:40.930000,3.85635,3.85565,1000000,1000000
2019-12-04 14:34:43.400000,3.85635,3.85556,1000000,1000000
2019-12-04 14:34:43.466000,3.85625,3.85556,1000000,1000000
2019-12-04 14:34:43.616000,3.85635,3.85556,1000000,1000000
2019-12-04 14:34:43.667000,3.85635,3.85565,1000000,1000000
2019-12-04 14:34:48.875000,3.85639,3.85566,1000000,1000000
2019-12-04 14:34:56.053000,3.85639,3.85575,1000000,1000000
2019-12-04 14:34:57.185000,3.85639,3.85566,1000000,1000000
2019-12-04 14:34:57.316000,3.85635,3.85555,1500000,1000000
2019-12-04 14:34:57.421000,3.85624,3.85556,1000000,1000000
2019-12-04 14:34:57.691000,3.85624,3.85546,1000000,1000000
2019-12-04 14:34:58.215000,3.85614,3.85546,1000000,1000000
2019-12-04 14:34:58.728000,3.85624,3.85546,1000000,1000000
2019-12-04 14:34:58.778000,3.85614,3.85546,1000000,1000000
2019-12-04 14:35:00.097000,3.85624,3.85546,1000000,1000000
2019-12-04 14:35:03.738000,3.85625,3.85555,1000000,1000000
2019-12-04 14:35:06.906000,3.85628,3.85555,1000000,1000000
2019-12-04 14:35:06.957000,3.85628,3.85565,1000000,1000000
2019-12-04 14:35:07.007000,3.85628,3.85556,1000000,1000000
2019-12-04 14:35:07.057000,3.85628,3.85566,1000000,1000000
2019-12-04 14:35:07.305000,3.85634,3.85566,1000000,1000000
2019-12-04 14:35:07.713000,3.85625,3.85555,1000000,1000000
2019-12-04 14:35:07.813000,3.85645,3.85555,1000000,1000000
2019-12-04 14:35:07.922000,3.85635,3.85555,1000000,1000000
2019-12-04 14:35:09.458000,3.8563,3.85556,1000000,1000000
2019-12-04 14:35:09.508000,3.8563,3.85545,1000000,1000000
2019-12-04 14:35:09.559000,3.85615,3.85535,1000000,1000000
2019-12-04 14:35:09.750000,3.8562,3.85545,1000000,1000000
2019-12-04 14:35:11.062000,3.85614,3.85546,1000000,1000000
2019-12-04 14:35:11.162000,3.85601,3.85525,1000000,1000000
2019-12-04 14:35:11.213000,3.85601,3.85535,1000000,1000000
2019-12-04 14:35:11.325000,3.85601,3.85536,1000000,1000000
2019-12-04 14:35:11.426000,3.85602,3.85546,1000000,1000000
2019-12-04 14:35:11.476000,3.8561,3.85546,1000000,1000000
2019-12-04 14:35:12.269000,3.8561,3.85556,1000000,1000000
2019-12-04 14:35:15.944000,3.8561,3.85555,1000000,1000000
2019-12-04 14:35:16.070000,3.85612,3.85555,1000000,1000000
2019-12-04 14:35:16.187000,3.85621,3.85555,1000000,1000000
2019-12-04 14:35:16.237000,3.85621,3.85566,1000000,1000000
2019-12-04 14:35:16.334000,3.85621,3.85555,1000000,1000000
2019-12-04 14:35:16.662000,3.85622,3.85565,1000000,1000000
2019-12-04 14:35:16.742000,3.85635,3.85565,1000000,1000000
2019-12-04 14:35:18.013000,3.85645,3.85565,1000000,1000000
2019-12-04 14:35:18.085000,3.85655,3.85575,1000000,1000000
2019-12-04 14:35:18.233000,3.85641,3.85585,1000000,1000000
2019-12-04 14:35:19.036000,3.85641,3.85575,1000000,1000000
2019-12-04 14:35:19.505000,3.85641,3.85585,1000000,1000000
2019-12-04 14:35:22.395000,3.85641,3.85586,1000000,1000000
2019-12-04 14:35:22.496000,3.85641,3.85585,1000000,1000000
2019-12-04 14:35:22.600000,3.85642,3.85595,1000000,1000000
2019-12-04 14:35:22.686000,3.8565,3.85595,1000000,1000000
2019-12-04 14:35:22.801000,3.85655,3.85595,1000000,1000000
2019-12-04 14:35:22.852000,3.85653,3.85595,1000000,1000000
2019-12-04 14:35:27.022000,3.85653,3.85585,1000000,1000000
2019-12-04 14:35:30.266000,3.85653,3.85595,1000000,1000000
2019-12-04 14:35:31.137000,3.85653,3.85585,1000000,1000000
2019-12-04 14:35:31.816000,3.85649,3.85585,1000000,1000000
2019-12-04 14:35:31.972000,3.85649,3.85575,1000000,1000000
2019-12-04 14:35:32.101000,3.85655,3.85575,1000000,1000000
2019-12-04 14:35:32.152000,3.85655,3.85585,1000000,1000000
2019-12-04 14:35:32.318000,3.85655,3.85575,1000000,1000000
2019-12-04 14:35:32.369000,3.85655,3.85585,1500000,1000000
2019-12-04 14:35:32.420000,3.85655,3.85575,1500000,1000000
2019-12-04 14:35:32.547000,3.85652,3.85575,1000000,1000000
2019-12-04 14:35:33.023000,3.85645,3.85575,1000000,1000000
2019-12-04 14:35:33.168000,3.85642,3.85576,1000000,1000000
2019-12-04 14:35:33.357000,3.85642,3.85565,1000000,1000000
2019-12-04 14:35:33.833000,3.85639,3.85565,1000000,1000000
2019-12-04 14:35:34.221000,3.85635,3.85565,1000000,1000000
2019-12-04 14:35:34.526000,3.85645,3.85565,1000000,1000000
2019-12-04 14:35:35.106000,3.85655,3.85565,1000000,1000000
2019-12-04 14:35:35.429000,3.85645,3.85555,1000000,1000000
2019-12-04 14:35:35.873000,3.85655,3.85565,1000000,1000000
2019-12-04 14:35:36.046000,3.85636,3.85565,1000000,1000000
2019-12-04 14:35:36.782000,3.85636,3.85566,1000000,1000000
2019-12-04 14:35:37.233000,3.85638,3.85566,1000000,1000000
2019-12-04 14:35:38.538000,3.85635,3.85566,1000000,1000000
2019-12-04 14:35:39.888000,3.85635,3.85575,1000000,1000000
2019-12-04 14:35:39.991000,3.85636,3.85575,1000000,1000000
2019-12-04 14:35:40.041000,3.85645,3.85575,1000000,1000000
2019-12-04 14:35:41.087000,3.85644,3.85566,1000000,1000000
2019-12-04 14:35:41.138000,3.85646,3.85565,1000000,1000000
2019-12-04 14:35:41.207000,3.85646,3.85575,1000000,1000000
2019-12-04 14:35:41.258000,3.85646,3.85565,1000000,1000000
2019-12-04 14:35:41.702000,3.85647,3.85565,1000000,1000000
2019-12-04 14:35:48.062000,3.8565,3.85565,1000000,1000000
2019-12-04 14:35:48.565000,3.85644,3.85565,1000000,1000000
2019-12-04 14:35:48.917000,3.85644,3.85576,1000000,1000000
2019-12-04 14:35:49.261000,3.85648,3.85576,1000000,1000000
2019-12-04 14:35:49.834000,3.85648,3.85575,1000000,1000000
2019-12-04 14:35:49.884000,3.85648,3.85585,1000000,1000000
2019-12-04 14:35:50.006000,3.85665,3.85586,1000000,1000000
2019-12-04 14:35:52.267000,3.85665,3.85596,1000000,1000000
2019-12-04 14:35:52.318000,3.85669,3.85595,1000000,1000000
2019-12-04 14:35:53.294000,3.85668,3.85595,1000000,1000000
2019-12-04 14:35:53.634000,3.85668,3.85589,1000000,1000000
2019-12-04 14:35:53.694000,3.85665,3.85586,1000000,1000000
2019-12-04 14:35:58.940000,3.85684,3.85586,1000000,1000000
2019-12-04 14:35:59.350000,3.85675,3.85585,1000000,1000000
2019-12-04 14:35:59.512000,3.85654,3.85576,1000000,1000000
2019-12-04 14:35:59.827000,3.85664,3.85576,1000000,1000000
2019-12-04 14:36:01.361000,3.85675,3.85575,1000000,1000000
2019-12-04 14:36:01.412000,3.85675,3.85585,1000000,1000000
2019-12-04 14:36:02.297000,3.85685,3.85585,1000000,1000000
2019-12-04 14:36:02.588000,3.85667,3.85585,1000000,1000000
2019-12-04 14:36:03.264000,3.85677,3.85596,1000000,1000000
2019-12-04 14:36:03.454000,3.85684,3.85596,1000000,1000000
2019-12-04 14:36:04.938000,3.8568,3.85596,1000000,1000000
2019-12-04 14:36:05.325000,3.85675,3.85605,1000000,1000000
2019-12-04 14:36:05.476000,3.85667,3.85585,1000000,1000000
2019-12-04 14:36:05.526000,3.85665,3.85595,1000000,1000000
2019-12-04 14:36:05.649000,3.85665,3.85585,1000000,1000000
2019-12-04 14:36:06.063000,3.85654,3.85578,1000000,1000000
2019-12-04 14:36:06.164000,3.85643,3.85575,1000000,1000000
2019-12-04 14:36:06.264000,3.85635,3.85565,1000000,1000000
2019-12-04 14:36:06.731000,3.85638,3.85575,1000000,1000000
2019-12-04 14:36:06.782000,3.85638,3.85565,1000000,1000000
2019-12-04 14:36:06.931000,3.85635,3.85566,1000000,1000000
2019-12-04 14:36:07.062000,3.85635,3.85575,1000000,1000000
2019-12-04 14:36:07.433000,3.8564,3.85575,1000000,1000000
2019-12-04 14:36:11.038000,3.85634,3.85575,1000000,1000000
2019-12-04 14:36:11.089000,3.85634,3.85565,1000000,1000000
2019-12-04 14:36:11.189000,3.8563,3.85565,1000000,1000000
2019-12-04 14:36:11.330000,3.85641,3.85576,1000000,1000000
2019-12-04 14:36:11.381000,3.85643,3.85576,1000000,1000000
2019-12-04 14:36:12.550000,3.85639,3.85576,1000000,1000000
2019-12-04 14:36:12.600000,3.85639,3.85565,1000000,1000000
2019-12-04 14:36:12.901000,3.85638,3.85575,1000000,1000000
2019-12-04 14:36:13.137000,3.85635,3.85566,1000000,1000000
2019-12-04 14:36:13.187000,3.85635,3.85575,1000000,1000000
2019-12-04 14:36:13.238000,3.85639,3.85575,1000000,1000000
2019-12-04 14:36:14.252000,3.85639,3.85566,1000000,1000000
2019-12-04 14:36:15.762000,3.85639,3.85575,1000000,1000000
2019-12-04 14:36:16.063000,3.85642,3.85575,1000000,1000000
2019-12-04 14:36:18.541000,3.85642,3.85585,1000000,1000000
2019-12-04 14:36:24.391000,3.85642,3.85576,1000000,1000000
2019-12-04 14:36:27.214000,3.85642,3.85585,1000000,1000000
2019-12-04 14:36:28.217000,3.85642,3.85576,1000000,1000000
2019-12-04 14:36:28.547000,3.85642,3.85586,1000000,1000000
2019-12-04 14:36:29.676000,3.85642,3.85585,1000000,1000000
2019-12-04 14:36:29.777000,3.85657,3.85596,1000000,1000000
2019-12-04 14:36:29.916000,3.85661,3.85595,1000000,1000000
2019-12-04 14:36:30.024000,3.85665,3.85595,1000000,1000000
2019-12-04 14:36:32.370000,3.85667,3.85585,1000000,1000000
2019-12-04 14:36:32.424000,3.85665,3.85585,1000000,1000000
2019-12-04 14:36:32.526000,3.85653,3.85575,1000000,1000000
2019-12-04 14:36:33.733000,3.85655,3.85575,1000000,1000000
2019-12-04 14:36:33.802000,3.85685,3.85585,1000000,1000000
2019-12-04 14:36:34.542000,3.85675,3.85585,1000000,1000000
2019-12-04 14:36:34.718000,3.85684,3.85586,1000000,1000000
2019-12-04 14:36:34.774000,3.85675,3.85585,1000000,1000000
2019-12-04 14:36:35.550000,3.85685,3.85585,1000000,1000000
2019-12-04 14:36:35.601000,3.85695,3.85595,1500000,1000000
2019-12-04 14:36:35.651000,3.85695,3.85595,1490000,1000000
2019-12-04 14:36:35.701000,3.85684,3.85596,1000000,1000000
2019-12-04 14:36:35.942000,3.85695,3.85595,1490000,1000000
2019-12-04 14:36:36.062000,3.85665,3.85595,1000000,1000000
2019-12-04 14:36:36.113000,3.85664,3.85586,1000000,1000000
2019-12-04 14:36:36.163000,3.85654,3.85586,1000000,1000000
2019-12-04 14:36:36.264000,3.85655,3.85585,1000000,1000000
2019-12-04 14:36:36.314000,3.85665,3.85585,1000000,1000000
2019-12-04 14:36:37.148000,3.85655,3.85585,1000000,1000000
2019-12-04 14:36:37.239000,3.85655,3.85575,1000000,1000000
2019-12-04 14:36:37.430000,3.85655,3.85585,1000000,1000000
2019-12-04 14:36:37.480000,3.85654,3.85576,1000000,1000000
2019-12-04 14:36:37.739000,3.85664,3.85586,1000000,1000000
2019-12-04 14:36:38.843000,3.85654,3.85586,1000000,1000000
2019-12-04 14:36:39.438000,3.85654,3.85576,1000000,1000000
2019-12-04 14:36:40.328000,3.85644,3.85576,1000000,1000000
2019-12-04 14:36:40.378000,3.85645,3.85565,1000000,1000000
2019-12-04 14:36:40.428000,3.85634,3.85566,1000000,1000000
2019-12-04 14:36:40.529000,3.85654,3.85576,1000000,1000000
2019-12-04 14:36:40.579000,3.85644,3.85576,1000000,1000000
2019-12-04 14:36:40.860000,3.85654,3.85576,1000000,1000000
2019-12-04 14:36:40.919000,3.85645,3.85575,1000000,1000000
2019-12-04 14:36:41.188000,3.85654,3.85576,1000000,1000000
2019-12-04 14:36:42.440000,3.85645,3.85575,1000000,1000000
2019-12-04 14:36:42.800000,3.85644,3.85566,1000000,1000000
2019-12-04 14:36:44.525000,3.85645,3.85575,1000000,1000000
2019-12-04 14:36:44.575000,3.85645,3.85565,1000000,1000000
2019-12-04 14:36:44.633000,3.85629,3.85565,1000000,1000000
2019-12-04 14:36:45.673000,3.85629,3.85566,1000000,1000000
2019-12-04 14:36:45.975000,3.85629,3.85575,1000000,1000000
2019-12-04 14:36:46.113000,3.85629,3.85585,1000000,1000000
2019-12-04 14:36:46.309000,3.85643,3.85595,1000000,1000000
2019-12-04 14:36:46.507000,3.85643,3.85605,1000000,1000000
2019-12-04 14:36:46.608000,3.85656,3.85605,1000000,1000000
2019-12-04 14:36:46.751000,3.85664,3.85605,1000000,1000000
2019-12-04 14:36:48.508000,3.85656,3.85605,1000000,1000000
2019-12-04 14:36:49.365000,3.85656,3.85596,1000000,1000000
2019-12-04 14:36:50.476000,3.85659,3.85596,1000000,1000000
2019-12-04 14:36:50.529000,3.85659,3.85606,1000000,1000000
2019-12-04 14:36:50.949000,3.85659,3.85605,1000000,1000000
2019-12-04 14:36:51.301000,3.85659,3.85615,1000000,1000000
2019-12-04 14:36:51.451000,3.85659,3.85616,1000000,1000000
2019-12-04 14:36:51.599000,3.85705,3.85625,1500000,1000000
2019-12-04 14:36:51.765000,3.85685,3.85615,1000000,1000000
2019-12-04 14:36:51.956000,3.85684,3.85606,1000000,1000000
2019-12-04 14:36:52.006000,3.85674,3.85606,1000000,1000000
2019-12-04 14:36:52.301000,3.85675,3.85605,1000000,1000000
2019-12-04 14:36:52.557000,3.85675,3.85595,1000000,1000000
2019-12-04 14:36:53.214000,3.85665,3.85595,1000000,1000000
2019-12-04 14:36:53.265000,3.85665,3.85585,1000000,1000000
2019-12-04 14:36:53.573000,3.85685,3.85595,1000000,1000000
2019-12-04 14:36:53.896000,3.85685,3.85605,1000000,1000000
2019-12-04 14:36:53.998000,3.85695,3.85605,1000000,1000000
2019-12-04 14:36:54.693000,3.85684,3.85606,1000000,1000000
2019-12-04 14:36:54.743000,3.85685,3.85595,1000000,1000000
2019-12-04 14:36:55.155000,3.85685,3.85605,1000000,1000000
2019-12-04 14:36:55.469000,3.85664,3.85605,1000000,1000000
2019-12-04 14:36:55.519000,3.85664,3.85596,1000000,1000000
2019-12-04 14:36:55.612000,3.85662,3.85596,1000000,1000000
2019-12-04 14:36:55.729000,3.85662,3.85605,1000000,1000000
2019-12-04 14:36:55.944000,3.85665,3.85605,1000000,1000000
2019-12-04 14:36:56.330000,3.85665,3.85616,1000000,1000000
2019-12-04 14:36:56.430000,3.85669,3.85615,1000000,1000000
2019-12-04 14:36:56.619000,3.85669,3.85605,1000000,1000000
2019-12-04 14:36:56.918000,3.85669,3.85615,1000000,1000000
2019-12-04 14:36:57.721000,3.85669,3.85605,1000000,1000000
2019-12-04 14:37:00.459000,3.85669,3.85615,1000000,1000000
2019-12-04 14:37:00.685000,3.85704,3.85616,1500000,1000000
2019-12-04 14:37:00.863000,3.85685,3.85605,1000000,1000000
2019-12-04 14:37:00.913000,3.85705,3.85615,1500000,1000000
2019-12-04 14:37:00.977000,3.85705,3.85615,1000000,1000000
2019-12-04 14:37:01.041000,3.85675,3.85615,1000000,1000000
2019-12-04 14:37:01.092000,3.85675,3.85605,1000000,1000000
2019-12-04 14:37:01.185000,3.85672,3.85605,1000000,1000000
2019-12-04 14:37:01.465000,3.85672,3.85615,1000000,1000000
2019-12-04 14:37:01.534000,3.85676,3.85615,1000000,1000000
2019-12-04 14:37:01.639000,3.85676,3.85606,1000000,1000000
2019-12-04 14:37:01.889000,3.85676,3.85615,1000000,1000000
2019-12-04 14:37:02.072000,3.85676,3.85605,1000000,1000000
2019-12-04 14:37:02.331000,3.85676,3.85615,1000000,1000000
2019-12-04 14:37:02.403000,3.85682,3.85615,1000000,1000000
2019-12-04 14:37:02.936000,3.85683,3.85615,1000000,1000000
2019-12-04 14:37:04.033000,3.85679,3.85615,1000000,1000000
2019-12-04 14:37:05.429000,3.85679,3.85616,1000000,1000000
2019-12-04 14:37:05.566000,3.85688,3.85625,1000000,1000000
2019-12-04 14:37:05.717000,3.85686,3.85626,1000000,1000000
2019-12-04 14:37:05.767000,3.85686,3.85615,1000000,1000000
2019-12-04 14:37:06.126000,3.85686,3.85616,1000000,1000000
2019-12-04 14:37:06.503000,3.85714,3.85616,1500000,1000000
2019-12-04 14:37:06.554000,3.85715,3.85625,1500000,1000000
2019-12-04 14:37:06.914000,3.85715,3.85615,1500000,1000000
2019-12-04 14:37:07.483000,3.85705,3.85615,1000000,1000000
2019-12-04 14:37:08.133000,3.85705,3.85605,1000000,1000000
2019-12-04 14:37:08.536000,3.85705,3.85615,1000000,1000000
2019-12-04 14:37:08.587000,3.85704,3.85606,1000000,1000000
2019-12-04 14:37:08.637000,3.85704,3.85616,1000000,1000000
2019-12-04 14:37:08.688000,3.85715,3.85615,1490000,1000000
2019-12-04 14:37:08.739000,3.85704,3.85616,1000000,1000000
2019-12-04 14:37:09.287000,3.85705,3.85605,1000000,1000000
2019-12-04 14:37:09.394000,3.85666,3.85605,1000000,1000000
2019-12-04 14:37:11.413000,3.85666,3.85625,1000000,1000000
2019-12-04 14:37:11.463000,3.85666,3.85615,1000000,1000000
2019-12-04 14:37:11.665000,3.85705,3.85615,1000000,1000000
2019-12-04 14:37:12.437000,3.85695,3.85615,1000000,1000000
2019-12-04 14:37:12.588000,3.85682,3.85616,1000000,1000000
2019-12-04 14:37:13.105000,3.85675,3.85616,1000000,1000000
2019-12-04 14:37:14.281000,3.85675,3.85625,1000000,1000000
2019-12-04 14:37:14.332000,3.85678,3.85625,1000000,1000000
2019-12-04 14:37:14.523000,3.85685,3.85625,1000000,1000000
2019-12-04 14:37:14.673000,3.85681,3.85625,1000000,1000000
2019-12-04 14:37:15.013000,3.85682,3.85625,1000000,1000000
2019-12-04 14:37:15.135000,3.85682,3.85626,1000000,1000000
2019-12-04 14:37:15.263000,3.8568,3.85625,1000000,1000000
2019-12-04 14:37:16.018000,3.8568,3.85615,1000000,1000000
2019-12-04 14:37:16.160000,3.85677,3.85615,1000000,1000000
2019-12-04 14:37:16.344000,3.85677,3.85625,1000000,1000000
2019-12-04 14:37:16.464000,3.85677,3.85626,1000000,1000000
2019-12-04 14:37:17.046000,3.85705,3.85625,1000000,1000000
2019-12-04 14:37:17.368000,3.85695,3.85625,1000000,1000000
2019-12-04 14:37:17.920000,3.8568,3.85625,1000000,1000000
2019-12-04 14:37:18.692000,3.8568,3.85616,1000000,1000000
2019-12-04 14:37:18.743000,3.85678,3.85616,1000000,1000000
2019-12-04 14:37:20.152000,3.85678,3.85625,1000000,1000000
2019-12-04 14:37:20.901000,3.85678,3.85615,1000000,1000000
2019-12-04 14:37:21.363000,3.85678,3.85625,1000000,1000000
2019-12-04 14:37:21.466000,3.85681,3.85625,1000000,1000000
2019-12-04 14:37:22.064000,3.85681,3.85626,1000000,1000000
2019-12-04 14:37:22.215000,3.85681,3.85616,1000000,1000000
2019-12-04 14:37:22.265000,3.85677,3.85616,1000000,1000000
2019-12-04 14:37:22.939000,3.85677,3.85625,1000000,1000000
2019-12-04 14:37:25.087000,3.85677,3.85635,1000000,1000000
2019-12-04 14:37:25.303000,3.85689,3.85635,1000000,1000000
2019-12-04 14:37:25.591000,3.85689,3.85626,1000000,1000000
2019-12-04 14:37:25.642000,3.85689,3.85635,1000000,1000000
2019-12-04 14:37:25.692000,3.85689,3.85625,1000000,1000000
2019-12-04 14:37:26.001000,3.85689,3.85626,1000000,1000000
2019-12-04 14:37:26.125000,3.85689,3.85625,1000000,1000000
2019-12-04 14:37:26.343000,3.85689,3.85635,1000000,1000000
2019-12-04 14:37:26.561000,3.85689,3.85625,1000000,1000000
2019-12-04 14:37:26.611000,3.85689,3.85655,1000000,1000000
2019-12-04 14:37:26.662000,3.85689,3.85645,1000000,1000000
2019-12-04 14:37:26.712000,3.85689,3.85656,1000000,1000000
2019-12-04 14:37:26.970000,3.85734,3.85656,1000000,1000000
2019-12-04 14:37:27.954000,3.85725,3.85645,1000000,1000000
2019-12-04 14:37:28.004000,3.85725,3.85655,1000000,1000000
2019-12-04 14:37:28.934000,3.85705,3.85655,1000000,1000000
2019-12-04 14:37:29.058000,3.85705,3.85646,1000000,1000000
2019-12-04 14:37:29.108000,3.85702,3.85646,1000000,1000000
2019-12-04 14:37:30.148000,3.85702,3.85645,1000000,1000000
2019-12-04 14:37:30.199000,3.85702,3.85635,1000000,1000000
2019-12-04 14:37:30.334000,3.85715,3.85635,1000000,1000000
2019-12-04 14:37:30.385000,3.85705,3.85635,1000000,1000000
2019-12-04 14:37:30.599000,3.85714,3.85636,1000000,1000000
2019-12-04 14:37:30.856000,3.85705,3.85635,1000000,1000000
2019-12-04 14:37:31.369000,3.85714,3.85646,1000000,1000000
2019-12-04 14:37:31.467000,3.85725,3.85645,1000000,1000000
2019-12-04 14:37:31.697000,3.85724,3.85656,1000000,1000000
2019-12-04 14:37:32.031000,3.85724,3.85646,1000000,1000000
2019-12-04 14:37:33.634000,3.8571,3.85646,1000000,1000000
2019-12-04 14:37:34.891000,3.8571,3.85645,1000000,1000000
2019-12-04 14:37:35.200000,3.85724,3.85646,1000000,1000000
2019-12-04 14:37:36.043000,3.85713,3.85646,1000000,1000000
2019-12-04 14:37:36.330000,3.85713,3.85656,1000000,1000000
2019-12-04 14:37:36.472000,3.85714,3.85655,1000000,1000000
2019-12-04 14:37:36.573000,3.85717,3.85655,1000000,1000000
2019-12-04 14:37:36.750000,3.85717,3.85665,1000000,1000000
2019-12-04 14:37:36.873000,3.85724,3.85666,1000000,1000000
2019-12-04 14:37:37.759000,3.85723,3.85666,1000000,1000000
2019-12-04 14:37:38.131000,3.85722,3.85666,1000000,1000000
2019-12-04 14:37:44.576000,3.85722,3.85656,1000000,1000000
2019-12-04 14:37:49.836000,3.85722,3.85645,1000000,1000000
2019-12-04 14:37:49.888000,3.85722,3.85655,1000000,1000000
2019-12-04 14:37:49.938000,3.85722,3.85645,1000000,1000000
2019-12-04 14:37:49.988000,3.85718,3.85645,1000000,1000000
2019-12-04 14:37:50.659000,3.85718,3.85635,1000000,1000000
2019-12-04 14:37:50.710000,3.85711,3.85635,1000000,1000000
2019-12-04 14:37:51.123000,3.85711,3.85646,1000000,1000000
2019-12-04 14:37:51.319000,3.85715,3.85646,1000000,1000000
2019-12-04 14:37:51.747000,3.85712,3.85646,1000000,1000000
2019-12-04 14:37:53.344000,3.85712,3.85635,1000000,1000000
2019-12-04 14:37:54.273000,3.85711,3.85635,1000000,1000000
2019-12-04 14:37:56.277000,3.85705,3.85635,1000000,1000000
2019-12-04 14:37:59.205000,3.85702,3.85635,1000000,1000000
2019-12-04 14:38:01.459000,3.85702,3.85625,1000000,1000000
2019-12-04 14:38:01.544000,3.85695,3.85625,1000000,1000000
2019-12-04 14:38:01.821000,3.85695,3.85616,1000000,1000000
2019-12-04 14:38:02.109000,3.85704,3.85616,1000000,1000000
2019-12-04 14:38:03.563000,3.85705,3.85625,1000000,1000000
2019-12-04 14:38:08.877000,3.85704,3.85616,1000000,1000000
2019-12-04 14:38:09.067000,3.85695,3.85615,1000000,1000000
2019-12-04 14:38:09.133000,3.85705,3.85615,1000000,1000000
2019-12-04 14:38:09.233000,3.8568,3.85615,1000000,1000000
2019-12-04 14:38:09.344000,3.85678,3.85615,1000000,1000000
2019-12-04 14:38:09.492000,3.85677,3.85615,1000000,1000000
2019-12-04 14:38:09.981000,3.85674,3.85606,1000000,1000000
2019-12-04 14:38:10.082000,3.85667,3.85605,1000000,1000000
2019-12-04 14:38:10.913000,3.85667,3.85606,1000000,1000000
2019-12-04 14:38:11.001000,3.85664,3.85596,1000000,1000000
2019-12-04 14:38:11.063000,3.85656,3.85596,1000000,1000000
2019-12-04 14:38:11.113000,3.85655,3.85585,1000000,1000000
2019-12-04 14:38:11.214000,3.85643,3.85585,1000000,1000000
2019-12-04 14:38:11.339000,3.85641,3.85585,1000000,1000000
2019-12-04 14:38:11.390000,3.85644,3.85585,1000000,1000000
2019-12-04 14:38:11.440000,3.85644,3.85596,1000000,1000000
2019-12-04 14:38:11.491000,3.85653,3.85596,1000000,1000000
2019-12-04 14:38:11.955000,3.85653,3.85586,1000000,1000000
2019-12-04 14:38:12.005000,3.85639,3.85575,1000000,1000000
2019-12-04 14:38:12.085000,3.85639,3.85565,1000000,1000000
2019-12-04 14:38:12.136000,3.85639,3.85575,1000000,1000000
2019-12-04 14:38:12.243000,3.85635,3.85565,1000000,1000000
2019-12-04 14:38:12.423000,3.85639,3.85565,1000000,1000000
2019-12-04 14:38:12.975000,3.85624,3.85565,1000000,1000000
2019-12-04 14:38:13.529000,3.85624,3.85575,1000000,1000000
2019-12-04 14:38:15.525000,3.85635,3.85575,1000000,1000000
2019-12-04 14:38:16.253000,3.85635,3.85566,1000000,1000000
2019-12-04 14:38:16.304000,3.85635,3.85555,1500000,1000000
2019-12-04 14:38:17.181000,3.85624,3.85556,1000000,1000000
2019-12-04 14:38:17.268000,3.8563,3.85556,1000000,1000000
2019-12-04 14:38:17.368000,3.85623,3.85546,1000000,1000000
2019-12-04 14:38:17.518000,3.85623,3.85556,1000000,1000000
2019-12-04 14:38:18.151000,3.85623,3.85545,1000000,1000000
2019-12-04 14:38:18.251000,3.85615,3.85545,1000000,1000000
2019-12-04 14:38:18.302000,3.85623,3.85545,1000000,1000000
2019-12-04 14:38:19.055000,3.85615,3.85545,1000000,1000000
2019-12-04 14:38:19.914000,3.85623,3.85555,1000000,1000000
2019-12-04 14:38:20.910000,3.85619,3.85555,1000000,1000000
2019-12-04 14:38:21.502000,3.85619,3.85566,1000000,1000000
2019-12-04 14:38:21.599000,3.85619,3.85556,1000000,1000000
2019-12-04 14:38:21.737000,3.85614,3.85536,1000000,1500000
2019-12-04 14:38:21.799000,3.85605,3.85536,1000000,1000000
2019-12-04 14:38:21.849000,3.85605,3.85525,1000000,1000000
2019-12-04 14:38:22.368000,3.85595,3.85525,1000000,1500000
2019-12-04 14:38:22.419000,3.85605,3.85525,1000000,1500000
2019-12-04 14:38:22.469000,3.85602,3.85535,1000000,1000000
2019-12-04 14:38:22.570000,3.85602,3.85555,1000000,1000000
2019-12-04 14:38:22.681000,3.85614,3.85545,1000000,1000000
2019-12-04 14:38:23.081000,3.85614,3.85555,1000000,1000000
2019-12-04 14:38:23.161000,3.85614,3.85545,1000000,1000000
2019-12-04 14:38:24.197000,3.85608,3.85545,1000000,1000000
2019-12-04 14:38:27.017000,3.85608,3.85535,1000000,1000000
2019-12-04 14:38:27.130000,3.85605,3.85525,1000000,1500000
2019-12-04 14:38:27.408000,3.85604,3.85536,1000000,1000000
2019-12-04 14:38:27.458000,3.85607,3.85536,1000000,1000000
2019-12-04 14:38:27.560000,3.85607,3.85546,1000000,1000000
2019-12-04 14:38:27.610000,3.85615,3.85536,1000000,1000000
2019-12-04 14:38:27.735000,3.85605,3.85536,1000000,1000000
2019-12-04 14:38:27.836000,3.85595,3.85536,1000000,1000000
2019-12-04 14:38:27.936000,3.85585,3.85515,1000000,1000000
2019-12-04 14:38:28.161000,3.85585,3.85505,1000000,1000000
2019-12-04 14:38:28.646000,3.85585,3.85515,1000000,1000000
2019-12-04 14:38:30.005000,3.85585,3.85505,1000000,1000000
2019-12-04 14:38:30.092000,3.85575,3.85505,1000000,1000000
2019-12-04 14:38:30.142000,3.85575,3.85495,1000000,1000000
2019-12-04 14:38:30.194000,3.85575,3.85497,1000000,1000000
2019-12-04 14:38:30.428000,3.85564,3.85497,1000000,1000000
2019-12-04 14:38:30.479000,3.85564,3.85486,1000000,1000000
2019-12-04 14:38:30.638000,3.85566,3.85495,1000000,1000000
2019-12-04 14:38:30.751000,3.85566,3.85505,1000000,1000000
2019-12-04 14:38:30.852000,3.85576,3.85516,1000000,1000000
2019-12-04 14:38:30.903000,3.85576,3.85505,1000000,1000000
2019-12-04 14:38:31.025000,3.85569,3.85505,1000000,1000000
2019-12-04 14:38:31.240000,3.85569,3.85516,1000000,1000000
2019-12-04 14:38:31.346000,3.85569,3.85505,1000000,1000000
2019-12-04 14:38:31.518000,3.85569,3.85506,1000000,1000000
2019-12-04 14:38:31.642000,3.85562,3.85506,1000000,1000000
2019-12-04 14:38:31.902000,3.85562,3.85496,1000000,1000000
2019-12-04 14:38:31.952000,3.85562,3.85505,1000000,1000000
2019-12-04 14:38:32.298000,3.85575,3.85505,1000000,1000000
2019-12-04 14:38:34.556000,3.85585,3.85505,1000000,1000000
2019-12-04 14:38:35.454000,3.85563,3.85505,1000000,1000000
2019-12-04 14:38:37.557000,3.85556,3.85505,1000000,1000000
2019-12-04 14:38:37.985000,3.85556,3.85515,1000000,1000000
2019-12-04 14:38:38.085000,3.85563,3.85516,1000000,1000000
2019-12-04 14:38:38.289000,3.85557,3.85516,1000000,1000000
2019-12-04 14:38:39.905000,3.85557,3.85505,1000000,1000000
2019-12-04 14:38:39.972000,3.85557,3.85495,1000000,1000000
2019-12-04 14:38:42.315000,3.85557,3.85485,1000000,1000000
2019-12-04 14:38:42.416000,3.85554,3.85495,1000000,1000000
2019-12-04 14:38:42.466000,3.85554,3.85485,1000000,1000000
2019-12-04 14:38:42.516000,3.85545,3.85485,1000000,1000000
2019-12-04 14:38:43.073000,3.85546,3.85485,1000000,1000000
2019-12-04 14:38:44.200000,3.85539,3.85485,1000000,1000000
2019-12-04 14:38:44.635000,3.85539,3.85475,1000000,1000000
2019-12-04 14:38:44.820000,3.85533,3.85475,1000000,1000000
2019-12-04 14:38:45.006000,3.85533,3.85465,1000000,1000000
2019-12-04 14:38:45.107000,3.85533,3.85475,1000000,1000000
2019-12-04 14:38:45.219000,3.8553,3.85465,1000000,1000000
2019-12-04 14:38:45.413000,3.85526,3.85465,1000000,1000000
2019-12-04 14:38:45.515000,3.85526,3.85476,1000000,1000000
2019-12-04 14:38:45.566000,3.85526,3.85465,1000000,1000000
2019-12-04 14:38:45.616000,3.85526,3.85476,1000000,1000000
2019-12-04 14:38:45.695000,3.85526,3.85465,1000000,1000000
2019-12-04 14:38:45.878000,3.85545,3.85465,1000000,1000000
2019-12-04 14:38:46.144000,3.85555,3.85465,1000000,1000000
2019-12-04 14:38:46.239000,3.85554,3.85476,1000000,1000000
2019-12-04 14:38:46.410000,3.85535,3.85476,1000000,1000000
2019-12-04 14:38:47.456000,3.85535,3.85465,1000000,1000000
2019-12-04 14:38:47.556000,3.85532,3.85465,1000000,1000000
2019-12-04 14:38:48.635000,3.85525,3.85465,1000000,1000000
2019-12-04 14:38:48.736000,3.85533,3.85475,1000000,1000000
2019-12-04 14:38:49.080000,3.85533,3.85465,1000000,1000000
2019-12-04 14:38:49.212000,3.85524,3.85455,1000000,1000000
2019-12-04 14:38:49.263000,3.85524,3.85445,1000000,1000000
2019-12-04 14:38:49.338000,3.85514,3.85436,1000000,1000000
2019-12-04 14:38:49.388000,3.85524,3.85445,1000000,1000000
2019-12-04 14:38:49.438000,3.85508,3.85445,1000000,1000000
2019-12-04 14:38:49.543000,3.85504,3.85445,1000000,1000000
2019-12-04 14:38:50.815000,3.85508,3.85445,1000000,1000000
2019-12-04 14:38:51.058000,3.85508,3.85456,1000000,1000000
2019-12-04 14:38:51.204000,3.85508,3.85445,1000000,1000000
2019-12-04 14:38:51.307000,3.85508,3.85446,1000000,1000000
2019-12-04 14:38:51.839000,3.85505,3.85435,1000000,1000000
2019-12-04 14:38:52.746000,3.85504,3.85435,1000000,1000000
2019-12-04 14:38:52.796000,3.85504,3.85446,1000000,1000000
2019-12-04 14:38:52.846000,3.85504,3.85436,1500000,1000000
2019-12-04 14:38:53.098000,3.85497,3.85436,1000000,1000000
2019-12-04 14:38:53.573000,3.85497,3.85425,1000000,1000000
2019-12-04 14:38:54.977000,3.85497,3.85436,1000000,1000000
2019-12-04 14:38:55.121000,3.85504,3.85436,1000000,1000000
2019-12-04 14:38:55.421000,3.85501,3.85436,1000000,1000000
2019-12-04 14:38:55.591000,3.85501,3.85425,1000000,1000000
2019-12-04 14:38:55.642000,3.85493,3.85425,1000000,1000000
2019-12-04 14:38:56.812000,3.85492,3.85425,1000000,1000000
2019-12-04 14:38:57.896000,3.85492,3.85435,1000000,1000000
2019-12-04 14:38:57.947000,3.85497,3.85435,1000000,1000000
2019-12-04 14:38:58.116000,3.85497,3.85425,1000000,1000000
2019-12-04 14:38:58.256000,3.85497,3.85435,1000000,1000000
2019-12-04 14:38:58.357000,3.85501,3.85426,1000000,1000000
2019-12-04 14:38:58.429000,3.85501,3.85436,1000000,1000000
2019-12-04 14:38:58.644000,3.85503,3.85435,1000000,1000000
2019-12-04 14:38:58.857000,3.85515,3.85435,1000000,1000000
2019-12-04 14:38:59.689000,3.85504,3.85436,1000000,1000000
2019-12-04 14:38:59.835000,3.85492,3.85436,1000000,1000000
2019-12-04 14:39:01.383000,3.85492,3.85446,1000000,1000000
2019-12-04 14:39:01.534000,3.85492,3.85445,1000000,1000000
2019-12-04 14:39:01.684000,3.85535,3.85455,1000000,1000000
2019-12-04 14:39:02.495000,3.85524,3.85446,1000000,1000000
2019-12-04 14:39:02.674000,3.85496,3.85436,1000000,1000000
2019-12-04 14:39:02.890000,3.85496,3.85425,1000000,1000000
2019-12-04 14:39:02.940000,3.85496,3.85435,1000000,1000000
2019-12-04 14:39:03.369000,3.85496,3.85446,1000000,1000000
2019-12-04 14:39:04.069000,3.85496,3.85445,1000000,1000000
2019-12-04 14:39:04.170000,3.85499,3.85455,1000000,1000000
2019-12-04 14:39:04.248000,3.85509,3.85455,1000000,1000000
2019-12-04 14:39:05.193000,3.85509,3.85446,1000000,1000000
2019-12-04 14:39:05.899000,3.85509,3.85455,1000000,1000000
2019-12-04 14:39:05.999000,3.85522,3.85465,1000000,1000000
2019-12-04 14:39:06.115000,3.85522,3.85455,1000000,1000000
2019-12-04 14:39:06.165000,3.85514,3.85455,1000000,1000000
2019-12-04 14:39:06.875000,3.85514,3.85446,1000000,1000000
2019-12-04 14:39:06.952000,3.85504,3.85446,1000000,1000000
2019-12-04 14:39:07.054000,3.85508,3.85456,1000000,1000000
2019-12-04 14:39:08.564000,3.85508,3.85455,1000000,1000000
2019-12-04 14:39:08.614000,3.85502,3.85445,1000000,1000000
2019-12-04 14:39:08.679000,3.85502,3.85455,1000000,1000000
2019-12-04 14:39:09.468000,3.85495,3.85445,1000000,1000000
2019-12-04 14:39:09.518000,3.85495,3.85455,1000000,1000000
2019-12-04 14:39:09.569000,3.85495,3.85445,1000000,1000000
2019-12-04 14:39:09.765000,3.85495,3.85455,1000000,1000000
2019-12-04 14:39:09.881000,3.85495,3.85446,1000000,1000000
2019-12-04 14:39:09.931000,3.85495,3.85455,1000000,1000000
2019-12-04 14:39:09.994000,3.85495,3.85446,1000000,1000000
2019-12-04 14:39:12.138000,3.85495,3.85445,1000000,1000000
2019-12-04 14:39:12.954000,3.85495,3.85455,1000000,1000000
2019-12-04 14:39:13.005000,3.85495,3.85446,1000000,1000000
2019-12-04 14:39:13.430000,3.85495,3.85445,1000000,1000000
2019-12-04 14:39:13.532000,3.85495,3.85436,1000000,1000000
2019-12-04 14:39:13.583000,3.85493,3.85436,1000000,1000000
2019-12-04 14:39:14.460000,3.85493,3.85435,1000000,1000000
2019-12-04 14:39:14.666000,3.85488,3.85435,1000000,1000000
2019-12-04 14:39:14.738000,3.85488,3.85425,1000000,1000000
2019-12-04 14:39:14.791000,3.8548,3.85425,1000000,1000000
2019-12-04 14:39:15.408000,3.85476,3.85425,1000000,1000000
2019-12-04 14:39:16.194000,3.85474,3.85425,1000000,1000000
2019-12-04 14:39:18.154000,3.85474,3.85416,1000000,1000000
2019-12-04 14:39:18.211000,3.85467,3.85416,1000000,1000000
2019-12-04 14:39:18.809000,3.85467,3.85415,1000000,1000000
2019-12-04 14:39:19.461000,3.85467,3.85416,1000000,1000000
2019-12-04 14:39:19.571000,3.85467,3.85425,1000000,1000000
2019-12-04 14:39:19.627000,3.85467,3.85416,1000000,1000000
2019-12-04 14:39:19.678000,3.85469,3.85416,1000000,1000000
2019-12-04 14:39:19.892000,3.85469,3.85415,1000000,1000000
2019-12-04 14:39:19.992000,3.85466,3.85405,1000000,1000000
2019-12-04 14:39:20.047000,3.85462,3.85405,1000000,1000000
2019-12-04 14:39:20.935000,3.85462,3.85416,1000000,1000000
2019-12-04 14:39:21.533000,3.85462,3.85415,1000000,1000000
2019-12-04 14:39:21.663000,3.85465,3.85415,1000000,1000000
2019-12-04 14:39:21.713000,3.85465,3.85425,1000000,1000000
2019-12-04 14:39:21.764000,3.8547,3.85415,1000000,1000000
2019-12-04 14:39:22.443000,3.8547,3.85425,1000000,1000000
2019-12-04 14:39:23.053000,3.8547,3.85416,1000000,1000000
2019-12-04 14:39:23.475000,3.85463,3.85416,1000000,1000000
2019-12-04 14:39:24.133000,3.85463,3.85415,1000000,1000000
2019-12-04 14:39:24.980000,3.8546,3.85415,1000000,1000000
2019-12-04 14:39:27.122000,3.85463,3.85416,1000000,1000000
2019-12-04 14:39:27.724000,3.85463,3.85415,1000000,1000000
2019-12-04 14:39:31.817000,3.85456,3.85415,1000000,1000000
2019-12-04 14:39:34.305000,3.85456,3.85426,1000000,1000000
2019-12-04 14:39:34.417000,3.85467,3.85426,1000000,1000000
2019-12-04 14:39:34.517000,3.85467,3.85416,1000000,1000000
2019-12-04 14:39:34.568000,3.85463,3.85416,1000000,1000000
2019-12-04 14:39:35.025000,3.85459,3.85416,1000000,1000000
2019-12-04 14:39:35.142000,3.85457,3.85416,1000000,1000000
2019-12-04 14:39:35.417000,3.85456,3.85416,1000000,1000000
2019-12-04 14:39:36.991000,3.85456,3.85415,1000000,1000000
2019-12-04 14:39:37.244000,3.85456,3.85425,1000000,1000000
2019-12-04 14:39:37.386000,3.8546,3.85425,1000000,1000000
2019-12-04 14:39:37.539000,3.8546,3.85415,1000000,1000000
2019-12-04 14:39:37.590000,3.85465,3.85415,1000000,1000000
2019-12-04 14:39:37.640000,3.85465,3.85426,1000000,1000000
2019-12-04 14:39:37.765000,3.85464,3.85426,1000000,1000000
2019-12-04 14:39:38.223000,3.85464,3.85416,1000000,1000000
2019-12-04 14:39:38.274000,3.85464,3.85425,1000000,1000000
2019-12-04 14:39:38.743000,3.85464,3.85415,1000000,1000000
2019-12-04 14:39:39.042000,3.85505,3.85415,1000000,1000000
2019-12-04 14:39:42.479000,3.85495,3.85415,1000000,1000000
2019-12-04 14:39:45.054000,3.85494,3.85406,1000000,1000000
2019-12-04 14:39:50.317000,3.85485,3.85405,1000000,1000000
2019-12-04 14:39:50.369000,3.85485,3.85395,1000000,1000000
2019-12-04 14:39:51.555000,3.85475,3.85395,1000000,1000000
2019-12-04 14:39:51.650000,3.85475,3.85385,1000000,1000000
2019-12-04 14:39:54.120000,3.85464,3.85386,1000000,1000000
2019-12-04 14:39:54.171000,3.85465,3.85375,1000000,1000000
2019-12-04 14:39:59.018000,3.85465,3.85385,1000000,1000000
2019-12-04 14:39:59.069000,3.85475,3.85385,1000000,1000000
2019-12-04 14:39:59.119000,3.85429,3.85385,1000000,1000000
2019-12-04 14:39:59.253000,3.85436,3.85376,1000000,1000000
2019-12-04 14:39:59.303000,3.85436,3.85386,1000000,1000000
2019-12-04 14:39:59.579000,3.85455,3.85385,1000000,1000000
2019-12-04 14:40:00.052000,3.85464,3.85386,1000000,1000000
2019-12-04 14:40:00.555000,3.85474,3.85386,1000000,1000000
2019-12-04 14:40:00.678000,3.85464,3.85386,1000000,1000000
2019-12-04 14:40:04.231000,3.85435,3.85386,1000000,1000000
2019-12-04 14:40:08.083000,3.85435,3.85385,1000000,1000000
2019-12-04 14:40:09.817000,3.85435,3.85375,1000000,1000000
2019-12-04 14:40:11.329000,3.85428,3.85375,1000000,1000000
2019-12-04 14:40:13.195000,3.85428,3.85376,1000000,1000000
2019-12-04 14:40:16.575000,3.85428,3.85356,1000000,1000000
2019-12-04 14:40:16.626000,3.85424,3.85346,1000000,1000000
2019-12-04 14:40:16.676000,3.85378,3.85335,1000000,1000000
2019-12-04 14:40:16.777000,3.85378,3.85346,1000000,1000000
2019-12-04 14:40:16.885000,3.85382,3.85345,1000000,1000000
2019-12-04 14:40:16.935000,3.85382,3.85355,1000000,1000000
2019-12-04 14:40:16.986000,3.85391,3.85345,1000000,1000000
2019-12-04 14:40:17.239000,3.85391,3.85335,1000000,1000000
2019-12-04 14:40:17.290000,3.85391,3.85325,1000000,1000000
2019-12-04 14:40:17.340000,3.85362,3.85325,1000000,1000000
2019-12-04 14:40:17.391000,3.85362,3.85295,1000000,1000000
2019-12-04 14:40:17.491000,3.85358,3.85296,1000000,1000000
2019-12-04 14:40:17.542000,3.85354,3.85276,1000000,1000000
2019-12-04 14:40:17.617000,3.85358,3.85285,1000000,1000000
2019-12-04 14:40:17.667000,3.85328,3.85245,1000000,1000000
2019-12-04 14:40:17.717000,3.85328,3.85255,1000000,1000000
2019-12-04 14:40:17.768000,3.85328,3.85246,1000000,1000000
2019-12-04 14:40:17.818000,3.85328,3.85255,1000000,1000000
2019-12-04 14:40:17.868000,3.85355,3.85255,1000000,1000000
2019-12-04 14:40:17.919000,3.85322,3.85255,1000000,1000000
2019-12-04 14:40:18.018000,3.85322,3.85245,1000000,1000000
2019-12-04 14:40:18.069000,3.85322,3.85256,1000000,1000000
2019-12-04 14:40:18.169000,3.85322,3.85235,1000000,1500000
2019-12-04 14:40:18.220000,3.85322,3.85225,1000000,1000000
2019-12-04 14:40:18.320000,3.85291,3.85216,1000000,1500000
2019-12-04 14:40:18.421000,3.85285,3.85205,1000000,1500000
2019-12-04 14:40:18.471000,3.85276,3.85205,1000000,1000000
2019-12-04 14:40:18.522000,3.85276,3.85195,1000000,1500000
2019-12-04 14:40:18.639000,3.85282,3.85169,1000000,1500000
2019-12-04 14:40:18.690000,3.85259,3.85165,1000000,1500000
2019-12-04 14:40:18.744000,3.85265,3.85165,1000000,1500000
2019-12-04 14:40:18.872000,3.85271,3.85175,1000000,1500000
2019-12-04 14:40:18.945000,3.85278,3.85175,1000000,1500000
2019-12-04 14:40:19.187000,3.85282,3.85176,1000000,1500000
2019-12-04 14:40:19.263000,3.85282,3.85185,1000000,1000000
2019-12-04 14:40:19.314000,3.85282,3.85176,1000000,1500000
2019-12-04 14:40:19.646000,3.85285,3.85176,1000000,1500000
2019-12-04 14:40:20.251000,3.85286,3.85176,1000000,1500000
2019-12-04 14:40:20.737000,3.85286,3.85185,1000000,1000000
2019-12-04 14:40:20.838000,3.8529,3.85195,1000000,1000000
2019-12-04 14:40:21.116000,3.85293,3.85195,1000000,1000000
2019-12-04 14:40:21.263000,3.85295,3.85195,1000000,1000000
2019-12-04 14:40:21.364000,3.85297,3.85195,1000000,1000000
2019-12-04 14:40:21.488000,3.85297,3.85206,1000000,1000000
2019-12-04 14:40:21.538000,3.85297,3.85195,1000000,1000000
2019-12-04 14:40:22.334000,3.85297,3.85206,1000000,1000000
2019-12-04 14:40:22.457000,3.85297,3.85195,1000000,1000000
2019-12-04 14:40:23.063000,3.85299,3.85195,1000000,1000000
2019-12-04 14:40:23.870000,3.853,3.85195,1000000,1000000
2019-12-04 14:40:24.052000,3.853,3.85205,1000000,1000000
2019-12-04 14:40:24.102000,3.85301,3.85197,1000000,1000000
2019-12-04 14:40:24.458000,3.85301,3.85205,1000000,1000000
2019-12-04 14:40:24.532000,3.85304,3.85205,1000000,1000000
2019-12-04 14:40:24.672000,3.85304,3.85215,1000000,1000000
2019-12-04 14:40:25.122000,3.85324,3.85216,1000000,1000000
2019-12-04 14:40:25.277000,3.85315,3.85215,1000000,1000000
2019-12-04 14:40:26.429000,3.85324,3.85216,1000000,1000000
2019-12-04 14:40:27.096000,3.85319,3.85232,1000000,1000000
2019-12-04 14:40:27.196000,3.85316,3.85223,1000000,1000000
2019-12-04 14:40:27.709000,3.85317,3.85231,1000000,1000000
2019-12-04 14:40:28.280000,3.85315,3.85231,1000000,1000000
2019-12-04 14:40:28.331000,3.85301,3.85214,1000000,1000000
2019-12-04 14:40:28.914000,3.85302,3.85216,1000000,1000000
2019-12-04 14:40:31.252000,3.85313,3.85225,1000000,1000000
2019-12-04 14:40:35.168000,3.85303,3.85221,1000000,1000000
2019-12-04 14:40:35.247000,3.85299,3.85214,1000000,1000000
2019-12-04 14:40:35.347000,3.85293,3.85211,1000000,1000000
2019-12-04 14:40:36.598000,3.8529,3.85202,1000000,1000000
2019-12-04 14:40:37.300000,3.8529,3.85205,1000000,1000000
2019-12-04 14:40:38.678000,3.8529,3.85206,1000000,1000000
2019-12-04 14:40:38.829000,3.85299,3.85222,1000000,1000000
2019-12-04 14:40:39.037000,3.85299,3.85225,1000000,1000000
2019-12-04 14:40:39.504000,3.85309,3.85236,1000000,1000000
2019-12-04 14:40:47.228000,3.85312,3.85242,1000000,1000000
2019-12-04 14:40:47.541000,3.85319,3.85248,1000000,1000000
2019-12-04 14:40:47.660000,3.85319,3.85249,1000000,1000000
2019-12-04 14:40:47.710000,3.85319,3.85266,1000000,1000000
2019-12-04 14:40:47.952000,3.85319,3.85255,1000000,1000000
2019-12-04 14:40:48.062000,3.85306,3.85255,1000000,1000000
2019-12-04 14:40:48.637000,3.85306,3.85265,1000000,1000000
2019-12-04 14:40:48.688000,3.85309,3.85266,1000000,1000000
2019-12-04 14:40:48.838000,3.85323,3.85265,1000000,1000000
2019-12-04 14:40:48.939000,3.85334,3.85265,1000000,1000000
2019-12-04 14:40:52.042000,3.85333,3.85265,1000000,1000000
2019-12-04 14:40:52.811000,3.85333,3.85266,1000000,1000000
2019-12-04 14:40:52.937000,3.85324,3.85266,1000000,1000000
2019-12-04 14:40:53.054000,3.85325,3.85266,1000000,1000000
2019-12-04 14:40:53.204000,3.85332,3.85265,1000000,1000000
2019-12-04 14:40:55.055000,3.85332,3.85275,1000000,1000000
2019-12-04 14:40:55.279000,3.85332,3.85265,1000000,1000000
2019-12-04 14:41:01.748000,3.85325,3.85258,1000000,1000000
2019-12-04 14:41:01.798000,3.85314,3.85246,1500000,1000000
2019-12-04 14:41:01.849000,3.85314,3.85256,1000000,1000000
2019-12-04 14:41:02.256000,3.85313,3.85265,1000000,1000000
2019-12-04 14:41:03.054000,3.85313,3.85255,1000000,1000000
2019-12-04 14:41:09.014000,3.85313,3.85245,1000000,1000000
2019-12-04 14:41:09.064000,3.85304,3.85245,1000000,1000000
2019-12-04 14:41:09.115000,3.85304,3.85235,1000000,1000000
2019-12-04 14:41:09.216000,3.85301,3.85229,1000000,1000000
2019-12-04 14:41:09.316000,3.85296,3.85236,1000000,1000000
2019-12-04 14:41:09.474000,3.85296,3.85235,1000000,1000000
2019-12-04 14:41:09.653000,3.85296,3.85245,1000000,1000000
2019-12-04 14:41:09.753000,3.85324,3.85255,1000000,1000000
2019-12-04 14:41:09.887000,3.85324,3.85248,1000000,1000000
2019-12-04 14:41:09.988000,3.85315,3.85247,1000000,1000000
2019-12-04 14:41:10.220000,3.85323,3.85247,1000000,1000000
2019-12-04 14:41:10.362000,3.85323,3.85255,1000000,1000000
2019-12-04 14:41:10.532000,3.85323,3.85265,1000000,1000000
2019-12-04 14:41:10.636000,3.85326,3.85265,1000000,1000000
2019-12-04 14:41:10.735000,3.85334,3.85265,1000000,1000000
2019-12-04 14:41:10.819000,3.85334,3.85276,1000000,1000000
2019-12-04 14:41:13.812000,3.85336,3.85276,1000000,1000000
2019-12-04 14:41:13.913000,3.85336,3.85275,1000000,1000000
2019-12-04 14:41:14.013000,3.85345,3.85275,1000000,1000000
2019-12-04 14:41:14.137000,3.85352,3.85275,1000000,1000000
2019-12-04 14:41:14.463000,3.85352,3.85286,1000000,1000000
2019-12-04 14:41:20.634000,3.85352,3.85285,1000000,1000000
2019-12-04 14:41:24.062000,3.85352,3.85295,1000000,1000000
2019-12-04 14:41:24.287000,3.85352,3.85285,1000000,1000000
2019-12-04 14:41:24.917000,3.85353,3.85285,1000000,1000000
2019-12-04 14:41:27.641000,3.85353,3.85275,1000000,1000000
2019-12-04 14:41:27.691000,3.85345,3.85275,1000000,1000000
2019-12-04 14:41:27.792000,3.85335,3.85265,1000000,1000000
2019-12-04 14:41:27.888000,3.8534,3.85266,1000000,1000000
2019-12-04 14:41:28.324000,3.85335,3.85265,1000000,1000000
2019-12-04 14:41:28.387000,3.8534,3.85266,1000000,1000000
2019-12-04 14:41:28.714000,3.85334,3.85266,1000000,1000000
2019-12-04 14:41:28.764000,3.85334,3.85259,1000000,1000000
2019-12-04 14:41:28.814000,3.85325,3.85259,1000000,1000000
2019-12-04 14:41:28.887000,3.85325,3.85255,1000000,1000000
2019-12-04 14:41:29.001000,3.85325,3.85258,1000000,1000000
2019-12-04 14:41:30.523000,3.85324,3.85258,1000000,1000000
2019-12-04 14:41:30.573000,3.85334,3.85258,1000000,1000000
2019-12-04 14:41:30.624000,3.85334,3.85266,1000000,1000000
2019-12-04 14:41:30.675000,3.85338,3.85265,1000000,1000000
2019-12-04 14:41:30.758000,3.85345,3.85272,1000000,1000000
2019-12-04 14:41:31.639000,3.85335,3.85272,1000000,1000000
2019-12-04 14:41:32.556000,3.85345,3.85272,1000000,1000000
2019-12-04 14:41:34.055000,3.85344,3.85276,1000000,1000000
2019-12-04 14:41:35.374000,3.85351,3.85275,1000000,1000000
2019-12-04 14:41:35.809000,3.85352,3.85275,1000000,1000000
2019-12-04 14:41:35.898000,3.85345,3.85275,1000000,1000000
2019-12-04 14:41:38.140000,3.85352,3.85285,1000000,1000000
2019-12-04 14:41:38.191000,3.85352,3.85275,1000000,1000000
2019-12-04 14:41:40.416000,3.85344,3.85276,1000000,1000000
2019-12-04 14:41:40.517000,3.85344,3.85273,1000000,1000000
2019-12-04 14:41:40.636000,3.85335,3.85273,1000000,1000000
2019-12-04 14:41:40.693000,3.85335,3.85265,1000000,1000000
2019-12-04 14:41:40.894000,3.85335,3.85266,1000000,1000000
2019-12-04 14:41:41.177000,3.85335,3.85259,1000000,1000000
2019-12-04 14:41:42.018000,3.85334,3.85266,1000000,1000000
2019-12-04 14:41:48.487000,3.85334,3.85265,1000000,1000000
2019-12-04 14:41:48.538000,3.85335,3.85261,1500000,1000000
2019-12-04 14:41:48.588000,3.85334,3.85266,1000000,1000000
2019-12-04 14:41:48.693000,3.85335,3.85265,1000000,1000000
2019-12-04 14:41:48.795000,3.85343,3.85276,1000000,1000000
2019-12-04 14:41:48.975000,3.85348,3.85276,1000000,1000000
2019-12-04 14:41:49.326000,3.85345,3.85274,1000000,1000000
2019-12-04 14:41:49.436000,3.85328,3.85256,1000000,1000000
2019-12-04 14:41:49.486000,3.85325,3.85255,1000000,1000000
2019-12-04 14:41:49.536000,3.85328,3.85256,1000000,1000000
2019-12-04 14:41:49.625000,3.85328,3.85265,1000000,1000000
2019-12-04 14:41:49.732000,3.85329,3.85265,1000000,1000000
2019-12-04 14:41:49.837000,3.85335,3.85265,1000000,1000000
2019-12-04 14:41:51.557000,3.85338,3.85276,1000000,1000000
2019-12-04 14:41:51.672000,3.85338,3.85266,1000000,1000000
2019-12-04 14:41:51.722000,3.85335,3.85266,1000000,1000000
2019-12-04 14:41:51.773000,3.85338,3.85266,1000000,1000000
2019-12-04 14:41:51.872000,3.8534,3.85265,1000000,1000000
2019-12-04 14:41:52.141000,3.85345,3.85272,1000000,1000000
2019-12-04 14:41:57.555000,3.85345,3.85275,1000000,1000000
2019-12-04 14:42:00.788000,3.85335,3.85272,1000000,1000000
2019-12-04 14:42:00.839000,3.85335,3.85263,1000000,1000000
2019-12-04 14:42:00.889000,3.85325,3.85263,1000000,1000000
2019-12-04 14:42:00.939000,3.85325,3.85255,1000000,1000000
2019-12-04 14:42:00.990000,3.85327,3.85256,1000000,1000000
2019-12-04 14:42:01.040000,3.85329,3.85266,1000000,1000000
2019-12-04 14:42:01.147000,3.85335,3.85266,1000000,1000000
2019-12-04 14:42:01.214000,3.85344,3.8527,1500000,1000000
2019-12-04 14:42:01.563000,3.85344,3.85275,1000000,1000000
2019-12-04 14:42:01.778000,3.85347,3.85275,1000000,1000000
2019-12-04 14:42:01.871000,3.85351,3.85275,1000000,1000000
2019-12-04 14:42:02.063000,3.85344,3.85276,1000000,1000000
2019-12-04 14:42:02.285000,3.85344,3.85273,1000000,1000000
2019-12-04 14:42:02.336000,3.85343,3.85269,1000000,1000000
2019-12-04 14:42:05.933000,3.85343,3.85275,1000000,1000000
2019-12-04 14:42:12.599000,3.85343,3.85269,1000000,1000000
2019-12-04 14:42:12.685000,3.85343,3.85275,1000000,1000000
2019-12-04 14:42:12.945000,3.85344,3.85277,1000000,1000000
2019-12-04 14:42:13.050000,3.85344,3.85268,1500000,1000000
2019-12-04 14:42:13.533000,3.85343,3.85267,1000000,1000000
2019-12-04 14:42:14.939000,3.85335,3.85267,1000000,1000000
2019-12-04 14:42:15.090000,3.85325,3.85257,1000000,1000000
2019-12-04 14:42:15.140000,3.85325,3.85255,1000000,1500000
2019-12-04 14:42:15.200000,3.85329,3.85265,1000000,1000000
2019-12-04 14:42:15.343000,3.85325,3.85265,1000000,1000000
2019-12-04 14:42:15.475000,3.85324,3.85256,1000000,1000000
2019-12-04 14:42:15.539000,3.85325,3.85265,1000000,1000000
2019-12-04 14:42:15.613000,3.85324,3.85256,1000000,1000000
2019-12-04 14:42:16.015000,3.85325,3.85252,1500000,1000000
2019-12-04 14:42:17.389000,3.85315,3.85252,1000000,1000000
2019-12-04 14:42:17.548000,3.85305,3.85252,1000000,1000000
2019-12-04 14:42:17.676000,3.85295,3.85235,1000000,1000000
2019-12-04 14:42:17.820000,3.85295,3.85225,1000000,1000000
2019-12-04 14:42:17.936000,3.85295,3.85232,1000000,1000000
2019-12-04 14:42:19.482000,3.85303,3.85232,1000000,1000000
2019-12-04 14:42:20.630000,3.85303,3.85236,1000000,1000000
2019-12-04 14:42:21.054000,3.85303,3.85232,1000000,1000000
2019-12-04 14:42:21.163000,3.85303,3.85235,1000000,1000000
2019-12-04 14:42:21.274000,3.85303,3.85236,1000000,1000000
2019-12-04 14:42:22.604000,3.85303,3.85245,1000000,1000000
2019-12-04 14:42:23.664000,3.85308,3.85245,1000000,1000000
2019-12-04 14:42:24.599000,3.85308,3.85256,1000000,1000000
2019-12-04 14:42:24.698000,3.85313,3.85256,1000000,1000000
2019-12-04 14:42:24.824000,3.85313,3.85255,1000000,1000000
2019-12-04 14:42:24.934000,3.85313,3.85256,1000000,1000000
2019-12-04 14:42:25.035000,3.85308,3.85246,1000000,1000000
2019-12-04 14:42:25.189000,3.85306,3.85245,1000000,1000000
2019-12-04 14:42:29.041000,3.85303,3.85245,1000000,1000000
2019-12-04 14:42:35.055000,3.85303,3.85235,1000000,1000000
2019-12-04 14:42:35.512000,3.85303,3.85245,1000000,1000000
2019-12-04 14:42:36.833000,3.8531,3.85245,1000000,1000000
2019-12-04 14:42:40.052000,3.8531,3.85256,1000000,1000000
2019-12-04 14:42:42.641000,3.85307,3.85256,1000000,1000000
2019-12-04 14:42:42.721000,3.85307,3.85245,1000000,1000000
2019-12-04 14:42:43.041000,3.8531,3.85245,1000000,1000000
2019-12-04 14:42:44.655000,3.8531,3.85256,1000000,1000000
2019-12-04 14:42:44.846000,3.85311,3.85256,1000000,1000000
2019-12-04 14:42:45.144000,3.85315,3.85256,1000000,1000000
2019-12-04 14:42:46.313000,3.85315,3.85255,1000000,1000000
2019-12-04 14:42:46.363000,3.85322,3.85265,1000000,1000000
2019-12-04 14:42:46.526000,3.85326,3.85265,1000000,1000000
2019-12-04 14:42:46.668000,3.85329,3.85265,1000000,1000000
2019-12-04 14:42:47.234000,3.85329,3.85275,1000000,1000000
2019-12-04 14:42:48.100000,3.85329,3.85265,1000000,1000000
2019-12-04 14:42:52.197000,3.85329,3.85275,1000000,1000000
2019-12-04 14:42:52.247000,3.85329,3.85265,1000000,1000000
