time,ask,bid,ask_volume,bid_volume
2022-08-26 05:55:00.158000,10.61562,10.60954,2100000,2100000
2022-08-26 05:55:00.350000,10.61562,10.60954,2100000,2100000
2022-08-26 05:55:00.498000,10.61563,10.60953,2100000,2100000
2022-08-26 05:55:00.811000,10.61562,10.60954,2100000,2100000
2022-08-26 05:55:00.861000,10.61563,10.60973,2100000,2100000
2022-08-26 05:55:00.962000,10.61571,10.60983,1500000,2100000
2022-08-26 05:55:01.013000,10.61571,10.60983,1570000,2100000
2022-08-26 05:55:01.114000,10.61571,10.60963,1500000,3600000
2022-08-26 05:55:01.215000,10.61571,10.60963,2100000,2100000
2022-08-26 05:55:01.316000,10.61571,10.60963,2100000,2100000
2022-08-26 05:55:01.759000,10.61571,10.60963,2100000,2100000
2022-08-26 05:55:01.860000,10.61637,10.60973,2100000,2100000
2022-08-26 05:55:01.911000,10.61595,10.60973,2100000,2100000
2022-08-26 05:55:02.012000,10.61586,10.61003,1500000,2100000
2022-08-26 05:55:02.113000,10.61558,10.60999,1500000,2100000
2022-08-26 05:55:02.424000,10.61558,10.60999,1500000,2100000
2022-08-26 05:55:02.909000,10.61558,10.60999,1500000,2100000
2022-08-26 05:55:03.011000,10.61558,10.61003,1500000,2100000
2022-08-26 05:55:04.512000,10.61558,10.60985,1500000,2100000
2022-08-26 05:55:04.710000,10.61558,10.60985,1500000,2100000
2022-08-26 05:55:04.811000,10.61594,10.61,2100000,2100000
2022-08-26 05:55:04.912000,10.61567,10.61003,1500000,2100000
2022-08-26 05:55:05.013000,10.61561,10.61003,1500000,2100000
2022-08-26 05:55:05.388000,10.61561,10.60999,1500000,2100000
2022-08-26 05:55:05.497000,10.61558,10.60999,1500000,2100000
2022-08-26 05:55:05.632000,10.61558,10.60999,1500000,2100000
2022-08-26 05:55:05.870000,10.61558,10.60999,1500000,2100000
2022-08-26 05:55:06.052000,10.61558,10.60986,1500000,2100000
2022-08-26 05:55:06.472000,10.61625,10.60987,2100000,2100000
2022-08-26 05:55:06.572000,10.61616,10.61013,1500000,2100000
2022-08-26 05:55:06.637000,10.61616,10.61013,1500000,2100000
2022-08-26 05:55:06.738000,10.61616,10.61013,2100000,2100000
2022-08-26 05:55:06.845000,10.61579,10.61013,1500000,2100000
2022-08-26 05:55:08.301000,10.61579,10.61013,1500000,2100000
2022-08-26 05:55:08.561000,10.61579,10.61013,1500000,2100000
2022-08-26 05:55:08.926000,10.61578,10.61013,1500000,2100000
2022-08-26 05:55:10.061000,10.61578,10.61013,1500000,2100000
2022-08-26 05:55:11.624000,10.61578,10.61013,1500000,2100000
2022-08-26 05:55:11.770000,10.61577,10.61014,1500000,2100000
2022-08-26 05:55:11.982000,10.61578,10.61013,1500000,2100000
2022-08-26 05:55:12.083000,10.61611,10.61049,2100000,2100000
2022-08-26 05:55:12.133000,10.61643,10.61049,2100000,2100000
2022-08-26 05:55:12.184000,10.61643,10.61053,1500000,2100000
2022-08-26 05:55:12.400000,10.61638,10.61063,1500000,2100000
2022-08-26 05:55:12.451000,10.61637,10.61074,1500000,2100000
2022-08-26 05:55:12.502000,10.61633,10.61073,1500000,2100000
2022-08-26 05:55:12.654000,10.61633,10.61053,1500000,2100000
2022-08-26 05:55:13.717000,10.61638,10.61049,1500000,2100000
2022-08-26 05:55:13.818000,10.61618,10.61036,1500000,2100000
2022-08-26 05:55:13.869000,10.61706,10.61036,2220000,2100000
2022-08-26 05:55:13.970000,10.61655,10.61043,1500000,2100000
2022-08-26 05:55:14.083000,10.61654,10.61037,2100000,2100000
2022-08-26 05:55:14.184000,10.61643,10.61036,1500000,2100000
2022-08-26 05:55:14.235000,10.61643,10.61033,2100000,2100000
2022-08-26 05:55:14.340000,10.61642,10.61034,2100000,2100000
2022-08-26 05:55:14.588000,10.61643,10.61043,2100000,2100000
2022-08-26 05:55:14.689000,10.61642,10.61054,2100000,2100000
2022-08-26 05:55:14.740000,10.61643,10.61053,1500000,2100000
2022-08-26 05:55:14.790000,10.61633,10.61053,1500000,2100000
2022-08-26 05:55:14.891000,10.61697,10.61043,2100000,2100000
2022-08-26 05:55:14.942000,10.61675,10.61044,2100000,2100000
2022-08-26 05:55:14.992000,10.61676,10.61053,2100000,2100000
2022-08-26 05:55:15.043000,10.61676,10.61053,2100000,2100000
2022-08-26 05:55:15.144000,10.61676,10.61053,2100000,2100000
2022-08-26 05:55:15.245000,10.61658,10.61053,1500000,2100000
2022-08-26 05:55:15.588000,10.61657,10.61054,1500000,2100000
2022-08-26 05:55:15.736000,10.61653,10.61053,1500000,2100000
2022-08-26 05:55:15.840000,10.61638,10.61053,1500000,2100000
2022-08-26 05:55:16.091000,10.61638,10.61053,1500000,2100000
2022-08-26 05:55:16.355000,10.61638,10.61053,1500000,2100000
2022-08-26 05:55:17.524000,10.61638,10.61053,1500000,2100000
2022-08-26 05:55:17.638000,10.61638,10.61053,1500000,2100000
2022-08-26 05:55:17.688000,10.61634,10.61054,1500000,2100000
2022-08-26 05:55:17.797000,10.61633,10.61053,2100000,2100000
2022-08-26 05:55:18.063000,10.61633,10.61053,2100000,2100000
2022-08-26 05:55:18.531000,10.61633,10.61053,2100000,2100000
2022-08-26 05:55:18.686000,10.61633,10.61053,2100000,2100000
2022-08-26 05:55:19.005000,10.61633,10.61053,1500000,2100000
2022-08-26 05:55:19.106000,10.61618,10.61053,1200000,1800000
2022-08-26 05:55:19.516000,10.61608,10.61038,1200000,1800000
2022-08-26 05:55:19.567000,10.61618,10.61023,1500000,2100000
2022-08-26 05:55:19.668000,10.6162,10.61013,1500000,2100000
2022-08-26 05:55:19.769000,10.6162,10.61023,1500000,3600000
2022-08-26 05:55:19.870000,10.6162,10.61023,1500000,3600000
2022-08-26 05:55:20.815000,10.61603,10.61046,1500000,2100000
2022-08-26 05:55:20.866000,10.61667,10.61046,2100000,2100000
2022-08-26 05:55:20.988000,10.6162,10.61046,1500000,2100000
2022-08-26 05:55:21.038000,10.6162,10.61046,1500000,2100000
2022-08-26 05:55:21.220000,10.6162,10.61046,1500000,2100000
2022-08-26 05:55:21.321000,10.6162,10.61038,1800000,1800000
2022-08-26 05:55:21.404000,10.6162,10.61038,1340000,1800000
2022-08-26 05:55:21.505000,10.6162,10.61038,1800000,1800000
2022-08-26 05:55:21.802000,10.61603,10.61038,1200000,1800000
2022-08-26 05:55:23.044000,10.61603,10.61038,1200000,1800000
2022-08-26 05:55:23.145000,10.61597,10.61044,1200000,1800000
2022-08-26 05:55:23.507000,10.61616,10.61053,1800000,1800000
2022-08-26 05:55:23.558000,10.61616,10.61053,1200000,1800000
2022-08-26 05:55:23.760000,10.61616,10.61023,1200000,1800000
2022-08-26 05:55:23.861000,10.61615,10.61024,1200000,1800000
2022-08-26 05:55:23.962000,10.61616,10.61023,1200000,1800000
2022-08-26 05:55:24.488000,10.61612,10.61024,1200000,1800000
2022-08-26 05:55:24.814000,10.61657,10.61023,1800000,1800000
2022-08-26 05:55:25.421000,10.61611,10.61023,1200000,1800000
2022-08-26 05:55:25.527000,10.61607,10.61023,1200000,1800000
2022-08-26 05:55:25.693000,10.61607,10.61013,1200000,1800000
2022-08-26 05:55:25.744000,10.61586,10.60993,1200000,1800000
2022-08-26 05:55:25.845000,10.61579,10.60988,1200000,1800000
2022-08-26 05:55:25.946000,10.61638,10.60993,1800000,1800000
2022-08-26 05:55:25.997000,10.61638,10.60993,1800000,1800000
2022-08-26 05:55:26.120000,10.616,10.60993,1200000,1800000
2022-08-26 05:55:26.291000,10.616,10.60993,1800000,1800000
2022-08-26 05:55:26.393000,10.616,10.60993,1800000,3300000
2022-08-26 05:55:26.645000,10.61621,10.61013,1200000,1800000
2022-08-26 05:55:26.696000,10.61621,10.61013,1200000,1800000
2022-08-26 05:55:26.797000,10.61618,10.61023,1200000,1800000
2022-08-26 05:55:26.847000,10.61686,10.60999,2100000,2100000
2022-08-26 05:55:26.898000,10.6162,10.61,1500000,2100000
2022-08-26 05:55:26.949000,10.61621,10.61003,1500000,3600000
2022-08-26 05:55:26.999000,10.61582,10.60993,1200000,1800000
2022-08-26 05:55:27.205000,10.61581,10.60994,1200000,1800000
2022-08-26 05:55:27.705000,10.61629,10.61013,1800000,1800000
2022-08-26 05:55:27.756000,10.61629,10.61013,1200000,1800000
2022-08-26 05:55:27.857000,10.6166,10.61013,1800000,1800000
2022-08-26 05:55:27.958000,10.61655,10.61013,1800000,1800000
2022-08-26 05:55:28.015000,10.61655,10.61013,1800000,1800000
2022-08-26 05:55:28.116000,10.61638,10.61013,1200000,3300000
2022-08-26 05:55:28.217000,10.61665,10.61038,1800000,1800000
2022-08-26 05:55:28.267000,10.61665,10.61038,1800000,1800000
2022-08-26 05:55:28.424000,10.6167,10.61038,1800000,1800000
2022-08-26 05:55:28.474000,10.61623,10.61033,1200000,1800000
2022-08-26 05:55:28.707000,10.61616,10.61033,1200000,1800000
2022-08-26 05:55:28.828000,10.61616,10.61033,1200000,1800000
2022-08-26 05:55:29.118000,10.61687,10.61033,1800000,1800000
2022-08-26 05:55:29.169000,10.61618,10.61033,1200000,1800000
2022-08-26 05:55:29.278000,10.6162,10.61033,1200000,1800000
2022-08-26 05:55:29.408000,10.61617,10.61033,1200000,1800000
2022-08-26 05:55:29.523000,10.61618,10.61033,1200000,1800000
2022-08-26 05:55:29.574000,10.61618,10.61033,1200000,1800000
2022-08-26 05:55:29.867000,10.61618,10.61013,1200000,1800000
2022-08-26 05:55:30.683000,10.61618,10.61013,1800000,1800000
2022-08-26 05:55:30.921000,10.61603,10.61013,1200000,1800000
2022-08-26 05:55:30.971000,10.61615,10.61013,1800000,1800000
2022-08-26 05:55:31.193000,10.61616,10.61013,1200000,1800000
2022-08-26 05:55:31.315000,10.61616,10.61013,1200000,1800000
2022-08-26 05:55:31.497000,10.61613,10.61023,1200000,1800000
2022-08-26 05:55:31.598000,10.61613,10.61033,1200000,1800000
2022-08-26 05:55:31.699000,10.61613,10.61023,1200000,1800000
2022-08-26 05:55:31.800000,10.61613,10.61013,1800000,1800000
2022-08-26 05:55:32.125000,10.61653,10.61006,2100000,2100000
2022-08-26 05:55:32.175000,10.61613,10.61003,1500000,2100000
2022-08-26 05:55:32.276000,10.6161,10.61007,1500000,2100000
2022-08-26 05:55:32.390000,10.6161,10.61007,1570000,2100000
2022-08-26 05:55:32.491000,10.61606,10.61007,1500000,2100000
2022-08-26 05:55:32.592000,10.61609,10.61008,2100000,2100000
2022-08-26 05:55:32.642000,10.61609,10.61008,1500000,2100000
2022-08-26 05:55:32.743000,10.6165,10.61007,2100000,2100000
2022-08-26 05:55:32.799000,10.6165,10.61007,1500000,2100000
2022-08-26 05:55:33.111000,10.6165,10.61007,2100000,2100000
2022-08-26 05:55:33.266000,10.61613,10.61007,1500000,2100000
2022-08-26 05:55:33.367000,10.61613,10.61007,2100000,2100000
2022-08-26 05:55:33.468000,10.61593,10.61006,1500000,2100000
2022-08-26 05:55:33.569000,10.61612,10.61007,2100000,2100000
2022-08-26 05:55:33.620000,10.61613,10.61006,2100000,2100000
2022-08-26 05:55:33.671000,10.61613,10.60999,2100000,2100000
2022-08-26 05:55:33.822000,10.61602,10.61014,1200000,1800000
2022-08-26 05:55:33.872000,10.61647,10.61013,1200000,1800000
2022-08-26 05:55:33.923000,10.61613,10.61013,1800000,1800000
2022-08-26 05:55:34.036000,10.61557,10.61013,1200000,1800000
2022-08-26 05:55:34.252000,10.61557,10.60996,1500000,2100000
2022-08-26 05:55:34.353000,10.61557,10.60996,1500000,2100000
2022-08-26 05:55:34.403000,10.61607,10.60996,2100000,2100000
2022-08-26 05:55:34.454000,10.61595,10.60997,2100000,2100000
2022-08-26 05:55:34.561000,10.61596,10.60996,2100000,2100000
2022-08-26 05:55:34.726000,10.61596,10.60996,1500000,2100000
2022-08-26 05:55:34.776000,10.61588,10.60996,1500000,2100000
2022-08-26 05:55:34.901000,10.61596,10.60996,2100000,2100000
2022-08-26 05:55:34.952000,10.61637,10.60996,2100000,2100000
2022-08-26 05:55:35.053000,10.61603,10.60996,2100000,2100000
2022-08-26 05:55:35.154000,10.61573,10.60999,1200000,1800000
2022-08-26 05:55:35.204000,10.61568,10.60999,1200000,1800000
2022-08-26 05:55:35.305000,10.61606,10.60997,2100000,2100000
2022-08-26 05:55:35.356000,10.61606,10.60997,2100000,2100000
2022-08-26 05:55:35.616000,10.61588,10.61003,1200000,1800000
2022-08-26 05:55:36.285000,10.61588,10.61013,1200000,1800000
2022-08-26 05:55:39.658000,10.61561,10.61013,1200000,1800000
2022-08-26 05:55:40.013000,10.61617,10.61013,1800000,1800000
2022-08-26 05:55:40.114000,10.61603,10.61013,1200000,1800000
2022-08-26 05:55:40.215000,10.61598,10.61003,1200000,1800000
2022-08-26 05:55:40.321000,10.61575,10.60983,1800000,1800000
2022-08-26 05:55:40.422000,10.61553,10.60963,1200000,1800000
2022-08-26 05:55:40.543000,10.61543,10.6096,1500000,2100000
2022-08-26 05:55:40.594000,10.61516,10.60949,1500000,2100000
2022-08-26 05:55:41.364000,10.61523,10.60946,2100000,2100000
2022-08-26 05:55:41.415000,10.6157,10.60953,1500000,2100000
2022-08-26 05:55:41.516000,10.61553,10.60963,1500000,2100000
2022-08-26 05:55:41.631000,10.61553,10.60963,1800000,1800000
2022-08-26 05:55:41.761000,10.61549,10.60963,1500000,2100000
2022-08-26 05:55:41.862000,10.61549,10.60963,1200000,1800000
2022-08-26 05:55:41.963000,10.61549,10.60973,1500000,2100000
2022-08-26 05:55:42.064000,10.61656,10.60983,2100000,2100000
2022-08-26 05:55:42.165000,10.61592,10.60986,1500000,2100000
2022-08-26 05:55:42.266000,10.61607,10.60986,1500000,2100000
2022-08-26 05:55:42.316000,10.61595,10.60986,1500000,2100000
2022-08-26 05:55:42.521000,10.61595,10.61013,1200000,1800000
2022-08-26 05:55:42.571000,10.61616,10.61013,1800000,1800000
2022-08-26 05:55:42.622000,10.61615,10.61014,1800000,1800000
2022-08-26 05:55:43.461000,10.61603,10.61013,1200000,1800000
2022-08-26 05:55:43.728000,10.61582,10.61013,1200000,1800000
2022-08-26 05:55:43.882000,10.61581,10.61014,1200000,1800000
2022-08-26 05:55:44.165000,10.61582,10.61003,1200000,1800000
2022-08-26 05:55:44.216000,10.61625,10.61014,1800000,1800000
2022-08-26 05:55:44.266000,10.61626,10.61013,1800000,1800000
2022-08-26 05:55:44.367000,10.61608,10.61013,1200000,1800000
2022-08-26 05:55:44.524000,10.61628,10.61003,2100000,2100000
2022-08-26 05:55:44.625000,10.61628,10.61003,1200000,1800000
2022-08-26 05:55:44.675000,10.61618,10.61003,1200000,1800000
2022-08-26 05:55:44.786000,10.61613,10.61003,1200000,1800000
2022-08-26 05:55:44.887000,10.61578,10.60999,1500000,2100000
2022-08-26 05:55:45.253000,10.61578,10.60999,1500000,2100000
2022-08-26 05:55:46.906000,10.61578,10.61013,1200000,1800000
2022-08-26 05:55:46.966000,10.61568,10.60993,1500000,2100000
2022-08-26 05:55:47.017000,10.61567,10.60994,1200000,1800000
2022-08-26 05:55:47.175000,10.61646,10.60993,2100000,2100000
2022-08-26 05:55:47.226000,10.61578,10.60993,1200000,1800000
2022-08-26 05:55:47.335000,10.61578,10.60993,1200000,1800000
2022-08-26 05:55:48.330000,10.61568,10.60993,1500000,2100000
2022-08-26 05:55:48.450000,10.61568,10.60993,1500000,2100000
2022-08-26 05:55:49.455000,10.61568,10.60953,1200000,1800000
2022-08-26 05:55:49.506000,10.61546,10.60953,1200000,1800000
2022-08-26 05:55:49.556000,10.61536,10.60953,1200000,1800000
2022-08-26 05:55:49.666000,10.61536,10.60953,1200000,1800000
2022-08-26 05:55:49.826000,10.61536,10.60953,1200000,1800000
2022-08-26 05:55:49.927000,10.61534,10.60953,1200000,1800000
2022-08-26 05:55:50.028000,10.61534,10.60953,1200000,1800000
2022-08-26 05:55:50.079000,10.61523,10.60943,1500000,2100000
2022-08-26 05:55:50.130000,10.61523,10.60943,2100000,2100000
2022-08-26 05:55:50.303000,10.61513,10.60943,1500000,2100000
2022-08-26 05:55:51.584000,10.61508,10.60953,1200000,1800000
2022-08-26 05:55:51.828000,10.61523,10.60943,1800000,1800000
2022-08-26 05:55:51.879000,10.61523,10.60953,1200000,1800000
2022-08-26 05:55:52.203000,10.61523,10.60943,1800000,1800000
2022-08-26 05:55:52.661000,10.61508,10.60943,1200000,1800000
2022-08-26 05:55:59.182000,10.61543,10.60947,2100000,2100000
2022-08-26 05:55:59.283000,10.61582,10.60973,1200000,1800000
2022-08-26 05:55:59.384000,10.61571,10.60954,1200000,1800000
2022-08-26 05:55:59.434000,10.61572,10.60953,1200000,1800000
2022-08-26 05:55:59.485000,10.61561,10.60953,1200000,1800000
2022-08-26 05:55:59.793000,10.61558,10.60953,1200000,1800000
2022-08-26 05:55:59.894000,10.61538,10.60953,1200000,1800000
2022-08-26 05:55:59.945000,10.61613,10.60953,2100000,2100000
2022-08-26 05:55:59.996000,10.61561,10.60953,1340000,1800000
2022-08-26 05:56:00.156000,10.61543,10.60953,1200000,1800000
2022-08-26 05:56:00.257000,10.61539,10.60954,1200000,1800000
2022-08-26 05:56:00.396000,10.6152,10.60953,1200000,1800000
2022-08-26 05:56:00.446000,10.61616,10.60953,2100000,2100000
2022-08-26 05:56:00.547000,10.61551,10.60953,1200000,1800000
2022-08-26 05:56:00.756000,10.61537,10.60954,1200000,1800000
2022-08-26 05:56:00.806000,10.61551,10.60953,1200000,1800000
2022-08-26 05:56:01.092000,10.61528,10.60953,1200000,1800000
2022-08-26 05:56:01.142000,10.6155,10.60954,1340000,1800000
2022-08-26 05:56:01.435000,10.61538,10.60953,1200000,1800000
2022-08-26 05:56:01.485000,10.61551,10.60943,1340000,1800000
2022-08-26 05:56:01.775000,10.61596,10.60943,2100000,2100000
2022-08-26 05:56:01.826000,10.61551,10.60943,1200000,1800000
2022-08-26 05:56:01.983000,10.61543,10.60943,1200000,1800000
2022-08-26 05:56:02.133000,10.61543,10.60943,1800000,1800000
2022-08-26 05:56:02.736000,10.61512,10.60943,1200000,1800000
2022-08-26 05:56:05.708000,10.61512,10.60953,1200000,1800000
2022-08-26 05:56:06.187000,10.61508,10.60953,1200000,1800000
2022-08-26 05:56:06.696000,10.61615,10.60933,2220000,2100000
2022-08-26 05:56:06.813000,10.61617,10.60943,3600000,2100000
2022-08-26 05:56:06.864000,10.61546,10.60933,1200000,1800000
2022-08-26 05:56:06.978000,10.61534,10.60933,1200000,1800000
2022-08-26 05:56:07.029000,10.61577,10.60933,1800000,1800000
2022-08-26 05:56:07.079000,10.61534,10.60933,1200000,1800000
2022-08-26 05:56:07.180000,10.61567,10.60933,2100000,2100000
2022-08-26 05:56:07.531000,10.61513,10.60933,1200000,1800000
2022-08-26 05:56:08.920000,10.6151,10.60933,1200000,1800000
2022-08-26 05:56:09.021000,10.61484,10.60934,1200000,1800000
2022-08-26 05:56:09.122000,10.61484,10.60934,1200000,1800000
2022-08-26 05:56:09.460000,10.61485,10.60933,1200000,1800000
2022-08-26 05:56:09.679000,10.61474,10.60933,1200000,1800000
2022-08-26 05:56:14.454000,10.61493,10.60933,1200000,1800000
2022-08-26 05:56:14.506000,10.61493,10.60933,1200000,1800000
2022-08-26 05:56:14.557000,10.61471,10.60933,1200000,1800000
2022-08-26 05:56:14.658000,10.61471,10.60923,1200000,1800000
2022-08-26 05:56:16.086000,10.61482,10.60923,1200000,1800000
2022-08-26 05:56:16.785000,10.61471,10.60923,1200000,1800000
2022-08-26 05:56:16.886000,10.61482,10.60923,1200000,1800000
2022-08-26 05:56:19.398000,10.61484,10.60933,1200000,1800000
2022-08-26 05:56:19.449000,10.61484,10.60933,1200000,1800000
2022-08-26 05:56:19.633000,10.61505,10.60923,1200000,1800000
2022-08-26 05:56:19.784000,10.61516,10.60933,1200000,1800000
2022-08-26 05:56:19.835000,10.61516,10.60943,1200000,1800000
2022-08-26 05:56:19.885000,10.61553,10.60943,1200000,1800000
2022-08-26 05:56:19.986000,10.61553,10.60943,1200000,1800000
2022-08-26 05:56:20.187000,10.61564,10.60953,1800000,1800000
2022-08-26 05:56:20.288000,10.61564,10.60953,1500000,3600000
2022-08-26 05:56:20.338000,10.61564,10.60963,1500000,2100000
2022-08-26 05:56:20.439000,10.61549,10.60973,1200000,1800000
2022-08-26 05:56:20.540000,10.61549,10.60973,1500000,2100000
2022-08-26 05:56:20.641000,10.61549,10.60973,1200000,1800000
2022-08-26 05:56:20.720000,10.61549,10.60973,1200000,1800000
2022-08-26 05:56:21.164000,10.61549,10.60963,1200000,1800000
2022-08-26 05:56:21.215000,10.61538,10.60943,1200000,1800000
2022-08-26 05:56:21.416000,10.61533,10.60943,1200000,1800000
2022-08-26 05:56:21.742000,10.61538,10.60943,1200000,1800000
2022-08-26 05:56:21.911000,10.61533,10.60943,1200000,1800000
2022-08-26 05:56:22.041000,10.61573,10.60943,1800000,1800000
2022-08-26 05:56:22.248000,10.61538,10.60943,1200000,3300000
2022-08-26 05:56:22.344000,10.61538,10.60943,1200000,3300000
2022-08-26 05:56:22.655000,10.61538,10.60943,1200000,3300000
2022-08-26 05:56:22.856000,10.61687,10.60943,1800000,1800000
2022-08-26 05:56:22.958000,10.61583,10.60944,1200000,1800000
2022-08-26 05:56:23.162000,10.61584,10.60953,1800000,1800000
2022-08-26 05:56:23.265000,10.61584,10.60953,1800000,3300000
2022-08-26 05:56:23.589000,10.61553,10.60953,1200000,1800000
2022-08-26 05:56:23.718000,10.61548,10.60953,1200000,1800000
2022-08-26 05:56:24.405000,10.61657,10.60953,1800000,1800000
2022-08-26 05:56:24.456000,10.61548,10.60943,1200000,1800000
2022-08-26 05:56:24.557000,10.61548,10.60943,1800000,1800000
2022-08-26 05:56:24.607000,10.61548,10.60943,1200000,1800000
2022-08-26 05:56:24.708000,10.61548,10.60943,1200000,3300000
2022-08-26 05:56:24.809000,10.61537,10.60938,1200000,1800000
2022-08-26 05:56:24.926000,10.61537,10.60943,1200000,1800000
2022-08-26 05:56:25.095000,10.61537,10.60943,1200000,1800000
2022-08-26 05:56:26.318000,10.61537,10.60943,1200000,1800000
2022-08-26 05:56:26.561000,10.61548,10.60953,2100000,2100000
2022-08-26 05:56:26.661000,10.61573,10.60953,1800000,1800000
2022-08-26 05:56:26.762000,10.61561,10.60954,1200000,1800000
2022-08-26 05:56:26.863000,10.61562,10.60953,1800000,1800000
2022-08-26 05:56:26.964000,10.61562,10.60953,1800000,1800000
2022-08-26 05:56:27.071000,10.61556,10.60953,1200000,1800000
2022-08-26 05:56:27.122000,10.61543,10.60953,1200000,1800000
2022-08-26 05:56:27.923000,10.61538,10.60953,1200000,1800000
2022-08-26 05:56:28.809000,10.61516,10.60953,1200000,1800000
2022-08-26 05:56:29.502000,10.61516,10.6093,1500000,2100000
2022-08-26 05:56:30.024000,10.61516,10.6093,1500000,2100000
2022-08-26 05:56:30.372000,10.61513,10.60926,1500000,2100000
2022-08-26 05:56:30.476000,10.61513,10.60927,2100000,2100000
2022-08-26 05:56:33.101000,10.61527,10.60947,2100000,2100000
2022-08-26 05:56:33.202000,10.61537,10.60919,1500000,2100000
2022-08-26 05:56:33.303000,10.61537,10.60949,1500000,2100000
2022-08-26 05:56:33.354000,10.61568,10.60972,1800000,1800000
2022-08-26 05:56:33.404000,10.61569,10.60949,1500000,2100000
2022-08-26 05:56:33.458000,10.61569,10.60949,1500000,2100000
2022-08-26 05:56:33.508000,10.61555,10.60949,1500000,2100000
2022-08-26 05:56:33.610000,10.61537,10.60948,1500000,2100000
2022-08-26 05:56:33.711000,10.61537,10.60949,1500000,2100000
2022-08-26 05:56:33.886000,10.61537,10.60949,1500000,2100000
2022-08-26 05:56:33.990000,10.61537,10.60949,1500000,2100000
2022-08-26 05:56:34.041000,10.61587,10.60971,1800000,1800000
2022-08-26 05:56:34.091000,10.61543,10.60971,1500000,2100000
2022-08-26 05:56:34.142000,10.61569,10.60971,2100000,2100000
2022-08-26 05:56:34.243000,10.61559,10.60971,1500000,2100000
2022-08-26 05:56:34.410000,10.61559,10.60953,1200000,1800000
2022-08-26 05:56:34.678000,10.61559,10.60953,1200000,1800000
2022-08-26 05:56:34.779000,10.61559,10.60953,1200000,1800000
2022-08-26 05:56:34.924000,10.61559,10.60943,1200000,1800000
2022-08-26 05:56:34.983000,10.61559,10.60943,1200000,1800000
2022-08-26 05:56:35.595000,10.61559,10.60963,1800000,1800000
2022-08-26 05:56:35.697000,10.61559,10.60943,1200000,1800000
2022-08-26 05:56:36.408000,10.61559,10.60953,1200000,1800000
2022-08-26 05:56:36.608000,10.61558,10.60954,1200000,1800000
2022-08-26 05:56:37.208000,10.61569,10.60963,1200000,1800000
2022-08-26 05:56:37.360000,10.61569,10.60988,1200000,1800000
2022-08-26 05:56:37.461000,10.61569,10.60988,1200000,1800000
2022-08-26 05:56:37.512000,10.61569,10.60988,1200000,1800000
2022-08-26 05:56:37.918000,10.61569,10.60993,1200000,1800000
2022-08-26 05:56:39.682000,10.61591,10.61003,1500000,2100000
2022-08-26 05:56:40.714000,10.61601,10.61007,1500000,2100000
2022-08-26 05:56:40.929000,10.61591,10.61007,1500000,2100000
2022-08-26 05:56:40.979000,10.61591,10.61002,1500000,2100000
2022-08-26 05:56:41.044000,10.6158,10.60999,1500000,2100000
2022-08-26 05:56:41.145000,10.6158,10.60999,1500000,2100000
2022-08-26 05:56:41.246000,10.61591,10.60999,1500000,2100000
2022-08-26 05:56:41.576000,10.6158,10.60999,1500000,2100000
2022-08-26 05:56:41.708000,10.6158,10.60999,1500000,2100000
2022-08-26 05:56:41.930000,10.61637,10.60997,2100000,2100000
2022-08-26 05:56:42.040000,10.61591,10.60997,1500000,2100000
2022-08-26 05:56:42.191000,10.61591,10.60997,1500000,2100000
2022-08-26 05:56:42.692000,10.6158,10.60996,1500000,2100000
2022-08-26 05:56:42.743000,10.61591,10.60996,1500000,2100000
2022-08-26 05:56:42.793000,10.61591,10.60996,1500000,2100000
2022-08-26 05:56:42.894000,10.61591,10.60996,1500000,2100000
2022-08-26 05:56:42.995000,10.6158,10.60996,1500000,2100000
2022-08-26 05:56:43.810000,10.6158,10.60996,1500000,2100000
2022-08-26 05:56:44.519000,10.61579,10.61,1200000,1800000
2022-08-26 05:56:45.540000,10.6158,10.60999,1200000,1800000
2022-08-26 05:56:45.694000,10.61627,10.61003,1800000,1800000
2022-08-26 05:56:45.745000,10.616,10.61004,1200000,1800000
2022-08-26 05:56:45.852000,10.61601,10.61003,1200000,1800000
2022-08-26 05:56:45.968000,10.61601,10.60996,2100000,2100000
2022-08-26 05:56:46.073000,10.61601,10.60999,1500000,2100000
2022-08-26 05:56:46.174000,10.61601,10.61013,1200000,1800000
2022-08-26 05:56:47.136000,10.61611,10.61,2100000,2100000
2022-08-26 05:56:47.261000,10.61622,10.61047,1500000,1500000
2022-08-26 05:56:47.312000,10.61633,10.61046,1500000,1500000
2022-08-26 05:56:47.363000,10.61633,10.61046,1500000,2100000
2022-08-26 05:56:47.464000,10.61633,10.61046,2100000,2100000
2022-08-26 05:56:47.565000,10.61623,10.61046,1500000,2100000
2022-08-26 05:56:47.667000,10.61623,10.61003,2100000,2100000
2022-08-26 05:56:47.798000,10.61623,10.61011,2100000,2100000
2022-08-26 05:56:51.129000,10.61622,10.61016,2100000,2100000
2022-08-26 05:56:51.230000,10.61622,10.61016,2100000,2100000
2022-08-26 05:56:52.967000,10.61632,10.61023,1200000,1800000
2022-08-26 05:56:53.068000,10.61632,10.61033,1200000,1800000
2022-08-26 05:56:53.169000,10.61632,10.61013,1500000,2100000
2022-08-26 05:56:53.312000,10.61632,10.61033,1800000,1800000
2022-08-26 05:56:53.514000,10.61632,10.61013,1500000,2100000
2022-08-26 05:56:57.155000,10.61632,10.61053,1200000,1800000
2022-08-26 05:56:57.413000,10.61633,10.61053,1200000,1800000
2022-08-26 05:56:57.514000,10.61632,10.61044,1500000,2100000
2022-08-26 05:56:57.668000,10.61633,10.61049,1500000,2100000
2022-08-26 05:56:57.975000,10.61633,10.61049,1500000,2100000
2022-08-26 05:56:58.078000,10.61633,10.61049,1500000,2100000
2022-08-26 05:56:58.360000,10.61653,10.61049,2100000,2100000
2022-08-26 05:56:58.411000,10.61653,10.61049,2100000,2100000
2022-08-26 05:56:58.512000,10.61655,10.61049,2100000,2100000
2022-08-26 05:56:58.588000,10.61654,10.6105,1500000,2100000
2022-08-26 05:56:59.079000,10.61665,10.61049,2100000,2100000
2022-08-26 05:56:59.129000,10.61665,10.61049,2100000,2100000
2022-08-26 05:56:59.230000,10.61633,10.61049,1500000,2100000
2022-08-26 05:56:59.281000,10.61691,10.61049,2100000,2100000
2022-08-26 05:56:59.331000,10.61645,10.6105,1500000,2100000
2022-08-26 05:56:59.439000,10.61646,10.61049,1500000,2100000
2022-08-26 05:56:59.728000,10.61646,10.61053,1500000,2100000
2022-08-26 05:56:59.779000,10.61697,10.61053,1800000,1800000
2022-08-26 05:56:59.829000,10.6168,10.61053,1800000,1800000
2022-08-26 05:56:59.940000,10.6168,10.61053,1200000,3300000
2022-08-26 05:57:00.174000,10.61669,10.61053,1200000,1800000
2022-08-26 05:57:00.647000,10.61668,10.61053,1200000,1800000
2022-08-26 05:57:00.887000,10.61668,10.61053,1800000,1800000
2022-08-26 05:57:01.038000,10.61653,10.61073,1200000,1800000
2022-08-26 05:57:01.179000,10.61648,10.61073,1200000,1800000
2022-08-26 05:57:03.427000,10.61642,10.61073,1200000,1800000
2022-08-26 05:57:04.956000,10.61697,10.61073,2100000,2100000
2022-08-26 05:57:05.007000,10.61648,10.61073,1200000,1800000
2022-08-26 05:57:05.993000,10.61642,10.61073,1200000,1800000
2022-08-26 05:57:06.113000,10.61642,10.61073,1200000,1800000
2022-08-26 05:57:10.238000,10.61632,10.61073,1200000,1800000
2022-08-26 05:57:12.497000,10.61686,10.61064,1800000,1800000
2022-08-26 05:57:12.603000,10.61642,10.61063,1200000,1800000
2022-08-26 05:57:24.538000,10.61625,10.61074,1500000,2100000
2022-08-26 05:57:24.791000,10.61642,10.61063,2100000,2100000
2022-08-26 05:57:24.842000,10.61642,10.61063,1500000,2100000
2022-08-26 05:57:27.765000,10.61632,10.61073,1200000,1800000
2022-08-26 05:57:27.866000,10.61632,10.61073,1200000,1800000
2022-08-26 05:57:28.241000,10.61642,10.61063,2100000,2100000
2022-08-26 05:57:28.354000,10.61642,10.61063,1500000,2100000
2022-08-26 05:57:28.614000,10.61642,10.61073,1200000,1800000
2022-08-26 05:57:30.155000,10.61642,10.61073,1200000,1800000
2022-08-26 05:57:30.256000,10.61633,10.61073,1200000,1800000
2022-08-26 05:57:30.590000,10.61648,10.61063,2100000,2100000
2022-08-26 05:57:30.657000,10.61648,10.61063,1500000,2100000
2022-08-26 05:57:30.988000,10.61622,10.61073,1200000,1800000
2022-08-26 05:57:31.580000,10.61633,10.61063,1500000,2100000
2022-08-26 05:57:31.964000,10.61665,10.61073,1800000,1800000
2022-08-26 05:57:32.065000,10.61686,10.61103,1200000,1800000
2022-08-26 05:57:32.115000,10.61686,10.61103,1200000,1800000
2022-08-26 05:57:32.216000,10.61686,10.61113,1200000,1800000
2022-08-26 05:57:32.280000,10.61686,10.61113,1200000,1800000
2022-08-26 05:57:32.381000,10.61675,10.61113,1200000,1800000
2022-08-26 05:57:32.698000,10.61675,10.61103,1500000,2100000
2022-08-26 05:57:32.748000,10.61664,10.611,1500000,2100000
2022-08-26 05:57:32.799000,10.61734,10.61103,1500000,2100000
2022-08-26 05:57:32.849000,10.61701,10.61113,1200000,1800000
2022-08-26 05:57:32.984000,10.617,10.61113,1200000,1800000
2022-08-26 05:57:33.305000,10.617,10.61113,1200000,1800000
2022-08-26 05:57:33.408000,10.617,10.61113,1200000,1800000
2022-08-26 05:57:34.915000,10.617,10.61113,1200000,1800000
2022-08-26 05:57:35.016000,10.61685,10.61123,1200000,1800000
2022-08-26 05:57:35.076000,10.61685,10.61113,1200000,1800000
2022-08-26 05:57:35.186000,10.61746,10.61114,2100000,2100000
2022-08-26 05:57:35.237000,10.61685,10.61114,1200000,1800000
2022-08-26 05:57:35.343000,10.61685,10.61114,1200000,1800000
2022-08-26 05:57:36.100000,10.61754,10.61113,1800000,1800000
2022-08-26 05:57:36.151000,10.61766,10.61113,1800000,1800000
2022-08-26 05:57:36.270000,10.61731,10.61103,1200000,1800000
2022-08-26 05:57:36.390000,10.61731,10.61103,1800000,3300000
2022-08-26 05:57:36.491000,10.61784,10.61096,2220000,2100000
2022-08-26 05:57:36.592000,10.61763,10.61103,1800000,1800000
2022-08-26 05:57:36.753000,10.61784,10.61096,2100000,2100000
2022-08-26 05:57:36.803000,10.61777,10.61096,1500000,2100000
2022-08-26 05:57:36.904000,10.61722,10.61096,2100000,2100000
2022-08-26 05:57:37.005000,10.61722,10.61103,1800000,1800000
2022-08-26 05:57:37.106000,10.61708,10.61103,1800000,1800000
2022-08-26 05:57:37.514000,10.61708,10.61103,1800000,1800000
2022-08-26 05:57:37.621000,10.61683,10.61096,1500000,2100000
2022-08-26 05:57:37.722000,10.61722,10.61103,1800000,1800000
2022-08-26 05:57:37.774000,10.61722,10.61103,1800000,1800000
2022-08-26 05:57:38.075000,10.61722,10.61103,1800000,1800000
2022-08-26 05:57:39.529000,10.61708,10.61113,2100000,2100000
2022-08-26 05:57:39.630000,10.61675,10.61103,1200000,1800000
2022-08-26 05:57:40.273000,10.61675,10.61103,1500000,2100000
2022-08-26 05:57:40.731000,10.61727,10.61113,1800000,1800000
2022-08-26 05:57:40.834000,10.61719,10.61113,1200000,1800000
2022-08-26 05:57:41.134000,10.61679,10.61113,1200000,1800000
2022-08-26 05:57:41.185000,10.61679,10.61113,1200000,1800000
2022-08-26 05:57:41.235000,10.61669,10.61097,1500000,2100000
2022-08-26 05:57:41.286000,10.61775,10.61124,2100000,1500000
2022-08-26 05:57:41.337000,10.6169,10.61103,1800000,1800000
2022-08-26 05:57:41.387000,10.6169,10.61096,1500000,2100000
2022-08-26 05:57:41.488000,10.61689,10.61104,1200000,1800000
2022-08-26 05:57:41.942000,10.6169,10.61103,1200000,1800000
2022-08-26 05:57:42.076000,10.61688,10.61103,1200000,1800000
2022-08-26 05:57:42.185000,10.61688,10.61103,1200000,1800000
2022-08-26 05:57:42.408000,10.61747,10.61113,1800000,1800000
2022-08-26 05:57:42.459000,10.61719,10.61113,1200000,1800000
2022-08-26 05:57:42.761000,10.61719,10.61123,1200000,1800000
2022-08-26 05:57:42.870000,10.61719,10.61113,2100000,2100000
2022-08-26 05:57:42.972000,10.61678,10.61113,1200000,1800000
2022-08-26 05:57:43.477000,10.6168,10.61103,1200000,1800000
2022-08-26 05:57:43.782000,10.6168,10.61113,1200000,1800000
2022-08-26 05:57:44.504000,10.6168,10.61096,1500000,2100000
2022-08-26 05:57:44.618000,10.6168,10.61096,1500000,2100000
2022-08-26 05:57:46.153000,10.6168,10.61103,1200000,1800000
2022-08-26 05:57:46.581000,10.61681,10.61123,1200000,1800000
2022-08-26 05:57:46.687000,10.61681,10.61123,1200000,1800000
2022-08-26 05:57:46.788000,10.61681,10.61103,1200000,1800000
2022-08-26 05:57:46.839000,10.61681,10.61103,1200000,1800000
2022-08-26 05:57:47.143000,10.61681,10.61146,1500000,2100000
2022-08-26 05:57:47.244000,10.61683,10.61146,1500000,2100000
2022-08-26 05:57:47.541000,10.61683,10.61146,1500000,2100000
2022-08-26 05:57:47.645000,10.61682,10.61147,1500000,2100000
2022-08-26 05:57:47.845000,10.61683,10.61103,1200000,1800000
2022-08-26 05:57:49.715000,10.61681,10.61113,1200000,1800000
2022-08-26 05:57:49.834000,10.61681,10.61113,1200000,1800000
2022-08-26 05:57:49.935000,10.61678,10.61103,1200000,1800000
2022-08-26 05:57:50.114000,10.61678,10.61103,1200000,1800000
2022-08-26 05:57:51.031000,10.61681,10.61113,1200000,1800000
2022-08-26 05:57:51.151000,10.61678,10.61103,1200000,1800000
2022-08-26 05:57:51.215000,10.61678,10.61103,1200000,1800000
2022-08-26 05:57:54.196000,10.61716,10.61134,1200000,1800000
2022-08-26 05:57:54.297000,10.61717,10.61113,1200000,3300000
2022-08-26 05:57:54.347000,10.61678,10.61113,1200000,1800000
2022-08-26 05:57:54.398000,10.61678,10.61113,1200000,1800000
2022-08-26 05:57:54.583000,10.61678,10.61103,1200000,1800000
2022-08-26 05:57:57.197000,10.61699,10.61146,2100000,2100000
2022-08-26 05:57:57.298000,10.61797,10.61146,2100000,2100000
2022-08-26 05:57:57.348000,10.6176,10.61146,1500000,2100000
2022-08-26 05:57:57.399000,10.6176,10.61146,1500000,2100000
2022-08-26 05:57:57.500000,10.6176,10.61146,1500000,2100000
2022-08-26 05:57:57.698000,10.6176,10.61146,2100000,2100000
2022-08-26 05:57:57.799000,10.61759,10.6115,1500000,2100000
2022-08-26 05:57:57.857000,10.61759,10.6115,1500000,2100000
2022-08-26 05:57:57.958000,10.6176,10.61149,2100000,2100000
2022-08-26 05:57:58.059000,10.6176,10.61149,2100000,1640000
2022-08-26 05:57:58.161000,10.6176,10.61149,1500000,1500000
2022-08-26 05:57:58.263000,10.6176,10.61149,1500000,2100000
2022-08-26 05:57:58.367000,10.6176,10.61149,1500000,2100000
2022-08-26 05:57:58.518000,10.6176,10.61163,1200000,1800000
2022-08-26 05:57:58.619000,10.6176,10.61163,1200000,1800000
2022-08-26 05:57:59.142000,10.6177,10.61163,1200000,1800000
2022-08-26 05:57:59.193000,10.6177,10.61163,1200000,1800000
2022-08-26 05:57:59.458000,10.61768,10.6113,1500000,2100000
2022-08-26 05:57:59.559000,10.61689,10.61103,1500000,2100000
2022-08-26 05:57:59.610000,10.61728,10.61123,1500000,2100000
2022-08-26 05:57:59.716000,10.61733,10.61113,1500000,2100000
2022-08-26 05:57:59.835000,10.61735,10.61123,1500000,2100000
2022-08-26 05:57:59.986000,10.61733,10.61123,1500000,2100000
2022-08-26 05:58:00.087000,10.61756,10.61124,2100000,2100000
2022-08-26 05:58:00.188000,10.6174,10.61123,1800000,1800000
2022-08-26 05:58:00.239000,10.61728,10.61133,1200000,1800000
2022-08-26 05:58:00.407000,10.61725,10.61133,1200000,1800000
2022-08-26 05:58:00.512000,10.61725,10.61096,2100000,2100000
2022-08-26 05:58:00.613000,10.61713,10.61103,1200000,1800000
2022-08-26 05:58:00.729000,10.61709,10.61097,1500000,2100000
2022-08-26 05:58:00.830000,10.61708,10.61103,1200000,1800000
2022-08-26 05:58:00.943000,10.61708,10.61103,1200000,1800000
2022-08-26 05:58:01.047000,10.61708,10.61103,1200000,1800000
2022-08-26 05:58:01.257000,10.61708,10.61096,1500000,2100000
2022-08-26 05:58:01.358000,10.61664,10.61096,1500000,2100000
2022-08-26 05:58:01.408000,10.61664,10.61096,1500000,2100000
2022-08-26 05:58:01.459000,10.61689,10.61097,2100000,2100000
2022-08-26 05:58:01.509000,10.6169,10.61096,1500000,2100000
2022-08-26 05:58:02.153000,10.61689,10.61084,1340000,1800000
2022-08-26 05:58:02.254000,10.61683,10.61073,1500000,2100000
2022-08-26 05:58:02.371000,10.61683,10.61073,2100000,2100000
2022-08-26 05:58:03.130000,10.61653,10.61093,1200000,1800000
2022-08-26 05:58:03.231000,10.61653,10.61093,1200000,1800000
2022-08-26 05:58:03.534000,10.61693,10.61083,1800000,1800000
2022-08-26 05:58:03.636000,10.61692,10.61084,1200000,1800000
2022-08-26 05:58:03.686000,10.6169,10.61083,1200000,1800000
2022-08-26 05:58:03.787000,10.61688,10.61083,1200000,1800000
2022-08-26 05:58:06.562000,10.6165,10.61043,1500000,2100000
2022-08-26 05:58:06.615000,10.61639,10.61043,1500000,2100000
2022-08-26 05:58:06.666000,10.61671,10.61041,2100000,2100000
2022-08-26 05:58:06.767000,10.61671,10.61043,1200000,1800000
2022-08-26 05:58:06.919000,10.61657,10.61044,1200000,1800000
2022-08-26 05:58:07.232000,10.61621,10.61034,1200000,1800000
2022-08-26 05:58:07.377000,10.61622,10.61033,1200000,1800000
2022-08-26 05:58:07.554000,10.61622,10.61013,1800000,1800000
2022-08-26 05:58:07.605000,10.61615,10.61003,1200000,1800000
2022-08-26 05:58:07.706000,10.61743,10.61043,1800000,1320000
2022-08-26 05:58:07.756000,10.61672,10.61138,1200000,1200000
2022-08-26 05:58:07.857000,10.61754,10.61139,1200000,1800000
2022-08-26 05:58:07.958000,10.61755,10.61143,1200000,1800000
2022-08-26 05:58:08.059000,10.61754,10.61144,1200000,3300000
2022-08-26 05:58:08.110000,10.61765,10.61143,1200000,1800000
2022-08-26 05:58:08.211000,10.61755,10.61143,1200000,3300000
2022-08-26 05:58:08.312000,10.61744,10.61143,1200000,1800000
2022-08-26 05:58:08.443000,10.61732,10.61144,1200000,1800000
2022-08-26 05:58:08.493000,10.61744,10.61143,1200000,1800000
2022-08-26 05:58:08.749000,10.61744,10.61153,1200000,1800000
2022-08-26 05:58:09.004000,10.61708,10.61153,1200000,1800000
2022-08-26 05:58:09.055000,10.61708,10.61138,1200000,1800000
2022-08-26 05:58:09.897000,10.61708,10.61138,1200000,1800000
2022-08-26 05:58:10.049000,10.61697,10.61123,1200000,1800000
2022-08-26 05:58:10.150000,10.61743,10.61138,1800000,1800000
2022-08-26 05:58:10.304000,10.61705,10.61138,1200000,1800000
2022-08-26 05:58:10.405000,10.61705,10.61138,1200000,1800000
2022-08-26 05:58:11.320000,10.61744,10.61153,1200000,1800000
2022-08-26 05:58:11.440000,10.61743,10.61153,1200000,1800000
2022-08-26 05:58:11.541000,10.61744,10.61153,1200000,1800000
2022-08-26 05:58:12.276000,10.61738,10.61153,1200000,1800000
2022-08-26 05:58:12.376000,10.61723,10.61153,1200000,1800000
2022-08-26 05:58:12.571000,10.61718,10.61153,1200000,1800000
2022-08-26 05:58:12.622000,10.61777,10.61153,1800000,1800000
2022-08-26 05:58:12.987000,10.61718,10.61153,1200000,1800000
2022-08-26 05:58:13.488000,10.61713,10.61153,1200000,1800000
2022-08-26 05:58:14.365000,10.61713,10.61153,1200000,1800000
2022-08-26 05:58:16.912000,10.61713,10.61153,1200000,1800000
2022-08-26 05:58:19.936000,10.61713,10.61163,1200000,1800000
2022-08-26 05:58:20.837000,10.61713,10.61163,1200000,1800000
2022-08-26 05:58:21.635000,10.61819,10.61188,2100000,2100000
2022-08-26 05:58:21.686000,10.61777,10.61163,1800000,1800000
2022-08-26 05:58:21.816000,10.61776,10.61174,1200000,1800000
2022-08-26 05:58:22.020000,10.61772,10.61174,1200000,1800000
2022-08-26 05:58:22.169000,10.61817,10.61173,2100000,2100000
2022-08-26 05:58:22.220000,10.61777,10.61173,1200000,1800000
2022-08-26 05:58:22.321000,10.61777,10.61173,1800000,1800000
2022-08-26 05:58:22.525000,10.61773,10.61238,2100000,1500000
2022-08-26 05:58:22.627000,10.61862,10.61246,2100000,2100000
2022-08-26 05:58:22.678000,10.61862,10.61246,2100000,2100000
2022-08-26 05:58:22.779000,10.61862,10.61253,1800000,1800000
2022-08-26 05:58:22.880000,10.61861,10.61254,1800000,1800000
2022-08-26 05:58:22.930000,10.61853,10.61253,1200000,1800000
2022-08-26 05:58:22.981000,10.61862,10.61253,1800000,1800000
2022-08-26 05:58:23.082000,10.61862,10.61249,1200000,1800000
2022-08-26 05:58:23.243000,10.61862,10.61238,1800000,1800000
2022-08-26 05:58:23.344000,10.61862,10.61253,1800000,1800000
2022-08-26 05:58:23.445000,10.61862,10.61238,1800000,1800000
2022-08-26 05:58:23.496000,10.61862,10.61253,1200000,1800000
2022-08-26 05:58:24.140000,10.61897,10.61263,1800000,1800000
2022-08-26 05:58:24.191000,10.61866,10.61263,1200000,1800000
2022-08-26 05:58:24.292000,10.61872,10.61263,1800000,1800000
2022-08-26 05:58:24.342000,10.61872,10.61263,1800000,1800000
2022-08-26 05:58:24.453000,10.61867,10.61264,1200000,1800000
2022-08-26 05:58:24.504000,10.61872,10.61263,1800000,1800000
2022-08-26 05:58:24.627000,10.61868,10.61263,1200000,1800000
2022-08-26 05:58:26.313000,10.61836,10.61253,1200000,1800000
2022-08-26 05:58:26.414000,10.61836,10.61253,1200000,1800000
2022-08-26 05:58:26.536000,10.61836,10.61238,1200000,1800000
2022-08-26 05:58:26.637000,10.61828,10.61238,1200000,1800000
2022-08-26 05:58:26.738000,10.61815,10.61238,1200000,1800000
2022-08-26 05:58:26.789000,10.61836,10.61238,1200000,1800000
2022-08-26 05:58:26.890000,10.61825,10.61238,1200000,1800000
2022-08-26 05:58:26.940000,10.61825,10.61253,1200000,1800000
2022-08-26 05:58:27.041000,10.61825,10.61253,1200000,1800000
2022-08-26 05:58:27.243000,10.61825,10.61238,1200000,1800000
2022-08-26 05:58:27.344000,10.61825,10.61238,1200000,1800000
2022-08-26 05:58:27.445000,10.61825,10.61238,1200000,1800000
2022-08-26 05:58:27.547000,10.61825,10.61238,1200000,1800000
2022-08-26 05:58:27.648000,10.61825,10.61243,1200000,1800000
2022-08-26 05:58:27.850000,10.61815,10.61238,1200000,1800000
2022-08-26 05:58:27.919000,10.61947,10.61243,1920000,1800000
2022-08-26 05:58:27.970000,10.61825,10.61243,1200000,1800000
2022-08-26 05:58:28.355000,10.61824,10.61254,1200000,1800000
2022-08-26 05:58:29.224000,10.61836,10.61273,1200000,1800000
2022-08-26 05:58:29.325000,10.61815,10.61263,1200000,1800000
2022-08-26 05:58:29.527000,10.61885,10.61296,1200000,2100000
2022-08-26 05:58:29.578000,10.61964,10.61296,2100000,2100000
2022-08-26 05:58:29.679000,10.61931,10.61338,1200000,1800000
2022-08-26 05:58:29.729000,10.61937,10.61338,1200000,1800000
2022-08-26 05:58:29.780000,10.61937,10.61353,1200000,1800000
2022-08-26 05:58:29.881000,10.61937,10.61353,1200000,1800000
2022-08-26 05:58:29.932000,10.61899,10.61354,1200000,1800000
2022-08-26 05:58:30.050000,10.619,10.61343,1200000,1800000
2022-08-26 05:58:30.101000,10.619,10.61343,1200000,1800000
2022-08-26 05:58:30.202000,10.619,10.61338,1200000,1800000
2022-08-26 05:58:30.303000,10.619,10.61343,1200000,1800000
2022-08-26 05:58:30.366000,10.619,10.61343,1200000,1800000
2022-08-26 05:58:30.467000,10.619,10.61338,1200000,1800000
2022-08-26 05:58:30.568000,10.61899,10.61339,1200000,1800000
2022-08-26 05:58:30.775000,10.619,10.61353,1200000,1800000
2022-08-26 05:58:30.940000,10.61946,10.61373,1200000,1800000
2022-08-26 05:58:30.991000,10.61946,10.61353,1200000,1800000
2022-08-26 05:58:31.092000,10.61946,10.61373,1200000,1800000
2022-08-26 05:58:31.193000,10.61946,10.61373,1200000,1800000
2022-08-26 05:58:31.376000,10.61946,10.61373,1200000,1800000
2022-08-26 05:58:31.431000,10.61935,10.61373,1200000,1800000
2022-08-26 05:58:31.567000,10.61946,10.61353,1200000,1800000
2022-08-26 05:58:31.918000,10.61946,10.61353,1200000,1800000
2022-08-26 05:58:32.172000,10.61913,10.61373,1200000,1800000
2022-08-26 05:58:32.223000,10.61913,10.61383,1200000,1800000
2022-08-26 05:58:32.637000,10.61913,10.61373,1200000,1800000
2022-08-26 05:58:33.146000,10.61957,10.61373,1800000,1800000
2022-08-26 05:58:33.212000,10.61957,10.61373,1200000,1800000
2022-08-26 05:58:33.760000,10.61957,10.61373,1200000,1800000
2022-08-26 05:58:35.545000,10.61963,10.61373,1800000,1800000
2022-08-26 05:58:35.650000,10.61966,10.61383,1200000,1800000
2022-08-26 05:58:36.056000,10.61966,10.61393,1200000,1800000
2022-08-26 05:58:36.230000,10.6193,10.61383,1200000,1800000
2022-08-26 05:58:36.331000,10.61941,10.61383,1200000,1800000
2022-08-26 05:58:36.424000,10.6193,10.61383,1200000,1800000
2022-08-26 05:58:36.883000,10.6193,10.61393,1200000,1800000
2022-08-26 05:58:37.578000,10.61929,10.61384,1200000,1800000
2022-08-26 05:58:37.679000,10.61987,10.61383,1800000,1800000
2022-08-26 05:58:37.730000,10.61941,10.61383,1200000,1800000
2022-08-26 05:58:37.831000,10.61941,10.61383,1200000,1800000
2022-08-26 05:58:38.326000,10.6193,10.61383,1200000,1800000
2022-08-26 05:58:38.377000,10.61953,10.61383,1800000,1800000
2022-08-26 05:58:38.478000,10.61952,10.61383,1800000,1800000
2022-08-26 05:58:38.688000,10.6193,10.61373,1200000,1800000
2022-08-26 05:58:38.789000,10.6192,10.61373,1200000,1800000
2022-08-26 05:58:38.840000,10.6192,10.61373,1200000,1800000
2022-08-26 05:58:39.443000,10.61929,10.61354,1200000,1800000
2022-08-26 05:58:39.959000,10.6193,10.61373,1200000,1800000
2022-08-26 05:58:40.060000,10.61958,10.61383,1200000,1800000
2022-08-26 05:58:40.501000,10.61967,10.61393,1800000,1800000
2022-08-26 05:58:40.552000,10.61966,10.61394,1200000,1800000
2022-08-26 05:58:40.753000,10.61967,10.61393,1200000,1800000
2022-08-26 05:58:41.270000,10.61967,10.61393,1200000,1800000
2022-08-26 05:58:41.321000,10.61956,10.61393,1200000,1800000
2022-08-26 05:58:41.965000,10.61957,10.61393,1200000,1800000
2022-08-26 05:58:42.092000,10.61957,10.61393,1200000,1800000
2022-08-26 05:58:42.497000,10.61921,10.61384,1200000,1200000
2022-08-26 05:58:42.548000,10.61867,10.61303,1200000,1800000
2022-08-26 05:58:42.649000,10.61866,10.61294,1200000,1800000
2022-08-26 05:58:42.749000,10.61867,10.61283,1200000,1800000
2022-08-26 05:58:43.050000,10.61867,10.61273,1200000,1800000
2022-08-26 05:58:43.150000,10.61857,10.61273,1200000,1800000
2022-08-26 05:58:43.420000,10.61897,10.61296,2100000,2100000
2022-08-26 05:58:43.521000,10.61878,10.61283,1200000,1800000
2022-08-26 05:58:43.571000,10.61867,10.61283,1200000,1800000
2022-08-26 05:58:43.700000,10.61843,10.61283,1200000,1800000
2022-08-26 05:58:43.804000,10.61833,10.61273,1200000,1800000
2022-08-26 05:58:43.908000,10.61828,10.61273,1200000,1800000
2022-08-26 05:58:43.958000,10.61867,10.61283,1200000,1800000
2022-08-26 05:58:44.095000,10.61867,10.61283,1800000,1800000
2022-08-26 05:58:44.212000,10.61853,10.61273,1200000,1800000
2022-08-26 05:58:44.455000,10.61867,10.61283,1800000,1800000
2022-08-26 05:58:44.506000,10.61867,10.61293,1200000,1800000
2022-08-26 05:58:44.676000,10.61858,10.61293,1200000,1800000
2022-08-26 05:58:44.727000,10.61955,10.61294,2100000,2100000
2022-08-26 05:58:44.777000,10.61867,10.61293,1200000,1800000
2022-08-26 05:58:45.446000,10.61857,10.61293,1200000,1800000
2022-08-26 05:58:45.793000,10.61857,10.61293,1200000,1800000
2022-08-26 05:58:46.613000,10.61937,10.61293,2100000,2100000
2022-08-26 05:58:46.715000,10.61892,10.61293,1200000,1800000
2022-08-26 05:58:46.816000,10.61873,10.61293,1200000,1800000
2022-08-26 05:58:46.867000,10.61891,10.61294,1800000,1800000
2022-08-26 05:58:46.992000,10.61873,10.61293,1200000,1800000
2022-08-26 05:58:47.093000,10.61857,10.61293,1200000,1800000
2022-08-26 05:58:47.429000,10.61857,10.61293,1200000,1800000
2022-08-26 05:58:48.658000,10.61853,10.61293,1200000,1800000
2022-08-26 05:58:48.932000,10.61835,10.61293,1200000,1800000
2022-08-26 05:58:49.033000,10.61887,10.61293,3300000,1800000
2022-08-26 05:58:49.084000,10.61843,10.61293,1200000,1800000
2022-08-26 05:58:50.116000,10.61937,10.61273,2100000,2100000
2022-08-26 05:58:50.217000,10.61896,10.61253,1800000,1800000
2022-08-26 05:58:50.430000,10.61871,10.61253,1200000,3300000
2022-08-26 05:58:50.592000,10.61835,10.61253,1200000,3300000
2022-08-26 05:58:50.693000,10.61835,10.61253,1200000,1800000
2022-08-26 05:58:51.433000,10.61939,10.61296,2100000,2100000
2022-08-26 05:58:51.534000,10.61922,10.61296,1200000,2100000
2022-08-26 05:58:51.635000,10.61949,10.61323,1800000,1800000
2022-08-26 05:58:51.811000,10.61938,10.61333,1200000,1800000
2022-08-26 05:58:51.912000,10.61938,10.61333,1200000,1800000
2022-08-26 05:58:52.190000,10.61936,10.61333,1200000,1800000
2022-08-26 05:58:52.291000,10.61936,10.61333,1200000,1800000
2022-08-26 05:58:52.342000,10.61936,10.61333,1200000,1800000
2022-08-26 05:58:52.392000,10.61933,10.61333,1200000,1800000
2022-08-26 05:58:52.628000,10.61933,10.61333,1200000,1800000
2022-08-26 05:58:53.057000,10.61902,10.61333,1200000,1800000
2022-08-26 05:58:53.140000,10.61902,10.61333,1200000,1800000
2022-08-26 05:58:53.242000,10.61902,10.61333,1200000,1800000
2022-08-26 05:58:56.394000,10.61902,10.61333,1200000,1800000
2022-08-26 05:58:56.601000,10.61902,10.61333,1200000,1800000
2022-08-26 05:58:57.230000,10.6189,10.61334,1200000,1800000
2022-08-26 05:58:57.331000,10.61891,10.61333,1200000,1800000
2022-08-26 05:58:58.440000,10.61888,10.61333,1200000,1800000
2022-08-26 05:58:59.505000,10.61887,10.61333,1200000,1800000
2022-08-26 05:58:59.556000,10.61915,10.61276,1500000,2100000
2022-08-26 05:58:59.657000,10.61928,10.61314,1200000,1800000
2022-08-26 05:58:59.802000,10.61883,10.61313,1200000,1800000
2022-08-26 05:58:59.903000,10.61883,10.61303,1200000,1800000
2022-08-26 05:59:00.004000,10.61883,10.61303,1200000,3300000
2022-08-26 05:59:00.165000,10.61882,10.61304,1200000,3300000
2022-08-26 05:59:00.913000,10.61872,10.61303,1200000,3300000
2022-08-26 05:59:01.191000,10.61907,10.61313,1200000,1800000
2022-08-26 05:59:01.255000,10.61905,10.61313,1200000,1800000
2022-08-26 05:59:08.016000,10.61874,10.61243,1200000,1800000
2022-08-26 05:59:08.117000,10.61873,10.61254,1200000,1800000
2022-08-26 05:59:09.204000,10.61863,10.61243,1200000,3300000
2022-08-26 05:59:10.163000,10.61863,10.61253,1200000,3300000
2022-08-26 05:59:10.557000,10.61863,10.61243,1200000,1800000
2022-08-26 05:59:10.616000,10.61862,10.61244,1500000,2100000
2022-08-26 05:59:10.729000,10.61827,10.61243,1200000,1800000
2022-08-26 05:59:14.341000,10.61827,10.61233,1200000,1800000
2022-08-26 05:59:14.392000,10.61805,10.61203,1500000,3600000
2022-08-26 05:59:14.442000,10.61805,10.61203,1500000,3600000
2022-08-26 05:59:14.493000,10.61805,10.61193,1200000,1800000
2022-08-26 05:59:14.594000,10.61763,10.61148,1200000,1200000
2022-08-26 05:59:14.695000,10.61725,10.61113,1200000,1440000
2022-08-26 05:59:14.815000,10.61699,10.61113,1200000,1800000
2022-08-26 05:59:15.067000,10.61832,10.61133,1800000,1800000
2022-08-26 05:59:15.118000,10.61816,10.61113,1200000,1800000
2022-08-26 05:59:15.219000,10.61837,10.61133,1500000,2100000
2022-08-26 05:59:15.603000,10.61845,10.61133,1500000,2100000
2022-08-26 05:59:16.549000,10.61836,10.61133,1500000,2100000
2022-08-26 05:59:16.656000,10.61831,10.61133,1500000,2100000
2022-08-26 05:59:16.866000,10.61831,10.61133,1620000,2100000
2022-08-26 05:59:17.732000,10.61831,10.61133,1620000,2100000
2022-08-26 05:59:17.846000,10.61855,10.61133,1620000,2100000
2022-08-26 05:59:18.033000,10.61855,10.61133,1620000,2100000
2022-08-26 05:59:18.268000,10.61854,10.61134,1620000,2100000
2022-08-26 05:59:18.641000,10.61831,10.61143,1620000,2100000
2022-08-26 05:59:26.189000,10.61852,10.61133,2220000,2100000
2022-08-26 05:59:28.272000,10.61873,10.61084,1620000,1740000
2022-08-26 05:59:28.373000,10.61874,10.61083,1620000,1740000
2022-08-26 05:59:29.142000,10.61874,10.61073,1860000,1740000
2022-08-26 05:59:29.651000,10.61874,10.61073,1620000,1740000
2022-08-26 05:59:29.752000,10.61874,10.61073,1620000,1740000
2022-08-26 05:59:30.260000,10.61831,10.61003,1500000,1260000
2022-08-26 05:59:30.361000,10.61831,10.60996,1500000,1860000
2022-08-26 05:59:30.562000,10.61831,10.60996,1500000,1860000
2022-08-26 05:59:30.863000,10.61831,10.60996,1500000,1860000
2022-08-26 05:59:31.065000,10.61831,10.60996,1500000,1860000
2022-08-26 05:59:32.093000,10.61831,10.60996,1500000,2340000
2022-08-26 05:59:32.487000,10.61846,10.60974,1500000,1260000
2022-08-26 05:59:32.588000,10.61946,10.60974,2100000,2460000
2022-08-26 05:59:33.020000,10.61946,10.60994,1500000,2460000
2022-08-26 05:59:33.187000,10.61946,10.60994,1500000,2460000
2022-08-26 05:59:34.225000,10.61946,10.61004,1500000,2340000
2022-08-26 05:59:34.865000,10.61947,10.60975,1500000,2340000
2022-08-26 05:59:38.787000,10.61907,10.60993,1500000,1740000
2022-08-26 05:59:38.888000,10.61876,10.60934,1500000,2340000
2022-08-26 05:59:39.082000,10.61877,10.60933,1740000,1740000
2022-08-26 05:59:40.210000,10.61837,10.60893,1500000,2340000
2022-08-26 05:59:40.600000,10.61837,10.60893,1500000,1740000
2022-08-26 05:59:44.075000,10.61867,10.60985,1740000,1740000
2022-08-26 05:59:44.277000,10.61867,10.60995,1500000,1740000
2022-08-26 05:59:50.074000,10.61837,10.60833,1500000,1740000
2022-08-26 05:59:50.877000,10.61797,10.60803,1500000,1740000
2022-08-26 05:59:51.909000,10.61777,10.60773,1500000,1740000
2022-08-26 05:59:53.414000,10.61747,10.61147,1500000,180000
2022-08-26 05:59:55.120000,10.61747,10.60743,1500000,1620000
2022-08-26 05:59:55.731000,10.61747,10.61147,1620000,180000
2022-08-26 05:59:56.103000,10.61747,10.61147,1620000,180000
2022-08-26 05:59:56.254000,10.61717,10.61147,1740000,180000
2022-08-26 05:59:56.305000,10.6177,10.60773,1740000,1740000
2022-08-26 05:59:57.071000,10.61756,10.6077,1740000,1740000
2022-08-26 05:59:57.171000,10.61816,10.60814,1620000,1740000
2022-08-26 05:59:57.272000,10.61777,10.60803,1620000,1740000
2022-08-26 05:59:58.629000,10.61807,10.60833,1620000,1740000
2022-08-26 05:59:58.752000,10.61787,10.6081,1620000,1740000
2022-08-26 05:59:59.212000,10.61777,10.60773,1500000,1740000
2022-08-26 05:59:59.323000,10.61777,10.60773,1500000,1740000
2022-08-26 06:00:00.141000,10.61797,10.60813,1500000,1740000
2022-08-26 06:00:00.749000,10.61797,10.60813,1500000,1740000
2022-08-26 06:00:01.615000,10.61797,10.60813,1500000,1740000
2022-08-26 06:00:02.213000,10.61797,10.60835,1500000,1740000
2022-08-26 06:00:02.264000,10.61822,10.60833,1500000,1740000
2022-08-26 06:00:02.392000,10.6183,10.60873,1500000,1740000
2022-08-26 06:00:02.543000,10.61841,10.60883,1500000,1740000
2022-08-26 06:00:02.648000,10.61862,10.60883,1500000,1740000
2022-08-26 06:00:02.901000,10.61861,10.60924,1500000,1740000
2022-08-26 06:00:03.352000,10.61905,10.60923,1500000,1740000
2022-08-26 06:00:03.503000,10.61927,10.6095,1500000,1740000
2022-08-26 06:00:03.604000,10.61967,10.60983,1500000,1740000
2022-08-26 06:00:04.441000,10.61957,10.60953,1500000,1740000
2022-08-26 06:00:05.518000,10.61915,10.60923,1500000,1740000
2022-08-26 06:00:05.669000,10.61894,10.60923,1500000,1740000
2022-08-26 06:00:06.136000,10.61873,10.60903,1500000,1740000
2022-08-26 06:00:06.237000,10.61873,10.60903,1500000,1740000
2022-08-26 06:00:06.537000,10.61894,10.60923,1620000,1740000
2022-08-26 06:00:06.689000,10.61882,10.60924,1500000,1740000
2022-08-26 06:00:07.050000,10.61883,10.60923,1500000,1740000
2022-08-26 06:00:07.666000,10.61883,10.60893,1500000,1740000
2022-08-26 06:00:08.567000,10.61862,10.60893,1500000,1740000
2022-08-26 06:00:09.100000,10.61851,10.60893,1500000,1740000
2022-08-26 06:00:09.728000,10.6183,10.60853,1500000,1740000
2022-08-26 06:00:09.883000,10.61836,10.60854,1500000,1740000
2022-08-26 06:00:09.984000,10.61819,10.60853,1500000,1740000
2022-08-26 06:00:10.223000,10.61814,10.60876,1500000,1740000
2022-08-26 06:00:10.324000,10.61772,10.61149,1500000,180000
2022-08-26 06:00:10.542000,10.61751,10.61148,1500000,180000
2022-08-26 06:00:10.722000,10.61751,10.61147,1500000,180000
2022-08-26 06:00:10.823000,10.61741,10.61147,1500000,180000
2022-08-26 06:00:11.025000,10.61727,10.61147,1500000,180000
2022-08-26 06:00:11.126000,10.61719,10.60846,1500000,1740000
2022-08-26 06:00:11.425000,10.61719,10.60816,1500000,1740000
2022-08-26 06:00:11.973000,10.61698,10.60816,1500000,1740000
2022-08-26 06:00:12.124000,10.61687,10.60816,1500000,1740000
2022-08-26 06:00:12.174000,10.61744,10.60816,2100000,1740000
2022-08-26 06:00:12.490000,10.61698,10.60816,1500000,1740000
2022-08-26 06:00:12.647000,10.61698,10.60786,1500000,1740000
2022-08-26 06:00:12.748000,10.61698,10.60786,1500000,1740000
2022-08-26 06:00:13.210000,10.61698,10.60786,1500000,1740000
2022-08-26 06:00:13.468000,10.61709,10.60816,1500000,1740000
2022-08-26 06:00:13.609000,10.61708,10.60817,1500000,1740000
2022-08-26 06:00:14.235000,10.61709,10.60816,1500000,1740000
2022-08-26 06:00:14.355000,10.61749,10.60816,2100000,1740000
2022-08-26 06:00:14.933000,10.61719,10.60816,1500000,1740000
2022-08-26 06:00:15.440000,10.61719,10.60816,1500000,1740000
2022-08-26 06:00:15.985000,10.61751,10.60846,1500000,1740000
2022-08-26 06:00:16.119000,10.61762,10.60846,1500000,1740000
2022-08-26 06:00:16.220000,10.61762,10.60846,1500000,1740000
2022-08-26 06:00:16.701000,10.61744,10.60806,1500000,1740000
2022-08-26 06:00:16.805000,10.61709,10.60806,1500000,1740000
2022-08-26 06:00:16.906000,10.61709,10.60806,1500000,1740000
2022-08-26 06:00:18.394000,10.61764,10.60846,1500000,1740000
2022-08-26 06:00:18.496000,10.61741,10.60846,1500000,1740000
2022-08-26 06:00:18.620000,10.61741,10.60846,1500000,1740000
2022-08-26 06:00:18.729000,10.61787,10.60866,2100000,1740000
2022-08-26 06:00:18.841000,10.61773,10.60866,1500000,1740000
2022-08-26 06:00:22.274000,10.6175,10.60867,1500000,1740000
2022-08-26 06:00:22.375000,10.61741,10.60866,1500000,1740000
2022-08-26 06:00:23.144000,10.61741,10.60866,1500000,1740000
2022-08-26 06:00:23.731000,10.61741,10.60836,1500000,1740000
2022-08-26 06:00:23.857000,10.61741,10.60836,1500000,1740000
2022-08-26 06:00:23.908000,10.61812,10.60906,1740000,1740000
2022-08-26 06:00:24.059000,10.61794,10.60906,1500000,1740000
2022-08-26 06:00:25.255000,10.61794,10.60906,1500000,1740000
2022-08-26 06:00:25.483000,10.61834,10.60906,1500000,1740000
2022-08-26 06:00:25.584000,10.61826,10.60936,1500000,1740000
2022-08-26 06:00:26.584000,10.61826,10.60906,1500000,1740000
2022-08-26 06:00:26.685000,10.61815,10.60906,1500000,1740000
2022-08-26 06:00:26.786000,10.61815,10.60906,1500000,1740000
2022-08-26 06:00:26.976000,10.61815,10.60906,1500000,1740000
2022-08-26 06:00:29.470000,10.61805,10.60906,1500000,1740000
2022-08-26 06:00:29.963000,10.61794,10.60906,1500000,1740000
2022-08-26 06:00:30.014000,10.61854,10.60906,2100000,1740000
2022-08-26 06:00:30.064000,10.61796,10.60914,1500000,1740000
2022-08-26 06:00:30.215000,10.61794,10.60914,1500000,2340000
2022-08-26 06:00:31.878000,10.61794,10.60914,1500000,2340000
2022-08-26 06:00:32.139000,10.61796,10.60914,1500000,2340000
2022-08-26 06:00:32.340000,10.61772,10.60918,1500000,2340000
2022-08-26 06:00:32.542000,10.61737,10.60918,1500000,1740000
2022-08-26 06:00:32.645000,10.61735,10.60918,1500000,1740000
2022-08-26 06:00:33.764000,10.61796,10.60918,2100000,1740000
2022-08-26 06:00:34.067000,10.61743,10.6093,1500000,1740000
2022-08-26 06:00:34.348000,10.61784,10.60924,1500000,1740000
2022-08-26 06:00:34.398000,10.61755,10.60923,1500000,1740000
2022-08-26 06:00:34.513000,10.61746,10.60923,1500000,1740000
2022-08-26 06:00:35.286000,10.61767,10.60923,1500000,2340000
2022-08-26 06:00:35.387000,10.61774,10.60971,1500000,1740000
2022-08-26 06:00:35.487000,10.61846,10.60971,1500000,1740000
2022-08-26 06:00:35.588000,10.61833,10.60971,1500000,1740000
2022-08-26 06:00:35.689000,10.61806,10.60972,1500000,1740000
2022-08-26 06:00:36.049000,10.61856,10.60974,1500000,1740000
2022-08-26 06:00:36.099000,10.61813,10.60974,1500000,1740000
2022-08-26 06:00:36.336000,10.61811,10.61093,1200000,1440000
2022-08-26 06:00:36.488000,10.61827,10.60985,1500000,1740000
2022-08-26 06:00:36.589000,10.61815,10.61083,1200000,1440000
2022-08-26 06:00:36.674000,10.61827,10.60738,1200000,2040000
2022-08-26 06:00:36.775000,10.61827,10.61023,1200000,1440000
2022-08-26 06:00:36.942000,10.61816,10.61083,1200000,1440000
2022-08-26 06:00:37.093000,10.61813,10.61083,1200000,1440000
2022-08-26 06:00:37.295000,10.61808,10.60738,1200000,2040000
2022-08-26 06:00:37.396000,10.61805,10.60963,1200000,1440000
2022-08-26 06:00:37.596000,10.61805,10.60963,1200000,1440000
2022-08-26 06:00:38.296000,10.61801,10.60963,1200000,1440000
2022-08-26 06:00:38.400000,10.61811,10.60993,1200000,1440000
2022-08-26 06:00:38.451000,10.61817,10.60993,1200000,1440000
2022-08-26 06:00:38.552000,10.61817,10.60973,1200000,1440000
2022-08-26 06:00:38.662000,10.61808,10.60973,1200000,1440000
2022-08-26 06:00:38.851000,10.61808,10.60963,1200000,2040000
2022-08-26 06:00:39.851000,10.61855,10.60738,1800000,2040000
2022-08-26 06:00:39.902000,10.61855,10.60963,1800000,2040000
2022-08-26 06:00:40.105000,10.61819,10.60953,1200000,1440000
2022-08-26 06:00:40.156000,10.61801,10.60953,1200000,1440000
2022-08-26 06:00:40.257000,10.61765,10.60953,1200000,1440000
2022-08-26 06:00:40.308000,10.61787,10.60933,1200000,2040000
2022-08-26 06:00:40.381000,10.61765,10.60923,1200000,2040000
2022-08-26 06:00:41.016000,10.61784,10.60903,1200000,3540000
2022-08-26 06:00:41.162000,10.61774,10.60923,1800000,2040000
2022-08-26 06:00:41.363000,10.61796,10.60903,1200000,3540000
2022-08-26 06:00:41.414000,10.61776,10.60904,1200000,3540000
2022-08-26 06:00:41.521000,10.6177,10.60903,1200000,3540000
2022-08-26 06:00:41.619000,10.61849,10.60904,1200000,3540000
2022-08-26 06:00:41.669000,10.61813,10.60903,1200000,3540000
2022-08-26 06:00:41.781000,10.61777,10.60964,1500000,1740000
2022-08-26 06:00:41.899000,10.61774,10.60964,1500000,1740000
2022-08-26 06:00:42.460000,10.61779,10.60964,1500000,1740000
2022-08-26 06:00:42.923000,10.61768,10.60934,1500000,2340000
2022-08-26 06:00:43.271000,10.61765,10.60934,1500000,1740000
2022-08-26 06:00:43.528000,10.6176,10.6095,1500000,2340000
2022-08-26 06:00:43.629000,10.61759,10.60949,1500000,2340000
2022-08-26 06:00:43.740000,10.61832,10.60959,2100000,2340000
2022-08-26 06:00:43.895000,10.61764,10.60934,1500000,2340000
2022-08-26 06:00:43.996000,10.61836,10.60934,2100000,2340000
2022-08-26 06:00:44.206000,10.61794,10.60934,1500000,2340000
2022-08-26 06:00:44.307000,10.61775,10.60934,1500000,2340000
2022-08-26 06:00:44.408000,10.61775,10.60934,1500000,2340000
2022-08-26 06:00:44.597000,10.61775,10.60934,1500000,2340000
2022-08-26 06:00:44.864000,10.61771,10.60934,1500000,2340000
2022-08-26 06:00:45.803000,10.6184,10.60974,1500000,1740000
2022-08-26 06:00:45.854000,10.61781,10.60974,1500000,1740000
2022-08-26 06:00:45.962000,10.61781,10.60974,1500000,2340000
2022-08-26 06:00:46.012000,10.61785,10.60974,1500000,2340000
2022-08-26 06:00:46.164000,10.61794,10.60994,2100000,1740000
2022-08-26 06:00:46.268000,10.61809,10.60983,1200000,1740000
2022-08-26 06:00:46.369000,10.61812,10.61093,1800000,1440000
2022-08-26 06:00:47.362000,10.6181,10.60985,2100000,1740000
2022-08-26 06:00:47.463000,10.6181,10.61093,1800000,1440000
2022-08-26 06:00:47.628000,10.6181,10.61123,1800000,1440000
2022-08-26 06:00:48.147000,10.6181,10.61053,2100000,1740000
2022-08-26 06:00:48.273000,10.6181,10.61053,1500000,1740000
2022-08-26 06:00:48.713000,10.61808,10.61093,1500000,1740000
2022-08-26 06:00:48.878000,10.61805,10.61093,1500000,1740000
2022-08-26 06:00:48.979000,10.61805,10.61044,1500000,1740000
2022-08-26 06:00:49.130000,10.61803,10.61063,1500000,1740000
2022-08-26 06:00:49.231000,10.61803,10.61083,1500000,1740000
2022-08-26 06:00:49.363000,10.61805,10.61043,1500000,1740000
2022-08-26 06:00:49.514000,10.61826,10.61123,1800000,1440000
2022-08-26 06:00:49.715000,10.61827,10.61093,1800000,1440000
2022-08-26 06:00:49.843000,10.618,10.61024,1500000,1740000
2022-08-26 06:00:49.944000,10.61793,10.61024,1500000,1740000
2022-08-26 06:00:49.994000,10.61795,10.61083,1500000,1740000
2022-08-26 06:00:50.130000,10.61865,10.61053,2100000,1740000
2022-08-26 06:00:50.180000,10.61797,10.61054,1500000,1740000
2022-08-26 06:00:50.231000,10.61801,10.61083,1500000,1740000
2022-08-26 06:00:50.282000,10.61805,10.61073,1500000,1740000
2022-08-26 06:00:50.383000,10.61811,10.60973,1200000,2040000
2022-08-26 06:00:50.438000,10.61857,10.60973,1200000,2040000
2022-08-26 06:00:50.590000,10.61821,10.60993,1800000,1440000
2022-08-26 06:00:51.025000,10.6182,10.61093,1800000,1440000
2022-08-26 06:00:51.605000,10.61818,10.60884,1800000,2160000
2022-08-26 06:00:51.656000,10.61809,10.60993,1200000,1440000
2022-08-26 06:00:51.757000,10.61805,10.60983,1200000,1440000
2022-08-26 06:00:51.893000,10.61805,10.61083,1200000,1440000
2022-08-26 06:00:53.003000,10.61801,10.61083,1200000,1440000
2022-08-26 06:00:53.053000,10.61803,10.60873,1200000,2160000
2022-08-26 06:00:53.410000,10.618,10.61083,1200000,1440000
2022-08-26 06:00:53.561000,10.61799,10.61083,1200000,1440000
2022-08-26 06:00:53.910000,10.61798,10.61083,1200000,1440000
2022-08-26 06:00:54.011000,10.61799,10.60993,1200000,1440000
2022-08-26 06:00:54.124000,10.61798,10.61083,1200000,1440000
2022-08-26 06:00:54.228000,10.61798,10.61083,1200000,1440000
2022-08-26 06:00:54.515000,10.61799,10.61083,1200000,1440000
2022-08-26 06:00:55.695000,10.61799,10.61083,1500000,1740000
2022-08-26 06:00:55.798000,10.61799,10.61103,1500000,1740000
2022-08-26 06:00:57.619000,10.61798,10.61093,1500000,1740000
2022-08-26 06:00:57.785000,10.61793,10.61083,1500000,1740000
2022-08-26 06:00:58.203000,10.61798,10.61083,1500000,1740000
2022-08-26 06:00:58.304000,10.61798,10.61103,1500000,1740000
2022-08-26 06:00:58.412000,10.61799,10.61044,1500000,1740000
2022-08-26 06:00:58.618000,10.61799,10.61093,1200000,1440000
2022-08-26 06:00:59.433000,10.618,10.61024,1500000,1740000
2022-08-26 06:00:59.543000,10.61802,10.61084,1200000,1440000
2022-08-26 06:01:00.082000,10.61837,10.61083,1500000,1740000
2022-08-26 06:01:00.183000,10.61809,10.61014,2100000,1740000
2022-08-26 06:01:00.284000,10.61757,10.60983,2100000,1740000
2022-08-26 06:01:00.779000,10.6174,10.60934,2100000,1740000
2022-08-26 06:01:00.895000,10.61708,10.60934,2100000,1740000
2022-08-26 06:01:00.996000,10.61697,10.60934,2100000,1740000
2022-08-26 06:01:01.097000,10.61697,10.60934,2100000,1740000
2022-08-26 06:01:01.198000,10.61702,10.60935,2100000,1740000
2022-08-26 06:01:01.299000,10.61714,10.60934,2100000,2340000
2022-08-26 06:01:01.739000,10.61713,10.60935,2100000,1740000
2022-08-26 06:01:01.939000,10.61714,10.60934,2100000,1740000
2022-08-26 06:01:02.155000,10.61714,10.60934,2100000,1740000
2022-08-26 06:01:02.562000,10.61714,10.60933,2100000,3240000
2022-08-26 06:01:02.805000,10.61704,10.60933,2100000,3240000
2022-08-26 06:01:02.906000,10.61692,10.60933,2100000,3240000
2022-08-26 06:01:03.007000,10.61692,10.60933,2100000,3240000
2022-08-26 06:01:03.151000,10.61692,10.60933,2100000,3240000
2022-08-26 06:01:03.357000,10.61699,10.60933,2100000,1740000
2022-08-26 06:01:04.185000,10.61691,10.60924,1800000,2940000
2022-08-26 06:01:04.549000,10.61692,10.60923,2100000,3840000
2022-08-26 06:01:04.704000,10.6169,10.60923,2100000,3840000
2022-08-26 06:01:04.932000,10.6169,10.60903,2100000,2340000
2022-08-26 06:01:05.141000,10.61658,10.60885,2100000,2340000
2022-08-26 06:01:05.464000,10.61669,10.60883,2100000,3840000
2022-08-26 06:01:05.615000,10.61658,10.60883,2100000,3840000
2022-08-26 06:01:05.854000,10.61648,10.60883,2100000,3840000
2022-08-26 06:01:06.623000,10.61639,10.60864,2100000,2340000
2022-08-26 06:01:06.746000,10.61639,10.60864,2100000,2340000
2022-08-26 06:01:06.928000,10.61639,10.60864,2100000,2340000
2022-08-26 06:01:07.155000,10.61639,10.60864,2100000,2340000
2022-08-26 06:01:07.256000,10.61639,10.60868,2100000,2340000
2022-08-26 06:01:07.416000,10.61639,10.60868,2100000,2340000
2022-08-26 06:01:07.658000,10.61639,10.60868,2100000,2340000
2022-08-26 06:01:07.759000,10.61639,10.60868,2100000,2340000
2022-08-26 06:01:07.860000,10.61639,10.60868,2100000,2340000
2022-08-26 06:01:09.501000,10.61639,10.60859,2100000,2340000
2022-08-26 06:01:09.666000,10.61639,10.60867,2100000,2340000
2022-08-26 06:01:09.767000,10.61639,10.60867,2100000,2340000
2022-08-26 06:01:11.524000,10.61629,10.60871,2100000,2340000
2022-08-26 06:01:12.318000,10.61629,10.60871,2100000,2340000
2022-08-26 06:01:13.743000,10.61629,10.60871,1800000,2040000
2022-08-26 06:01:13.910000,10.61639,10.60871,1800000,2040000
2022-08-26 06:01:14.012000,10.61639,10.60871,1800000,2040000
2022-08-26 06:01:14.163000,10.61692,10.60903,2100000,2340000
2022-08-26 06:01:14.314000,10.61692,10.60903,2100000,2340000
2022-08-26 06:01:14.415000,10.61728,10.60912,2100000,2340000
2022-08-26 06:01:15.177000,10.61691,10.60915,2100000,2340000
2022-08-26 06:01:15.418000,10.61692,10.60973,1800000,2040000
2022-08-26 06:01:15.620000,10.61666,10.60912,2100000,2340000
2022-08-26 06:01:15.851000,10.61662,10.60911,1500000,2340000
2022-08-26 06:01:15.982000,10.61658,10.60911,1500000,2340000
2022-08-26 06:01:16.093000,10.61652,10.60911,2100000,2340000
2022-08-26 06:01:16.269000,10.61652,10.60884,2100000,2340000
2022-08-26 06:01:16.712000,10.61652,10.60884,2100000,2340000
2022-08-26 06:01:16.867000,10.61652,10.60881,1500000,2340000
2022-08-26 06:01:16.918000,10.61647,10.60881,1500000,2340000
2022-08-26 06:01:17.019000,10.61642,10.60881,1500000,2340000
2022-08-26 06:01:17.120000,10.61642,10.60881,1500000,2340000
2022-08-26 06:01:17.517000,10.6169,10.60881,2100000,2340000
2022-08-26 06:01:17.652000,10.61637,10.60881,1200000,2040000
2022-08-26 06:01:18.048000,10.61689,10.60875,2100000,2340000
2022-08-26 06:01:18.212000,10.61632,10.60875,1500000,2340000
2022-08-26 06:01:18.313000,10.61627,10.60875,1500000,2340000
2022-08-26 06:01:18.778000,10.61697,10.60875,2700000,2340000
2022-08-26 06:01:18.972000,10.61627,10.60875,1500000,2340000
2022-08-26 06:01:19.257000,10.61627,10.60875,1500000,2340000
2022-08-26 06:01:19.431000,10.61627,10.60871,1500000,2340000
2022-08-26 06:01:19.532000,10.61622,10.60871,1500000,2340000
2022-08-26 06:01:20.162000,10.61622,10.60871,1500000,2340000
2022-08-26 06:01:20.739000,10.61611,10.6087,1500000,2340000
2022-08-26 06:01:21.489000,10.61611,10.60863,2100000,3840000
2022-08-26 06:01:21.610000,10.61611,10.60861,2100000,2340000
2022-08-26 06:01:21.762000,10.61591,10.60861,1800000,2040000
2022-08-26 06:01:21.873000,10.61571,10.60861,1200000,2040000
2022-08-26 06:01:21.974000,10.6153,10.6084,1500000,2340000
2022-08-26 06:01:22.201000,10.6152,10.60829,1500000,2340000
2022-08-26 06:01:22.302000,10.61509,10.60804,1500000,2340000
2022-08-26 06:01:22.403000,10.61511,10.60793,1500000,2340000
2022-08-26 06:01:22.521000,10.61568,10.608,1860000,2340000
2022-08-26 06:01:22.572000,10.61568,10.608,1860000,2340000
2022-08-26 06:01:22.674000,10.61566,10.608,1860000,2340000
2022-08-26 06:01:22.793000,10.61484,10.608,1500000,2340000
2022-08-26 06:01:22.908000,10.61484,10.608,1500000,2340000
2022-08-26 06:01:23.992000,10.61497,10.60813,1200000,3540000
2022-08-26 06:01:24.683000,10.61497,10.60803,1200000,3540000
2022-08-26 06:01:24.894000,10.61496,10.60804,1200000,3540000
2022-08-26 06:01:25.200000,10.61554,10.60823,1500000,2340000
2022-08-26 06:01:25.251000,10.61508,10.60823,1200000,3540000
2022-08-26 06:01:25.352000,10.61509,10.60823,1200000,3540000
2022-08-26 06:01:25.403000,10.61512,10.60803,1200000,2040000
2022-08-26 06:01:25.454000,10.61546,10.60803,1500000,2340000
2022-08-26 06:01:25.554000,10.61555,10.60804,1500000,3770000
2022-08-26 06:01:26.434000,10.61485,10.60792,1500000,2340000
2022-08-26 06:01:26.538000,10.61485,10.60792,1500000,2340000
2022-08-26 06:01:26.589000,10.61485,10.60792,1500000,2340000
2022-08-26 06:01:26.756000,10.61478,10.60792,1500000,2340000
2022-08-26 06:01:27.223000,10.61468,10.60792,1500000,2340000
2022-08-26 06:01:27.327000,10.61464,10.60793,1500000,2340000
2022-08-26 06:01:27.378000,10.61468,10.60792,1500000,2340000
2022-08-26 06:01:27.479000,10.61504,10.60792,1500000,2340000
2022-08-26 06:01:27.720000,10.61525,10.60792,1500000,2340000
2022-08-26 06:01:27.872000,10.61494,10.60792,1500000,2340000
2022-08-26 06:01:28.023000,10.61471,10.60792,1500000,2340000
2022-08-26 06:01:28.124000,10.61471,10.60792,1500000,2340000
2022-08-26 06:01:28.174000,10.61518,10.60793,1500000,2340000
2022-08-26 06:01:28.275000,10.61519,10.60792,1500000,2340000
2022-08-26 06:01:28.477000,10.6154,10.60787,1500000,2340000
2022-08-26 06:01:28.578000,10.61537,10.60788,1500000,2340000
2022-08-26 06:01:28.736000,10.61471,10.60787,1500000,2340000
2022-08-26 06:01:28.786000,10.61532,10.60788,1500000,2340000
2022-08-26 06:01:28.940000,10.61533,10.60787,1500000,2340000
2022-08-26 06:01:29.041000,10.6147,10.60788,1500000,2340000
2022-08-26 06:01:29.162000,10.61459,10.60787,1500000,2340000
2022-08-26 06:01:29.371000,10.61459,10.60787,1500000,2220000
2022-08-26 06:01:29.575000,10.61524,10.60787,1500000,2220000
2022-08-26 06:01:29.626000,10.61461,10.60787,1500000,2220000
2022-08-26 06:01:29.676000,10.61494,10.60787,1500000,2220000
2022-08-26 06:01:29.793000,10.61467,10.60787,1500000,2220000
2022-08-26 06:01:29.967000,10.61458,10.60788,1500000,2220000
2022-08-26 06:01:30.022000,10.61459,10.60787,1500000,2220000
2022-08-26 06:01:30.073000,10.61526,10.60779,1500000,2220000
2022-08-26 06:01:30.124000,10.61461,10.60779,1200000,1920000
2022-08-26 06:01:30.275000,10.61456,10.60779,1200000,1920000
2022-08-26 06:01:30.494000,10.61472,10.60779,1200000,1920000
2022-08-26 06:01:30.545000,10.61516,10.60779,1500000,2220000
2022-08-26 06:01:31.531000,10.61459,10.60779,1200000,1920000
2022-08-26 06:01:31.651000,10.61456,10.60779,1500000,2220000
2022-08-26 06:01:31.983000,10.61459,10.60779,1500000,2220000
2022-08-26 06:01:32.044000,10.61446,10.6078,1500000,2220000
2022-08-26 06:01:32.145000,10.61417,10.60779,1500000,2220000
2022-08-26 06:01:32.259000,10.61415,10.60779,1500000,2220000
2022-08-26 06:01:32.360000,10.61401,10.60779,1500000,2220000
2022-08-26 06:01:32.511000,10.61397,10.60779,1500000,2220000
2022-08-26 06:01:32.713000,10.6139,10.60779,1500000,2220000
2022-08-26 06:01:33.031000,10.61388,10.6078,1500000,2220000
2022-08-26 06:01:33.132000,10.6147,10.60779,1200000,2220000
2022-08-26 06:01:33.183000,10.6147,10.60764,1200000,2220000
2022-08-26 06:01:33.284000,10.61566,10.60764,1620000,2220000
2022-08-26 06:01:33.385000,10.61566,10.60749,2220000,2220000
2022-08-26 06:01:33.486000,10.61613,10.60756,2220000,2220000
2022-08-26 06:01:33.587000,10.61606,10.60761,2220000,2220000
2022-08-26 06:01:33.688000,10.61547,10.60783,1200000,1920000
2022-08-26 06:01:33.789000,10.61539,10.60793,1200000,1800000
2022-08-26 06:01:33.902000,10.61539,10.60804,2100000,2100000
2022-08-26 06:01:34.154000,10.6154,10.60807,2100000,2100000
2022-08-26 06:01:34.717000,10.6154,10.60799,2100000,2100000
2022-08-26 06:01:34.953000,10.6154,10.60804,2100000,2100000
2022-08-26 06:01:35.396000,10.6154,10.60804,1500000,2100000
2022-08-26 06:01:36.835000,10.61539,10.60809,2100000,2100000
2022-08-26 06:01:40.290000,10.6154,10.60813,2100000,2100000
2022-08-26 06:01:40.508000,10.61551,10.6082,2100000,2100000
2022-08-26 06:01:40.781000,10.61551,10.60814,2100000,2100000
2022-08-26 06:01:50.171000,10.6153,10.60875,1200000,1200000
2022-08-26 06:01:50.571000,10.61528,10.60863,1200000,1200000
2022-08-26 06:01:50.622000,10.61499,10.6084,1200000,1200000
2022-08-26 06:01:50.773000,10.61497,10.60837,2100000,1200000
2022-08-26 06:01:51.617000,10.61494,10.6082,1200000,1200000
2022-08-26 06:01:52.125000,10.61503,10.60828,1200000,1200000
2022-08-26 06:01:52.176000,10.61503,10.60828,1200000,1200000
2022-08-26 06:01:53.020000,10.61508,10.60796,2100000,1200000
2022-08-26 06:01:53.227000,10.61518,10.60803,2100000,1200000
2022-08-26 06:01:54.052000,10.61508,10.608,2100000,1200000
2022-08-26 06:01:54.259000,10.61519,10.608,2100000,1200000
2022-08-26 06:01:56.243000,10.61519,10.60804,2100000,1200000
2022-08-26 06:01:57.223000,10.61519,10.60804,2100000,1200000
2022-08-26 06:01:57.613000,10.61508,10.60802,2100000,1200000
2022-08-26 06:01:57.815000,10.61497,10.60794,2100000,1200000
2022-08-26 06:02:00.253000,10.61519,10.60795,2100000,1200000
2022-08-26 06:02:00.438000,10.61519,10.60804,2100000,1200000
2022-08-26 06:02:01.429000,10.61508,10.60781,2100000,2220000
2022-08-26 06:02:01.979000,10.61487,10.608,2100000,1200000
2022-08-26 06:02:02.181000,10.61519,10.60804,2170000,1200000
2022-08-26 06:02:03.276000,10.61519,10.60809,2100000,1200000
2022-08-26 06:02:08.132000,10.61518,10.60805,2100000,1200000
2022-08-26 06:02:08.358000,10.61497,10.60794,2100000,1200000
2022-08-26 06:02:10.105000,10.61497,10.60788,2100000,1200000
2022-08-26 06:02:10.746000,10.61497,10.60766,2100000,2340000
2022-08-26 06:02:13.796000,10.61487,10.60766,2100000,2340000
2022-08-26 06:02:13.985000,10.61476,10.60763,2100000,3840000
2022-08-26 06:02:16.025000,10.6147,10.60815,1200000,1200000
2022-08-26 06:02:16.227000,10.61474,10.6082,1200000,1200000
2022-08-26 06:02:17.771000,10.61475,10.60829,2100000,1200000
2022-08-26 06:02:21.913000,10.61479,10.60825,1200000,1200000
2022-08-26 06:02:22.114000,10.61444,10.60728,2100000,2340000
2022-08-26 06:02:22.269000,10.61443,10.60753,1940000,2040000
2022-08-26 06:02:22.470000,10.61443,10.60753,1200000,2040000
2022-08-26 06:02:22.672000,10.61441,10.60753,1200000,2040000
2022-08-26 06:02:28.205000,10.61431,10.60721,1200000,2340000
2022-08-26 06:02:29.013000,10.61433,10.60686,2100000,2340000
2022-08-26 06:02:29.215000,10.61391,10.60733,1800000,2040000
2022-08-26 06:02:29.316000,10.61391,10.60733,1800000,2040000
2022-08-26 06:02:31.285000,10.6138,10.60743,1800000,1580000
2022-08-26 06:02:31.386000,10.6138,10.60713,1800000,2040000
2022-08-26 06:02:31.487000,10.6138,10.60683,1800000,2040000
2022-08-26 06:02:31.764000,10.61434,10.60673,2100000,2340000
2022-08-26 06:02:31.915000,10.6138,10.60743,1800000,2040000
2022-08-26 06:02:32.306000,10.61357,10.60639,2100000,2340000
2022-08-26 06:02:32.558000,10.61379,10.60639,2100000,2340000
2022-08-26 06:02:32.659000,10.61358,10.60646,2100000,2340000
2022-08-26 06:02:32.710000,10.61358,10.60633,1800000,3540000
2022-08-26 06:02:32.983000,10.61356,10.60633,1800000,3540000
2022-08-26 06:02:33.261000,10.61376,10.60634,1800000,2040000
2022-08-26 06:02:33.724000,10.6138,10.60713,1800000,2040000
2022-08-26 06:02:33.979000,10.6138,10.60743,1800000,2040000
2022-08-26 06:02:36.735000,10.61388,10.60743,1800000,2040000
2022-08-26 06:02:37.004000,10.61388,10.60743,1800000,2040000
2022-08-26 06:02:37.155000,10.61391,10.60662,2100000,2340000
2022-08-26 06:02:37.256000,10.61391,10.60713,1800000,2040000
2022-08-26 06:02:37.357000,10.61391,10.60683,2100000,2340000
2022-08-26 06:02:38.553000,10.61391,10.60683,2100000,2340000
2022-08-26 06:02:38.654000,10.61413,10.60671,1200000,2340000
2022-08-26 06:02:38.767000,10.61388,10.60671,2100000,2340000
2022-08-26 06:02:39.474000,10.61389,10.60671,2100000,2340000
2022-08-26 06:02:39.625000,10.61389,10.60666,2100000,2340000
2022-08-26 06:02:39.726000,10.61388,10.60734,1800000,2040000
2022-08-26 06:02:40.082000,10.61388,10.60673,1800000,2040000
2022-08-26 06:02:40.285000,10.61387,10.60667,2100000,2340000
2022-08-26 06:02:40.386000,10.61391,10.60676,2100000,2340000
2022-08-26 06:02:41.027000,10.61382,10.60743,1800000,1440000
2022-08-26 06:02:41.128000,10.61382,10.60683,1800000,2040000
2022-08-26 06:02:41.229000,10.61382,10.60743,1800000,1440000
2022-08-26 06:02:41.395000,10.61382,10.60743,1800000,1440000
2022-08-26 06:02:41.498000,10.61382,10.60743,1800000,1440000
2022-08-26 06:02:41.748000,10.61381,10.60744,1800000,1440000
2022-08-26 06:02:42.415000,10.61382,10.60743,1800000,1440000
2022-08-26 06:02:43.668000,10.61382,10.60743,1800000,1440000
2022-08-26 06:02:43.909000,10.61382,10.60743,1800000,1440000
2022-08-26 06:02:44.073000,10.61382,10.60703,1800000,2040000
2022-08-26 06:02:44.762000,10.61382,10.60653,2100000,2340000
2022-08-26 06:02:45.380000,10.61382,10.60652,2100000,2340000
2022-08-26 06:02:45.582000,10.61382,10.60743,1800000,1440000
2022-08-26 06:02:46.316000,10.61381,10.60744,1800000,1440000
2022-08-26 06:02:46.417000,10.61413,10.60754,1800000,1440000
2022-08-26 06:02:46.468000,10.61414,10.60753,1800000,2040000
2022-08-26 06:02:46.569000,10.61414,10.60763,1800000,2040000
2022-08-26 06:02:46.670000,10.61414,10.60733,1800000,2040000
2022-08-26 06:02:46.771000,10.61413,10.60704,1800000,2040000
2022-08-26 06:02:47.094000,10.61413,10.60764,1800000,1440000
2022-08-26 06:02:47.158000,10.61414,10.60763,1800000,2040000
2022-08-26 06:02:50.622000,10.61426,10.60753,1800000,1440000
2022-08-26 06:02:50.774000,10.61424,10.60701,2100000,2340000
2022-08-26 06:02:50.824000,10.61424,10.60704,2100000,2340000
2022-08-26 06:02:51.753000,10.61424,10.60701,2100000,2340000
2022-08-26 06:02:51.854000,10.61424,10.60733,1800000,2040000
2022-08-26 06:02:51.988000,10.61423,10.60754,1800000,1440000
2022-08-26 06:02:52.089000,10.61433,10.60752,1800000,1200000
2022-08-26 06:02:52.193000,10.61433,10.60723,1800000,2040000
2022-08-26 06:02:52.294000,10.61433,10.60711,2100000,2340000
2022-08-26 06:02:52.395000,10.61473,10.60763,1200000,2340000
2022-08-26 06:02:52.596000,10.61424,10.60743,1200000,2040000
2022-08-26 06:02:53.045000,10.61424,10.60733,1800000,2040000
2022-08-26 06:02:53.159000,10.61414,10.6077,1200000,1200000
2022-08-26 06:02:53.219000,10.61414,10.60753,1200000,2040000
2022-08-26 06:02:53.431000,10.61414,10.6077,1200000,1200000
2022-08-26 06:02:53.540000,10.61446,10.6077,1200000,1200000
2022-08-26 06:02:53.641000,10.6148,10.60743,1200000,2340000
2022-08-26 06:02:54.113000,10.61479,10.6077,1800000,1200000
2022-08-26 06:02:54.214000,10.61479,10.6077,1800000,1200000
2022-08-26 06:02:54.365000,10.61478,10.60716,2100000,2340000
2022-08-26 06:02:54.418000,10.61478,10.60771,2100000,1200000
2022-08-26 06:02:54.519000,10.61478,10.60771,2100000,1200000
2022-08-26 06:02:54.621000,10.61479,10.6077,1800000,1200000
2022-08-26 06:02:54.821000,10.615,10.60733,2100000,2340000
2022-08-26 06:02:54.922000,10.61526,10.60739,2100000,2340000
2022-08-26 06:02:55.025000,10.61531,10.6081,2100000,1200000
2022-08-26 06:02:55.176000,10.61561,10.60819,1200000,1200000
2022-08-26 06:02:55.378000,10.61556,10.60785,2100000,2340000
2022-08-26 06:02:56.384000,10.61545,10.60826,2100000,2100000
2022-08-26 06:02:56.900000,10.61543,10.60826,2100000,2100000
2022-08-26 06:02:57.102000,10.61538,10.60829,1500000,1200000
2022-08-26 06:02:57.493000,10.61581,10.60829,1500000,1200000
2022-08-26 06:02:58.368000,10.61566,10.6083,2100000,1200000
2022-08-26 06:02:58.490000,10.61556,10.60839,1500000,1200000
2022-08-26 06:02:58.835000,10.61576,10.60849,2100000,1200000
2022-08-26 06:02:59.714000,10.61576,10.60849,2100000,1200000
2022-08-26 06:02:59.764000,10.61576,10.60849,2100000,1200000
2022-08-26 06:02:59.966000,10.61565,10.60839,2100000,1200000
2022-08-26 06:03:03.694000,10.61568,10.60879,1200000,1200000
2022-08-26 06:03:05.843000,10.61561,10.60879,1200000,1200000
2022-08-26 06:03:05.946000,10.61561,10.60879,1200000,1200000
2022-08-26 06:03:06.047000,10.6156,10.60879,1200000,1200000
2022-08-26 06:03:07.262000,10.6156,10.60877,1200000,1200000
2022-08-26 06:03:08.089000,10.6156,10.60905,1200000,1200000
2022-08-26 06:03:08.679000,10.61578,10.60867,2100000,1200000
2022-08-26 06:03:12.427000,10.61565,10.60913,1200000,1200000
2022-08-26 06:03:12.528000,10.61485,10.60905,1500000,1200000
2022-08-26 06:03:12.629000,10.61457,10.60821,1500000,2100000
2022-08-26 06:03:12.730000,10.61498,10.60821,1500000,2100000
2022-08-26 06:03:12.831000,10.61498,10.60806,2100000,2100000
2022-08-26 06:03:14.142000,10.61498,10.60846,1800000,1200000
2022-08-26 06:03:14.320000,10.61498,10.60846,2100000,1200000
2022-08-26 06:03:16.646000,10.61466,10.60856,1200000,1200000
2022-08-26 06:03:16.827000,10.61465,10.60855,1200000,1200000
2022-08-26 06:03:16.930000,10.61462,10.60855,1200000,1200000
2022-08-26 06:03:17.263000,10.6146,10.60855,1200000,1200000
2022-08-26 06:03:18.425000,10.61465,10.60867,2100000,1200000
2022-08-26 06:03:18.544000,10.61466,10.60864,2100000,1200000
2022-08-26 06:03:18.798000,10.6146,10.60865,1200000,1200000
2022-08-26 06:03:22.773000,10.61498,10.60813,2100000,1200000
2022-08-26 06:03:23.303000,10.61498,10.60813,2100000,1200000
2022-08-26 06:03:23.505000,10.61498,10.60813,2100000,1200000
2022-08-26 06:03:23.789000,10.61528,10.60822,1200000,2100000
2022-08-26 06:03:23.967000,10.61518,10.6085,2100000,1200000
2022-08-26 06:03:24.175000,10.61522,10.60848,1200000,1500000
2022-08-26 06:03:25.443000,10.61508,10.60848,2100000,1200000
2022-08-26 06:03:28.746000,10.61508,10.60842,2100000,1200000
2022-08-26 06:03:28.921000,10.61508,10.60842,2100000,1200000
2022-08-26 06:03:29.122000,10.61498,10.60831,2100000,1200000
2022-08-26 06:03:29.587000,10.61497,10.60833,2100000,1200000
2022-08-26 06:03:29.638000,10.61489,10.60865,1200000,1200000
2022-08-26 06:03:30.156000,10.61476,10.60858,1200000,1200000
2022-08-26 06:03:30.207000,10.61466,10.60858,1500000,1200000
2022-08-26 06:03:30.438000,10.61476,10.60862,1200000,1200000
2022-08-26 06:03:30.488000,10.61482,10.60862,2170000,1200000
2022-08-26 06:03:31.182000,10.61482,10.60864,1200000,1200000
2022-08-26 06:03:31.232000,10.61484,10.60864,2100000,1200000
2022-08-26 06:03:31.333000,10.6149,10.60866,1200000,1200000
2022-08-26 06:03:31.384000,10.6149,10.60868,1200000,1200000
2022-08-26 06:03:31.485000,10.61506,10.60833,1200000,1500000
2022-08-26 06:03:31.586000,10.61455,10.60819,1500000,1500000
2022-08-26 06:03:31.636000,10.61455,10.60819,1500000,1500000
2022-08-26 06:03:32.714000,10.61487,10.60815,1800000,1200000
2022-08-26 06:03:32.916000,10.61476,10.6086,2100000,1200000
2022-08-26 06:03:34.287000,10.6148,10.60861,1200000,1200000
2022-08-26 06:03:34.414000,10.6148,10.60859,1200000,1200000
2022-08-26 06:03:34.515000,10.61473,10.60859,1200000,1200000
2022-08-26 06:03:34.626000,10.6147,10.60855,1200000,1200000
2022-08-26 06:03:34.727000,10.61479,10.60855,1200000,1200000
2022-08-26 06:03:34.828000,10.61479,10.6086,1200000,1200000
2022-08-26 06:03:34.963000,10.61472,10.60859,1200000,1200000
2022-08-26 06:03:35.014000,10.61455,10.60858,1500000,1200000
2022-08-26 06:03:35.565000,10.61466,10.60849,2100000,1200000
2022-08-26 06:03:35.677000,10.61466,10.60846,2100000,1200000
2022-08-26 06:03:35.841000,10.61474,10.60851,1200000,1200000
2022-08-26 06:03:37.416000,10.61467,10.60851,1200000,1200000
2022-08-26 06:03:37.467000,10.61467,10.60848,1200000,1200000
2022-08-26 06:03:37.568000,10.61466,10.60846,2100000,1200000
2022-08-26 06:03:38.955000,10.61468,10.60846,2100000,1200000
2022-08-26 06:03:39.006000,10.61472,10.60852,2170000,1200000
2022-08-26 06:03:39.107000,10.61473,10.60858,1200000,1200000
2022-08-26 06:03:39.157000,10.61478,10.60858,1200000,1200000
2022-08-26 06:03:39.208000,10.61479,10.60867,1200000,1200000
2022-08-26 06:03:39.321000,10.61484,10.60867,2100000,1200000
2022-08-26 06:03:39.422000,10.61486,10.60867,1200000,1200000
2022-08-26 06:03:40.301000,10.61486,10.60865,1200000,1200000
2022-08-26 06:03:41.219000,10.61485,10.60864,2100000,1200000
2022-08-26 06:03:42.743000,10.61482,10.60865,2100000,1200000
2022-08-26 06:03:43.663000,10.61483,10.60862,2100000,1200000
2022-08-26 06:03:43.764000,10.61455,10.60855,1500000,1200000
2022-08-26 06:03:43.936000,10.61484,10.60855,1200000,1200000
2022-08-26 06:03:44.037000,10.61484,10.60865,1200000,1200000
2022-08-26 06:03:44.202000,10.61484,10.60865,2100000,1200000
2022-08-26 06:03:44.303000,10.61495,10.60879,1200000,1200000
2022-08-26 06:03:44.421000,10.61508,10.60848,2100000,1200000
2022-08-26 06:03:44.622000,10.61508,10.60842,2100000,1200000
2022-08-26 06:03:48.264000,10.61488,10.60871,1200000,1200000
2022-08-26 06:03:48.385000,10.61488,10.6087,1200000,1200000
2022-08-26 06:03:49.710000,10.61493,10.6087,2100000,1200000
2022-08-26 06:03:49.761000,10.61494,10.60874,2170000,1200000
2022-08-26 06:03:49.862000,10.61517,10.60842,1200000,1200000
2022-08-26 06:03:49.979000,10.61562,10.60862,1200000,2100000
2022-08-26 06:03:50.030000,10.61562,10.60875,1200000,1500000
2022-08-26 06:03:50.081000,10.61583,10.60916,1800000,1200000
2022-08-26 06:03:50.137000,10.61583,10.60916,1800000,1200000
2022-08-26 06:03:50.288000,10.61572,10.6093,1200000,1200000
2022-08-26 06:03:54.078000,10.61583,10.60926,1800000,1200000
2022-08-26 06:03:57.404000,10.61583,10.60927,2100000,1200000
2022-08-26 06:04:00.134000,10.61572,10.60927,1500000,1200000
2022-08-26 06:04:00.477000,10.61572,10.60962,2100000,1200000
2022-08-26 06:04:00.586000,10.61562,10.60961,2100000,1200000
2022-08-26 06:04:01.481000,10.61579,10.60963,2100000,2100000
2022-08-26 06:04:01.532000,10.61578,10.60999,1500000,1200000
2022-08-26 06:04:01.635000,10.61645,10.61022,1500000,1200000
2022-08-26 06:04:01.686000,10.61602,10.61035,1500000,1200000
2022-08-26 06:04:01.736000,10.61635,10.61035,1200000,1200000
2022-08-26 06:04:01.837000,10.61635,10.61036,1200000,1200000
2022-08-26 06:04:01.888000,10.61618,10.61028,1200000,1200000
2022-08-26 06:04:02.020000,10.61618,10.61028,1200000,1200000
2022-08-26 06:04:02.073000,10.61617,10.61034,1200000,1200000
2022-08-26 06:04:02.983000,10.61593,10.61033,1500000,1200000
2022-08-26 06:04:03.428000,10.61593,10.61016,2100000,1200000
2022-08-26 06:04:03.542000,10.6155,10.60975,1570000,1200000
2022-08-26 06:04:03.593000,10.6155,10.60975,1570000,1200000
2022-08-26 06:04:03.857000,10.61547,10.60948,1500000,1500000
2022-08-26 06:04:03.908000,10.61558,10.60949,2100000,1500000
2022-08-26 06:04:04.031000,10.61548,10.60948,1500000,1500000
2022-08-26 06:04:04.081000,10.61548,10.60948,1500000,1500000
2022-08-26 06:04:04.132000,10.61548,10.60959,1500000,1200000
2022-08-26 06:04:04.233000,10.61548,10.60959,2100000,1200000
2022-08-26 06:04:04.334000,10.61537,10.60946,1500000,1200000
2022-08-26 06:04:04.435000,10.61527,10.60946,1500000,1200000
2022-08-26 06:04:04.549000,10.61527,10.60946,1500000,1200000
2022-08-26 06:04:04.606000,10.61527,10.60946,1500000,1200000
2022-08-26 06:04:04.853000,10.61527,10.60946,1500000,1200000
2022-08-26 06:04:05.402000,10.61522,10.60947,1500000,1200000
2022-08-26 06:04:05.665000,10.61522,10.60947,1500000,1200000
2022-08-26 06:04:05.865000,10.61523,10.6094,1500000,1200000
2022-08-26 06:04:05.916000,10.61501,10.6094,1500000,1200000
2022-08-26 06:04:06.017000,10.61491,10.60902,1500000,1200000
2022-08-26 06:04:06.118000,10.61514,10.60903,1200000,1200000
2022-08-26 06:04:06.168000,10.61515,10.60871,1200000,1200000
2022-08-26 06:04:06.269000,10.6152,10.60876,1200000,1200000
2022-08-26 06:04:06.370000,10.6152,10.60882,1200000,1200000
2022-08-26 06:04:06.471000,10.6152,10.60881,1200000,1200000
2022-08-26 06:04:06.572000,10.61502,10.60881,2100000,1200000
2022-08-26 06:04:08.046000,10.6148,10.60881,2100000,1200000
2022-08-26 06:04:08.096000,10.6148,10.60876,2100000,1200000
2022-08-26 06:04:08.248000,10.61476,10.60876,2100000,1200000
2022-08-26 06:04:08.428000,10.61476,10.60876,2100000,1200000
2022-08-26 06:04:10.336000,10.61476,10.60876,2100000,1200000
2022-08-26 06:04:15.202000,10.61476,10.60862,1800000,1200000
2022-08-26 06:04:15.303000,10.61469,10.60862,1500000,1200000
2022-08-26 06:04:15.738000,10.61469,10.60857,1570000,1200000
2022-08-26 06:04:15.839000,10.61416,10.60771,2100000,2340000
2022-08-26 06:04:15.940000,10.61414,10.60763,1200000,2340000
2022-08-26 06:04:15.997000,10.61414,10.60763,1200000,2340000
2022-08-26 06:04:16.330000,10.61405,10.60763,1200000,2040000
2022-08-26 06:04:18.272000,10.61371,10.60697,1200000,2340000
2022-08-26 06:04:18.373000,10.6137,10.60693,1200000,2040000
2022-08-26 06:04:18.601000,10.61363,10.60683,1800000,2040000
2022-08-26 06:04:18.702000,10.61345,10.60733,1800000,2040000
2022-08-26 06:04:18.853000,10.61345,10.60659,2100000,2340000
2022-08-26 06:04:18.954000,10.61304,10.60659,2100000,2340000
2022-08-26 06:04:19.055000,10.61294,10.60619,1500000,2340000
2022-08-26 06:04:19.106000,10.61304,10.60619,2100000,2340000
2022-08-26 06:04:19.328000,10.61294,10.60619,1500000,2340000
2022-08-26 06:04:19.445000,10.61304,10.60619,2100000,2340000
2022-08-26 06:04:20.136000,10.61294,10.60619,1500000,2340000
2022-08-26 06:04:23.576000,10.61294,10.60663,1800000,2040000
2022-08-26 06:04:23.677000,10.61251,10.60603,1500000,3840000
2022-08-26 06:04:23.778000,10.61251,10.60603,1500000,3840000
2022-08-26 06:04:24.228000,10.6124,10.60617,1500000,2340000
2022-08-26 06:04:24.279000,10.61246,10.60593,1200000,2040000
2022-08-26 06:04:24.330000,10.61246,10.60593,1800000,2040000
2022-08-26 06:04:24.431000,10.61251,10.60593,1200000,2040000
2022-08-26 06:04:25.675000,10.61256,10.60634,1800000,2040000
2022-08-26 06:04:25.726000,10.61257,10.60633,1800000,2040000
2022-08-26 06:04:28.276000,10.61282,10.60634,1800000,2040000
2022-08-26 06:04:28.578000,10.61283,10.60633,1800000,2040000
2022-08-26 06:04:28.780000,10.61283,10.60633,1800000,2040000
2022-08-26 06:04:28.881000,10.61283,10.60633,1800000,2040000
2022-08-26 06:04:29.153000,10.61283,10.60633,1800000,2040000
2022-08-26 06:04:29.392000,10.61283,10.60633,1800000,2040000
2022-08-26 06:04:29.661000,10.61283,10.60633,1800000,2040000
2022-08-26 06:04:29.990000,10.61264,10.60633,1800000,2040000
2022-08-26 06:04:30.091000,10.61294,10.60613,1800000,2040000
2022-08-26 06:04:30.168000,10.61294,10.60613,1800000,2040000
2022-08-26 06:04:30.319000,10.61285,10.60613,1800000,3540000
2022-08-26 06:04:30.371000,10.61285,10.60613,1800000,3540000
2022-08-26 06:04:30.472000,10.61303,10.60674,1800000,2040000
2022-08-26 06:04:30.573000,10.61304,10.60673,1200000,2040000
2022-08-26 06:04:30.624000,10.61329,10.60673,1200000,2340000
2022-08-26 06:04:30.725000,10.61304,10.60693,1200000,2040000
2022-08-26 06:04:30.977000,10.61304,10.60693,1200000,2040000
2022-08-26 06:04:31.078000,10.61268,10.60693,1200000,2040000
2022-08-26 06:04:31.652000,10.61265,10.60694,1200000,2040000
2022-08-26 06:04:37.668000,10.61308,10.60693,1200000,2340000
2022-08-26 06:04:37.719000,10.61298,10.60693,1200000,1440000
2022-08-26 06:04:37.838000,10.61281,10.60693,1200000,1440000
2022-08-26 06:04:38.952000,10.61292,10.60693,1800000,1440000
2022-08-26 06:04:41.863000,10.61281,10.60693,1200000,1440000
2022-08-26 06:04:42.383000,10.61273,10.60693,1200000,1440000
2022-08-26 06:04:42.494000,10.61237,10.60693,1200000,1440000
2022-08-26 06:04:42.642000,10.61293,10.60693,1500000,1740000
2022-08-26 06:04:42.693000,10.61247,10.60694,1200000,1440000
2022-08-26 06:04:43.795000,10.61245,10.60693,1200000,1440000
2022-08-26 06:04:45.876000,10.61256,10.60693,1200000,1440000
2022-08-26 06:04:46.010000,10.61266,10.60693,1200000,1440000
2022-08-26 06:04:46.111000,10.61256,10.60693,1200000,2040000
2022-08-26 06:04:46.312000,10.61266,10.60693,1200000,2040000
2022-08-26 06:04:47.163000,10.61256,10.60693,1200000,2040000
2022-08-26 06:04:47.214000,10.61266,10.60693,1200000,2040000
2022-08-26 06:04:47.520000,10.61256,10.60693,1200000,2040000
2022-08-26 06:04:47.571000,10.61266,10.60693,1200000,2040000
2022-08-26 06:04:48.415000,10.61256,10.60693,1200000,2040000
2022-08-26 06:04:48.466000,10.61266,10.60693,1200000,2040000
2022-08-26 06:04:48.630000,10.61256,10.60693,1200000,2040000
2022-08-26 06:04:48.989000,10.61244,10.60694,1200000,1440000
2022-08-26 06:04:50.716000,10.61255,10.60694,1200000,1440000
2022-08-26 06:04:51.321000,10.61306,10.60693,1500000,2340000
2022-08-26 06:04:51.372000,10.61266,10.60693,1200000,2040000
2022-08-26 06:04:54.416000,10.61256,10.60693,1200000,2040000
2022-08-26 06:04:54.466000,10.61266,10.60693,1200000,2040000
2022-08-26 06:04:54.678000,10.61323,10.60693,1200000,2340000
2022-08-26 06:04:55.989000,10.61285,10.60653,1200000,2040000
2022-08-26 06:04:56.133000,10.61293,10.60653,1200000,2040000
2022-08-26 06:04:56.773000,10.6129,10.60653,1200000,2040000
2022-08-26 06:04:56.881000,10.61274,10.60653,1200000,2040000
2022-08-26 06:04:57.254000,10.61274,10.60653,1800000,2040000
2022-08-26 06:04:57.355000,10.61274,10.60653,1800000,2040000
2022-08-26 06:04:57.456000,10.61274,10.60653,1800000,2040000
2022-08-26 06:04:57.638000,10.61226,10.60653,1200000,2040000
2022-08-26 06:04:59.073000,10.61256,10.60653,1800000,2040000
2022-08-26 06:04:59.265000,10.61275,10.60653,1800000,2040000
2022-08-26 06:04:59.366000,10.61265,10.60653,1800000,2040000
2022-08-26 06:04:59.467000,10.61256,10.60653,1800000,2040000
2022-08-26 06:05:01.787000,10.61263,10.60653,1800000,2040000
2022-08-26 06:05:01.908000,10.61275,10.60633,1800000,2040000
2022-08-26 06:05:02.009000,10.61291,10.60643,1800000,2040000
2022-08-26 06:05:02.110000,10.61344,10.60723,1200000,1440000
2022-08-26 06:05:02.211000,10.61377,10.60763,1200000,1440000
2022-08-26 06:05:02.319000,10.6137,10.60763,1200000,1440000
2022-08-26 06:05:02.370000,10.61393,10.60713,1200000,2040000
2022-08-26 06:05:02.497000,10.61381,10.60753,1200000,1440000
2022-08-26 06:05:02.547000,10.61381,10.60703,1200000,2040000
2022-08-26 06:05:02.698000,10.6135,10.60723,1800000,2040000
2022-08-26 06:05:03.034000,10.61314,10.60753,1200000,1440000
2022-08-26 06:05:03.721000,10.61304,10.60703,1200000,3540000
2022-08-26 06:05:03.771000,10.61314,10.60703,1200000,3540000
2022-08-26 06:05:05.774000,10.61282,10.60723,1200000,2040000
2022-08-26 06:05:05.940000,10.61282,10.60702,1200000,1200000
2022-08-26 06:05:06.041000,10.61272,10.60702,1200000,1200000
2022-08-26 06:05:06.091000,10.61261,10.60702,1200000,1200000
2022-08-26 06:05:06.638000,10.61261,10.60696,1200000,1200000
2022-08-26 06:05:06.837000,10.61272,10.60702,1200000,1200000
2022-08-26 06:05:07.312000,10.61249,10.60697,1200000,1200000
2022-08-26 06:05:07.362000,10.6125,10.60673,1200000,2040000
2022-08-26 06:05:07.514000,10.61261,10.60673,1200000,2040000
2022-08-26 06:05:07.615000,10.61261,10.60691,1200000,1440000
2022-08-26 06:05:07.726000,10.61261,10.60673,1200000,2040000
2022-08-26 06:05:07.878000,10.61272,10.60673,1200000,2040000
2022-08-26 06:05:07.979000,10.61261,10.60623,1200000,3540000
2022-08-26 06:05:08.029000,10.61272,10.60643,1200000,2040000
2022-08-26 06:05:08.658000,10.61261,10.60683,1200000,2040000
2022-08-26 06:05:08.709000,10.61271,10.60684,1200000,2040000
2022-08-26 06:05:08.830000,10.61282,10.60683,1200000,2040000
2022-08-26 06:05:08.982000,10.61282,10.60683,1200000,2040000
2022-08-26 06:05:09.486000,10.61272,10.60643,1200000,2040000
2022-08-26 06:05:09.587000,10.61272,10.60653,1200000,2040000
2022-08-26 06:05:09.889000,10.61272,10.60673,1800000,2040000
2022-08-26 06:05:09.990000,10.61285,10.60673,1200000,2340000
2022-08-26 06:05:10.091000,10.61272,10.60623,1200000,2040000
2022-08-26 06:05:10.393000,10.6126,10.60684,1200000,2040000
2022-08-26 06:05:10.444000,10.61272,10.60683,1200000,2040000
2022-08-26 06:05:10.595000,10.61272,10.60673,1200000,2040000
2022-08-26 06:05:10.696000,10.61229,10.60673,1200000,2040000
2022-08-26 06:05:10.940000,10.61271,10.60616,1200000,2340000
2022-08-26 06:05:11.106000,10.61304,10.60717,1200000,1200000
2022-08-26 06:05:11.207000,10.61304,10.60719,1200000,1200000
2022-08-26 06:05:11.308000,10.61282,10.60719,1800000,1200000
2022-08-26 06:05:11.409000,10.61315,10.60719,1200000,1200000
2022-08-26 06:05:11.510000,10.61297,10.60721,1200000,1200000
2022-08-26 06:05:11.615000,10.61296,10.6072,1200000,1200000
2022-08-26 06:05:11.716000,10.61302,10.60721,1200000,1200000
2022-08-26 06:05:11.817000,10.61317,10.60719,1200000,1200000
2022-08-26 06:05:11.969000,10.61301,10.60729,1200000,1200000
2022-08-26 06:05:12.070000,10.61301,10.60719,1200000,1200000
2022-08-26 06:05:12.120000,10.613,10.60721,1940000,1200000
2022-08-26 06:05:12.171000,10.61289,10.60717,1200000,1200000
2022-08-26 06:05:12.272000,10.61286,10.60717,1800000,1200000
2022-08-26 06:05:12.373000,10.61274,10.60661,1200000,1200000
2022-08-26 06:05:12.474000,10.61274,10.60661,1200000,1200000
2022-08-26 06:05:12.524000,10.61274,10.60613,1200000,2040000
2022-08-26 06:05:12.625000,10.61288,10.60633,1340000,2040000
2022-08-26 06:05:12.785000,10.61288,10.60633,1200000,2040000
2022-08-26 06:05:12.886000,10.61258,10.60673,1200000,2040000
2022-08-26 06:05:13.037000,10.61258,10.60683,1800000,1800000
2022-08-26 06:05:13.244000,10.61257,10.60683,1800000,1440000
2022-08-26 06:05:13.345000,10.61255,10.60683,1800000,1800000
2022-08-26 06:05:13.809000,10.61248,10.60683,1200000,1440000
2022-08-26 06:05:14.231000,10.61248,10.60683,1800000,1440000
2022-08-26 06:05:14.332000,10.61237,10.60673,1200000,1800000
2022-08-26 06:05:14.408000,10.61237,10.60673,1200000,1440000
2022-08-26 06:05:16.683000,10.61225,10.60654,1200000,2040000
2022-08-26 06:05:16.734000,10.61248,10.60653,1800000,2040000
2022-08-26 06:05:16.835000,10.61237,10.60683,1200000,1440000
2022-08-26 06:05:17.775000,10.61275,10.60683,1200000,1440000
2022-08-26 06:05:17.878000,10.61237,10.60683,1200000,1440000
2022-08-26 06:05:18.605000,10.61226,10.60683,1200000,1440000
2022-08-26 06:05:18.655000,10.61237,10.60683,1200000,1440000
2022-08-26 06:05:18.756000,10.61237,10.60683,1200000,1440000
2022-08-26 06:05:18.930000,10.61226,10.60683,1200000,1440000
2022-08-26 06:05:18.980000,10.61237,10.60683,1200000,1440000
2022-08-26 06:05:19.414000,10.61237,10.60683,1200000,1440000
2022-08-26 06:05:19.515000,10.61254,10.60683,1800000,2040000
2022-08-26 06:05:19.616000,10.61272,10.60613,2100000,2340000
2022-08-26 06:05:19.717000,10.6118,10.60653,1200000,2040000
2022-08-26 06:05:19.818000,10.61169,10.60673,1200000,1440000
2022-08-26 06:05:19.923000,10.61265,10.60613,1200000,2040000
2022-08-26 06:05:20.024000,10.61273,10.60683,1200000,1440000
2022-08-26 06:05:20.135000,10.61226,10.60673,1500000,1200000
2022-08-26 06:05:20.186000,10.61273,10.60673,1200000,1200000
2022-08-26 06:05:20.237000,10.61277,10.60623,1200000,2040000
2022-08-26 06:05:20.400000,10.61262,10.60653,1800000,2040000
2022-08-26 06:05:20.551000,10.61262,10.60683,1800000,1440000
2022-08-26 06:05:31.463000,10.61257,10.60683,1800000,1440000
2022-08-26 06:05:31.614000,10.61256,10.60683,1800000,1440000
2022-08-26 06:05:31.917000,10.61255,10.60679,2100000,1200000
2022-08-26 06:05:32.018000,10.61317,10.60709,1800000,1200000
