time,ask,bid,ask_volume,bid_volume
2022-08-29 05:55:00.343000,10.73788,10.72937,1500000,2100000
2022-08-29 05:55:00.394000,10.73789,10.72936,1500000,1500000
2022-08-29 05:55:00.444000,10.73749,10.72888,1500000,2100000
2022-08-29 05:55:00.545000,10.73739,10.72871,1500000,1500000
2022-08-29 05:55:00.596000,10.73749,10.72868,1500000,1500000
2022-08-29 05:55:00.917000,10.73749,10.72868,1500000,1500000
2022-08-29 05:55:01.018000,10.73846,10.72868,1500000,2100000
2022-08-29 05:55:01.069000,10.73844,10.72869,1500000,2100000
2022-08-29 05:55:01.119000,10.73817,10.72868,1500000,2100000
2022-08-29 05:55:01.562000,10.73813,10.72868,1500000,2100000
2022-08-29 05:55:01.663000,10.73935,10.72868,2100000,2100000
2022-08-29 05:55:01.713000,10.73818,10.72868,1500000,2100000
2022-08-29 05:55:01.820000,10.73802,10.72868,1500000,2100000
2022-08-29 05:55:01.871000,10.73824,10.72878,1500000,2100000
2022-08-29 05:55:01.921000,10.73824,10.72878,1500000,2100000
2022-08-29 05:55:02.035000,10.73792,10.72878,1500000,2100000
2022-08-29 05:55:02.086000,10.73829,10.72878,1500000,2100000
2022-08-29 05:55:02.187000,10.73781,10.72878,1500000,2100000
2022-08-29 05:55:02.237000,10.73829,10.72873,1200000,3300000
2022-08-29 05:55:02.345000,10.73812,10.72874,1200000,3300000
2022-08-29 05:55:02.496000,10.73829,10.72873,1200000,3300000
2022-08-29 05:55:02.597000,10.73814,10.72883,1200000,1800000
2022-08-29 05:55:02.721000,10.73795,10.72883,1200000,1800000
2022-08-29 05:55:02.866000,10.7384,10.72883,1800000,1800000
2022-08-29 05:55:02.966000,10.7384,10.72913,1200000,1800000
2022-08-29 05:55:03.118000,10.73855,10.72873,1800000,3300000
2022-08-29 05:55:03.269000,10.73916,10.72913,1800000,1800000
2022-08-29 05:55:03.320000,10.73916,10.72913,1800000,1800000
2022-08-29 05:55:03.421000,10.73837,10.72873,1200000,3300000
2022-08-29 05:55:03.522000,10.73826,10.72873,1200000,3300000
2022-08-29 05:55:03.623000,10.73826,10.72873,1200000,3300000
2022-08-29 05:55:03.760000,10.73947,10.72913,1800000,1800000
2022-08-29 05:55:03.811000,10.73905,10.72913,1800000,1800000
2022-08-29 05:55:03.920000,10.73849,10.72883,1200000,1800000
2022-08-29 05:55:04.021000,10.73815,10.72893,1200000,1800000
2022-08-29 05:55:04.126000,10.73805,10.72893,1200000,1800000
2022-08-29 05:55:04.229000,10.74012,10.72893,1800000,1800000
2022-08-29 05:55:04.280000,10.73816,10.72893,1200000,1800000
2022-08-29 05:55:04.817000,10.73816,10.72893,1200000,1800000
2022-08-29 05:55:05.645000,10.73816,10.72913,1200000,1800000
2022-08-29 05:55:06.094000,10.73816,10.72883,1200000,1800000
2022-08-29 05:55:06.374000,10.73805,10.72923,1200000,1800000
2022-08-29 05:55:07.135000,10.73816,10.72923,1200000,1800000
2022-08-29 05:55:07.236000,10.73907,10.72936,2100000,2100000
2022-08-29 05:55:07.287000,10.73866,10.72936,1500000,2100000
2022-08-29 05:55:07.441000,10.73856,10.72936,1500000,2100000
2022-08-29 05:55:07.554000,10.73814,10.72946,1500000,2100000
2022-08-29 05:55:08.124000,10.73808,10.72947,1500000,2100000
2022-08-29 05:55:08.225000,10.7389,10.72956,2100000,2100000
2022-08-29 05:55:08.278000,10.7389,10.72956,1570000,2100000
2022-08-29 05:55:08.328000,10.73874,10.72957,1500000,2100000
2022-08-29 05:55:08.379000,10.73889,10.72956,1500000,2100000
2022-08-29 05:55:08.728000,10.73875,10.72966,1500000,1500000
2022-08-29 05:55:08.897000,10.73864,10.72966,1500000,1500000
2022-08-29 05:55:09.006000,10.73863,10.72966,1500000,1500000
2022-08-29 05:55:09.107000,10.73862,10.72966,1500000,1500000
2022-08-29 05:55:09.579000,10.73935,10.72966,2100000,1500000
2022-08-29 05:55:09.630000,10.73863,10.72966,1500000,1500000
2022-08-29 05:55:09.793000,10.73835,10.72966,1500000,2100000
2022-08-29 05:55:10.434000,10.73846,10.72966,1500000,2100000
2022-08-29 05:55:10.693000,10.73835,10.72966,1500000,2100000
2022-08-29 05:55:11.716000,10.73846,10.72966,1500000,2100000
2022-08-29 05:55:11.969000,10.73868,10.72966,2100000,1500000
2022-08-29 05:55:12.070000,10.7393,10.73008,1640000,1500000
2022-08-29 05:55:12.171000,10.73922,10.72913,2100000,2100000
2022-08-29 05:55:12.271000,10.73855,10.72873,1800000,1800000
2022-08-29 05:55:12.372000,10.73832,10.72873,1200000,3300000
2022-08-29 05:55:12.473000,10.73827,10.72925,1500000,1500000
2022-08-29 05:55:12.524000,10.73844,10.72916,1500000,1500000
2022-08-29 05:55:12.675000,10.73844,10.72925,1500000,1500000
2022-08-29 05:55:12.787000,10.73844,10.72925,1500000,1500000
2022-08-29 05:55:13.360000,10.73844,10.72901,1500000,1500000
2022-08-29 05:55:13.571000,10.73913,10.72918,1200000,1500000
2022-08-29 05:55:13.672000,10.73929,10.72923,1500000,1500000
2022-08-29 05:55:13.722000,10.73887,10.72918,1500000,1500000
2022-08-29 05:55:13.823000,10.73877,10.72933,1500000,1500000
2022-08-29 05:55:14.168000,10.73855,10.72934,1500000,1500000
2022-08-29 05:55:14.285000,10.73846,10.72933,1500000,1500000
2022-08-29 05:55:14.517000,10.73844,10.72933,1500000,1500000
2022-08-29 05:55:14.629000,10.73843,10.72933,1500000,1500000
2022-08-29 05:55:14.730000,10.73838,10.72978,1500000,1500000
2022-08-29 05:55:15.194000,10.73837,10.72978,1500000,1500000
2022-08-29 05:55:15.510000,10.73836,10.72978,1500000,1500000
2022-08-29 05:55:15.561000,10.73857,10.72978,1500000,1500000
2022-08-29 05:55:15.960000,10.73847,10.72978,1500000,1500000
2022-08-29 05:55:16.220000,10.73833,10.72978,1500000,1500000
2022-08-29 05:55:16.602000,10.73937,10.72978,1500000,1500000
2022-08-29 05:55:16.653000,10.73889,10.72978,1500000,1500000
2022-08-29 05:55:17.017000,10.73914,10.72978,1500000,1500000
2022-08-29 05:55:17.068000,10.73914,10.72978,1500000,1500000
2022-08-29 05:55:17.273000,10.73833,10.72978,1500000,1500000
2022-08-29 05:55:18.456000,10.73867,10.72978,1500000,1500000
2022-08-29 05:55:20.306000,10.73895,10.72978,1500000,1500000
2022-08-29 05:55:20.435000,10.73877,10.72978,1500000,1500000
2022-08-29 05:55:21.010000,10.73895,10.72978,1500000,1500000
2022-08-29 05:55:21.111000,10.73894,10.72923,1500000,1500000
2022-08-29 05:55:21.190000,10.73877,10.72918,1500000,1500000
2022-08-29 05:55:21.291000,10.73833,10.72918,1500000,1500000
2022-08-29 05:55:21.744000,10.73835,10.72923,1500000,1500000
2022-08-29 05:55:21.844000,10.73894,10.72918,1500000,1500000
2022-08-29 05:55:21.999000,10.73914,10.72923,1500000,1500000
2022-08-29 05:55:22.100000,10.73833,10.72923,1500000,1500000
2022-08-29 05:55:22.567000,10.73867,10.72923,1500000,1500000
2022-08-29 05:55:22.738000,10.73894,10.72933,1500000,1500000
2022-08-29 05:55:24.910000,10.73892,10.72937,1500000,1500000
2022-08-29 05:55:25.049000,10.73916,10.72936,1500000,1500000
2022-08-29 05:55:25.707000,10.73883,10.72946,1500000,1500000
2022-08-29 05:55:25.858000,10.73887,10.72936,1500000,1500000
2022-08-29 05:55:25.958000,10.73927,10.72943,1500000,1500000
2022-08-29 05:55:26.009000,10.73927,10.72945,1500000,1500000
2022-08-29 05:55:26.262000,10.73404,10.72933,1500000,1500000
2022-08-29 05:55:26.313000,10.73404,10.72896,1500000,1500000
2022-08-29 05:55:26.413000,10.73397,10.72896,1500000,1500000
2022-08-29 05:55:26.514000,10.73366,10.72897,1500000,1500000
2022-08-29 05:55:26.615000,10.73357,10.72896,1500000,1500000
2022-08-29 05:55:26.718000,10.73351,10.72896,1500000,1500000
2022-08-29 05:55:26.871000,10.73371,10.72896,1500000,1500000
2022-08-29 05:55:26.939000,10.73371,10.72896,1500000,1500000
2022-08-29 05:55:27.042000,10.73401,10.72896,1500000,1500000
2022-08-29 05:55:27.092000,10.73371,10.72896,1500000,1500000
2022-08-29 05:55:27.205000,10.73328,10.72897,1500000,1500000
2022-08-29 05:55:30.825000,10.73329,10.72846,1200000,1200000
2022-08-29 05:55:30.928000,10.73328,10.72897,1500000,1500000
2022-08-29 05:55:38.358000,10.73409,10.72896,1500000,1500000
2022-08-29 05:55:38.408000,10.7334,10.72946,1500000,1500000
2022-08-29 05:55:38.559000,10.7334,10.72896,1500000,1500000
2022-08-29 05:55:38.610000,10.73351,10.72896,1500000,1500000
2022-08-29 05:55:38.811000,10.73351,10.72946,1500000,1500000
2022-08-29 05:55:38.956000,10.7334,10.72946,1500000,1500000
2022-08-29 05:55:39.472000,10.73404,10.72946,1500000,1500000
2022-08-29 05:55:39.522000,10.73351,10.72946,1500000,1500000
2022-08-29 05:55:42.858000,10.73351,10.72938,1200000,1200000
2022-08-29 05:55:43.057000,10.73351,10.72899,1500000,1500000
2022-08-29 05:55:43.753000,10.73351,10.72946,1500000,1500000
2022-08-29 05:55:45.752000,10.73351,10.72896,1500000,1500000
2022-08-29 05:55:46.157000,10.7334,10.72899,1500000,1500000
2022-08-29 05:55:46.265000,10.7334,10.72896,1500000,1500000
2022-08-29 05:55:46.366000,10.73361,10.72896,1500000,1500000
2022-08-29 05:55:46.467000,10.73677,10.72946,1500000,1500000
2022-08-29 05:55:46.567000,10.73827,10.72996,1500000,1500000
2022-08-29 05:55:46.618000,10.73847,10.72996,1500000,1500000
2022-08-29 05:55:46.719000,10.73861,10.72997,1500000,1500000
2022-08-29 05:55:46.769000,10.73862,10.72996,1500000,1500000
2022-08-29 05:55:46.820000,10.73904,10.72988,1200000,1200000
2022-08-29 05:55:46.930000,10.73963,10.72988,1200000,1200000
2022-08-29 05:55:46.980000,10.73905,10.72988,1200000,1200000
2022-08-29 05:55:47.031000,10.73911,10.72988,1200000,1200000
2022-08-29 05:55:47.132000,10.73912,10.73038,1200000,1200000
2022-08-29 05:55:47.182000,10.73967,10.73038,1200000,1200000
2022-08-29 05:55:47.233000,10.73913,10.72988,1200000,1200000
2022-08-29 05:55:47.434000,10.73913,10.73003,1200000,1200000
2022-08-29 05:55:47.712000,10.73913,10.73033,1200000,1200000
2022-08-29 05:55:48.257000,10.73949,10.73034,1200000,1200000
2022-08-29 05:55:48.358000,10.7393,10.73034,1200000,1200000
2022-08-29 05:55:48.458000,10.73934,10.73033,1200000,1200000
2022-08-29 05:55:48.526000,10.74007,10.73033,1200000,1200000
2022-08-29 05:55:48.576000,10.73951,10.73033,1200000,1200000
2022-08-29 05:55:48.627000,10.74016,10.73043,1200000,1200000
2022-08-29 05:55:48.728000,10.73977,10.73033,1200000,1200000
2022-08-29 05:55:48.879000,10.73938,10.73043,1200000,1200000
2022-08-29 05:55:48.929000,10.74018,10.73053,1200000,1200000
2022-08-29 05:55:48.980000,10.74037,10.73053,1200000,1200000
2022-08-29 05:55:49.030000,10.7398,10.73053,1200000,1200000
2022-08-29 05:55:49.131000,10.7398,10.73053,1200000,1320000
2022-08-29 05:55:49.291000,10.7398,10.73063,1200000,1320000
2022-08-29 05:55:49.392000,10.74002,10.73043,1200000,1200000
2022-08-29 05:55:49.718000,10.73997,10.73043,1200000,1200000
2022-08-29 05:55:49.768000,10.74002,10.73043,1200000,1200000
2022-08-29 05:55:50.194000,10.74001,10.73034,1200000,1200000
2022-08-29 05:55:50.244000,10.73992,10.73033,1200000,1200000
2022-08-29 05:55:50.345000,10.74009,10.73043,1200000,1200000
2022-08-29 05:55:50.446000,10.74037,10.73043,1200000,1200000
2022-08-29 05:55:50.496000,10.74032,10.73043,1200000,1200000
2022-08-29 05:55:50.680000,10.73964,10.73043,1200000,1200000
2022-08-29 05:55:51.220000,10.73961,10.73043,1200000,1200000
2022-08-29 05:55:51.321000,10.7396,10.73043,1200000,1200000
2022-08-29 05:55:51.422000,10.74032,10.73043,1200000,1200000
2022-08-29 05:55:51.549000,10.73973,10.73043,1200000,1200000
2022-08-29 05:55:51.750000,10.74019,10.73043,1200000,1200000
2022-08-29 05:55:51.925000,10.73994,10.73063,1500000,1500000
2022-08-29 05:55:52.560000,10.73977,10.73063,1500000,1500000
2022-08-29 05:55:52.873000,10.73976,10.73067,1500000,1500000
2022-08-29 05:55:52.981000,10.73976,10.73084,1500000,1500000
2022-08-29 05:55:53.523000,10.73978,10.73083,1500000,1500000
2022-08-29 05:55:53.882000,10.73977,10.73083,1500000,1500000
2022-08-29 05:55:53.996000,10.73978,10.73093,1500000,1500000
2022-08-29 05:55:54.046000,10.73979,10.73083,1500000,1500000
2022-08-29 05:55:54.182000,10.73994,10.73083,1500000,1500000
2022-08-29 05:55:54.232000,10.7398,10.73083,1500000,1500000
2022-08-29 05:55:54.325000,10.7398,10.73063,1500000,1500000
2022-08-29 05:55:54.908000,10.73983,10.73063,1500000,1500000
2022-08-29 05:55:55.292000,10.73981,10.73063,1500000,1500000
2022-08-29 05:55:55.477000,10.73981,10.73066,1500000,1500000
2022-08-29 05:55:56.033000,10.73994,10.73073,1500000,1500000
2022-08-29 05:55:56.216000,10.73982,10.73073,1500000,1500000
2022-08-29 05:55:56.538000,10.73994,10.73073,1500000,3000000
2022-08-29 05:55:56.589000,10.73983,10.73073,1500000,3000000
2022-08-29 05:55:56.690000,10.73984,10.73073,1500000,1500000
2022-08-29 05:55:56.841000,10.73986,10.73076,1500000,1500000
2022-08-29 05:55:57.139000,10.73984,10.73076,1500000,1500000
2022-08-29 05:55:57.437000,10.73981,10.73077,1500000,1500000
2022-08-29 05:55:57.538000,10.73994,10.73076,1500000,1500000
2022-08-29 05:55:57.588000,10.73984,10.73076,1500000,1500000
2022-08-29 05:55:57.782000,10.74024,10.73086,1500000,1500000
2022-08-29 05:55:57.832000,10.73998,10.73086,1500000,1500000
2022-08-29 05:55:57.883000,10.7402,10.73086,1500000,1500000
2022-08-29 05:55:57.984000,10.74008,10.73103,1500000,1500000
2022-08-29 05:55:58.135000,10.73985,10.73103,1500000,1500000
2022-08-29 05:55:58.336000,10.73985,10.73086,1500000,1500000
2022-08-29 05:55:58.498000,10.73976,10.73087,1500000,1500000
2022-08-29 05:55:58.713000,10.73977,10.73103,1500000,1500000
2022-08-29 05:56:00.394000,10.73985,10.73103,1500000,1500000
2022-08-29 05:56:00.547000,10.73983,10.73103,1500000,1500000
2022-08-29 05:56:00.648000,10.74037,10.73086,1500000,1500000
2022-08-29 05:56:00.698000,10.74001,10.73086,1500000,1500000
2022-08-29 05:56:00.749000,10.74005,10.73086,1500000,1500000
2022-08-29 05:56:00.850000,10.74037,10.73086,1500000,1500000
2022-08-29 05:56:00.900000,10.73999,10.73087,1500000,1500000
2022-08-29 05:56:00.951000,10.74037,10.73086,1500000,1500000
2022-08-29 05:56:01.001000,10.74037,10.73103,1500000,1500000
2022-08-29 05:56:01.131000,10.73991,10.73103,1500000,1500000
2022-08-29 05:56:01.286000,10.73988,10.73103,1500000,1500000
2022-08-29 05:56:01.387000,10.7401,10.73113,1500000,1500000
2022-08-29 05:56:01.438000,10.74013,10.73113,1500000,1500000
2022-08-29 05:56:01.577000,10.74023,10.73113,1500000,1500000
2022-08-29 05:56:01.627000,10.74023,10.73116,1500000,1500000
2022-08-29 05:56:01.728000,10.74003,10.73123,1500000,1500000
2022-08-29 05:56:01.778000,10.74014,10.73123,1500000,1500000
2022-08-29 05:56:01.879000,10.74015,10.73123,1500000,1500000
2022-08-29 05:56:01.930000,10.74015,10.73103,1500000,1500000
2022-08-29 05:56:02.031000,10.74013,10.73103,1500000,1500000
2022-08-29 05:56:02.081000,10.74037,10.73103,1500000,1500000
2022-08-29 05:56:02.132000,10.74015,10.73103,1500000,1500000
2022-08-29 05:56:02.283000,10.74005,10.73103,1500000,1500000
2022-08-29 05:56:02.444000,10.74004,10.73103,1500000,1500000
2022-08-29 05:56:02.719000,10.74003,10.73103,1500000,1500000
2022-08-29 05:56:02.855000,10.74002,10.73103,1500000,1500000
2022-08-29 05:56:03.059000,10.74001,10.73114,1500000,1500000
2022-08-29 05:56:03.109000,10.74036,10.73114,1500000,1500000
2022-08-29 05:56:03.160000,10.74001,10.73113,1500000,1500000
2022-08-29 05:56:03.322000,10.73991,10.73113,1500000,1500000
2022-08-29 05:56:03.423000,10.74002,10.73113,1500000,1500000
2022-08-29 05:56:03.524000,10.74,10.73113,1500000,1500000
2022-08-29 05:56:03.574000,10.74002,10.73114,1500000,1500000
2022-08-29 05:56:03.959000,10.74006,10.73113,1500000,1500000
2022-08-29 05:56:04.210000,10.74002,10.73113,1500000,1500000
2022-08-29 05:56:04.372000,10.74003,10.73113,1500000,1500000
2022-08-29 05:56:04.472000,10.74037,10.73123,1500000,1500000
2022-08-29 05:56:04.573000,10.74036,10.73104,1500000,1500000
2022-08-29 05:56:04.724000,10.74037,10.73103,1500000,1500000
2022-08-29 05:56:04.775000,10.74036,10.73104,1500000,1500000
2022-08-29 05:56:04.825000,10.74037,10.73113,1500000,1500000
2022-08-29 05:56:05.031000,10.74037,10.73113,1500000,1500000
2022-08-29 05:56:05.081000,10.74037,10.73113,1500000,1500000
2022-08-29 05:56:05.132000,10.74037,10.73068,1500000,1500000
2022-08-29 05:56:05.699000,10.74017,10.73086,1500000,1500000
2022-08-29 05:56:05.838000,10.74015,10.73086,1500000,1500000
2022-08-29 05:56:06.251000,10.74014,10.73096,1500000,1500000
2022-08-29 05:56:06.496000,10.7402,10.73103,1500000,1500000
2022-08-29 05:56:06.742000,10.74037,10.73103,1500000,1500000
2022-08-29 05:56:06.843000,10.74023,10.73103,1500000,1500000
2022-08-29 05:56:07.267000,10.74037,10.73103,1500000,1500000
2022-08-29 05:56:07.318000,10.74024,10.73103,1500000,1500000
2022-08-29 05:56:07.420000,10.74024,10.73113,1500000,1500000
2022-08-29 05:56:07.573000,10.74037,10.73113,1500000,1500000
2022-08-29 05:56:07.674000,10.74026,10.73113,1500000,1500000
2022-08-29 05:56:07.825000,10.74027,10.73113,1500000,1500000
2022-08-29 05:56:08.424000,10.74026,10.73113,1500000,1500000
2022-08-29 05:56:08.525000,10.74018,10.73113,1500000,1500000
2022-08-29 05:56:09.028000,10.7403,10.73113,1500000,1500000
2022-08-29 05:56:09.079000,10.74036,10.73114,1500000,1500000
2022-08-29 05:56:09.129000,10.74033,10.73113,1500000,1500000
2022-08-29 05:56:09.230000,10.74033,10.73116,1500000,1500000
2022-08-29 05:56:09.470000,10.74034,10.73116,1500000,1500000
2022-08-29 05:56:09.588000,10.74034,10.73143,1500000,1500000
2022-08-29 05:56:09.740000,10.74032,10.73143,1500000,1500000
2022-08-29 05:56:09.841000,10.74033,10.73143,1500000,1500000
2022-08-29 05:56:10.283000,10.74034,10.73144,1500000,1500000
2022-08-29 05:56:10.602000,10.74035,10.73146,1500000,1500000
2022-08-29 05:56:10.652000,10.74037,10.73146,1500000,1500000
2022-08-29 05:56:10.804000,10.74036,10.73146,1500000,1500000
2022-08-29 05:56:11.208000,10.74037,10.73146,1500000,1500000
2022-08-29 05:56:12.153000,10.74038,10.73146,1500000,1500000
2022-08-29 05:56:12.815000,10.74027,10.73146,1500000,1500000
2022-08-29 05:56:12.897000,10.74063,10.73146,2100000,1500000
2022-08-29 05:56:12.948000,10.74038,10.73146,1500000,1500000
2022-08-29 05:56:13.675000,10.74027,10.73146,1500000,1500000
2022-08-29 05:56:13.805000,10.74019,10.73146,1500000,1500000
2022-08-29 05:56:13.906000,10.74008,10.73146,1500000,1500000
2022-08-29 05:56:14.291000,10.74007,10.73129,1500000,1500000
2022-08-29 05:56:14.355000,10.73997,10.73078,1500000,2100000
2022-08-29 05:56:14.456000,10.74044,10.73088,1500000,2100000
2022-08-29 05:56:14.512000,10.74044,10.73088,1500000,2100000
2022-08-29 05:56:14.613000,10.74039,10.73078,1500000,2100000
2022-08-29 05:56:14.714000,10.74004,10.73078,1500000,2100000
2022-08-29 05:56:15.116000,10.73974,10.73078,1500000,2100000
2022-08-29 05:56:15.217000,10.73965,10.73078,1500000,2100000
2022-08-29 05:56:15.318000,10.73965,10.73078,2100000,2100000
2022-08-29 05:56:15.543000,10.74004,10.73078,2100000,2100000
2022-08-29 05:56:15.593000,10.73979,10.73078,1500000,2100000
2022-08-29 05:56:15.722000,10.73927,10.73078,1500000,2100000
2022-08-29 05:56:15.772000,10.73937,10.73078,1500000,2100000
2022-08-29 05:56:16.154000,10.73947,10.73078,1500000,2100000
2022-08-29 05:56:17.797000,10.73958,10.73093,1500000,2100000
2022-08-29 05:56:18.243000,10.74026,10.73096,2100000,2100000
2022-08-29 05:56:18.358000,10.73969,10.73096,1500000,2100000
2022-08-29 05:56:18.459000,10.74034,10.73099,2100000,2100000
2022-08-29 05:56:18.510000,10.7398,10.73099,1500000,2100000
2022-08-29 05:56:18.776000,10.74034,10.73116,2100000,1500000
2022-08-29 05:56:18.876000,10.74034,10.73116,2100000,2100000
2022-08-29 05:56:18.980000,10.74058,10.73116,2100000,2100000
2022-08-29 05:56:19.102000,10.74033,10.73144,1500000,2100000
2022-08-29 05:56:19.216000,10.74034,10.73099,1500000,2100000
2022-08-29 05:56:19.267000,10.74052,10.73099,2100000,2100000
2022-08-29 05:56:19.318000,10.74055,10.73122,2100000,2100000
2022-08-29 05:56:19.987000,10.74052,10.73176,2100000,2100000
2022-08-29 05:56:20.088000,10.74045,10.73156,2100000,2100000
2022-08-29 05:56:20.189000,10.74055,10.73156,2100000,2100000
2022-08-29 05:56:20.373000,10.74054,10.73156,2100000,2100000
2022-08-29 05:56:20.475000,10.74054,10.73156,2100000,2100000
2022-08-29 05:56:20.885000,10.74054,10.73156,2100000,2100000
2022-08-29 05:56:21.994000,10.74054,10.73166,2100000,2100000
2022-08-29 05:56:22.196000,10.74001,10.73157,1500000,2100000
2022-08-29 05:56:24.540000,10.74057,10.73166,2100000,2100000
2022-08-29 05:56:24.641000,10.74058,10.73166,2100000,2100000
2022-08-29 05:56:24.999000,10.74012,10.73166,1500000,2100000
2022-08-29 05:56:25.380000,10.74045,10.73188,2100000,1500000
2022-08-29 05:56:25.431000,10.74058,10.7319,1500000,1500000
2022-08-29 05:56:25.532000,10.74058,10.73145,1500000,1500000
2022-08-29 05:56:26.320000,10.74058,10.73149,1500000,1500000
2022-08-29 05:56:28.008000,10.74068,10.73146,1500000,1500000
2022-08-29 05:56:28.159000,10.74058,10.73146,1500000,1500000
2022-08-29 05:56:28.328000,10.74087,10.73146,1500000,1500000
2022-08-29 05:56:28.429000,10.74058,10.73188,1500000,1500000
2022-08-29 05:56:28.902000,10.74078,10.73188,1500000,1500000
2022-08-29 05:56:29.067000,10.74058,10.73188,1500000,1500000
2022-08-29 05:56:30.316000,10.74087,10.73196,1500000,1500000
2022-08-29 05:56:30.437000,10.74058,10.73203,1500000,1500000
2022-08-29 05:56:30.840000,10.74087,10.73216,1500000,1500000
2022-08-29 05:56:31.042000,10.74087,10.73216,1500000,1500000
2022-08-29 05:56:31.300000,10.74058,10.73273,1500000,1620000
2022-08-29 05:56:31.549000,10.74087,10.73273,1500000,1620000
2022-08-29 05:56:31.761000,10.74058,10.73273,1500000,1620000
2022-08-29 05:56:31.827000,10.74087,10.73273,1500000,1620000
2022-08-29 05:56:31.978000,10.74058,10.73273,1500000,1620000
2022-08-29 05:56:32.029000,10.74086,10.73274,1500000,1620000
2022-08-29 05:56:32.130000,10.74058,10.73273,1500000,1620000
2022-08-29 05:56:32.331000,10.74087,10.73266,1500000,1500000
2022-08-29 05:56:32.444000,10.74058,10.73266,1500000,1500000
2022-08-29 05:56:32.795000,10.74087,10.73266,1500000,1500000
2022-08-29 05:56:32.896000,10.74057,10.73267,1500000,1500000
2022-08-29 05:56:45.142000,10.74058,10.73266,1500000,1500000
2022-08-29 05:56:45.193000,10.74087,10.73236,1500000,1500000
2022-08-29 05:56:45.294000,10.74058,10.73236,1500000,1500000
2022-08-29 05:56:45.619000,10.74087,10.73236,1500000,1500000
2022-08-29 05:56:45.821000,10.74058,10.73214,1500000,1740000
2022-08-29 05:56:46.081000,10.74087,10.73211,1500000,1620000
2022-08-29 05:56:46.232000,10.74058,10.73211,1500000,1620000
2022-08-29 05:56:47.179000,10.74036,10.73209,1500000,1500000
2022-08-29 05:56:47.330000,10.74058,10.73208,1500000,1500000
2022-08-29 05:56:47.536000,10.74087,10.73208,1500000,1500000
2022-08-29 05:56:47.687000,10.74058,10.73208,1500000,1500000
2022-08-29 05:56:48.003000,10.74058,10.73218,1500000,1500000
2022-08-29 05:56:51.914000,10.74058,10.732,1500000,1500000
2022-08-29 05:56:51.964000,10.74086,10.73273,1500000,1500000
2022-08-29 05:56:52.065000,10.74037,10.73213,1500000,1500000
2022-08-29 05:56:52.116000,10.74037,10.7318,1500000,1500000
2022-08-29 05:56:52.651000,10.74058,10.73149,1500000,1500000
2022-08-29 05:56:52.828000,10.74058,10.73149,1500000,1500000
2022-08-29 05:56:54.534000,10.74058,10.73208,1500000,1500000
2022-08-29 05:56:55.197000,10.74058,10.73208,1500000,1500000
2022-08-29 05:56:55.248000,10.74058,10.73248,1500000,1500000
2022-08-29 05:56:55.735000,10.74087,10.73218,1500000,1500000
2022-08-29 05:56:55.872000,10.74058,10.73218,1500000,1500000
2022-08-29 05:56:59.367000,10.74087,10.73249,1500000,1500000
2022-08-29 05:56:59.467000,10.74086,10.73529,1500000,1200000
2022-08-29 05:56:59.572000,10.74058,10.73528,1500000,1200000
2022-08-29 05:57:00.149000,10.74087,10.73528,1500000,1200000
2022-08-29 05:57:00.304000,10.74058,10.73528,1500000,1200000
2022-08-29 05:57:01.450000,10.74087,10.73528,1500000,1200000
2022-08-29 05:57:01.835000,10.74037,10.73528,1500000,1200000
2022-08-29 05:57:03.282000,10.74047,10.73529,1500000,1200000
2022-08-29 05:57:06.946000,10.74037,10.73528,1500000,1200000
2022-08-29 05:57:07.148000,10.74028,10.73528,1500000,1200000
2022-08-29 05:57:07.249000,10.74025,10.73528,1500000,1200000
2022-08-29 05:57:07.351000,10.74037,10.73528,1500000,1200000
2022-08-29 05:57:07.452000,10.74039,10.73528,1500000,1200000
2022-08-29 05:57:07.502000,10.74037,10.73528,1500000,1200000
2022-08-29 05:57:08.149000,10.74019,10.73528,1500000,1200000
2022-08-29 05:57:08.200000,10.74025,10.73528,1500000,1200000
2022-08-29 05:57:08.301000,10.74037,10.73528,1500000,1200000
2022-08-29 05:57:08.603000,10.74031,10.73529,1500000,1200000
2022-08-29 05:57:08.705000,10.74025,10.73528,1500000,1200000
2022-08-29 05:57:08.821000,10.74017,10.73528,1500000,1200000
2022-08-29 05:57:08.908000,10.74037,10.73528,1500000,1200000
2022-08-29 05:57:09.202000,10.74017,10.73528,1500000,1200000
2022-08-29 05:57:09.253000,10.74037,10.73528,1500000,1200000
2022-08-29 05:57:09.402000,10.74018,10.73528,1500000,1200000
2022-08-29 05:57:09.518000,10.74014,10.73529,1500000,1200000
2022-08-29 05:57:09.619000,10.74037,10.73528,1500000,1200000
2022-08-29 05:57:09.857000,10.7402,10.73528,1500000,1200000
2022-08-29 05:57:09.908000,10.74037,10.73528,1500000,1200000
2022-08-29 05:57:10.210000,10.73998,10.73528,1500000,1200000
2022-08-29 05:57:10.261000,10.74036,10.73529,1500000,1200000
2022-08-29 05:57:10.584000,10.74007,10.73528,1500000,1200000
2022-08-29 05:57:10.685000,10.74005,10.73528,1500000,1200000
2022-08-29 05:57:10.786000,10.74004,10.73528,1500000,1200000
2022-08-29 05:57:10.837000,10.74037,10.73528,1500000,1200000
2022-08-29 05:57:10.988000,10.74009,10.73529,1500000,1200000
2022-08-29 05:57:11.517000,10.74008,10.73528,1500000,1200000
2022-08-29 05:57:11.632000,10.74007,10.73528,1500000,1200000
2022-08-29 05:57:11.850000,10.74006,10.73528,1500000,1200000
2022-08-29 05:57:12.029000,10.73996,10.73528,1500000,1200000
2022-08-29 05:57:12.130000,10.73995,10.73528,1500000,1200000
2022-08-29 05:57:12.180000,10.74007,10.73528,1500000,1200000
2022-08-29 05:57:12.231000,10.74037,10.73528,1500000,1200000
2022-08-29 05:57:12.282000,10.74007,10.73529,1500000,1200000
2022-08-29 05:57:12.332000,10.74037,10.73528,1500000,1200000
2022-08-29 05:57:12.495000,10.74005,10.73528,1500000,1200000
2022-08-29 05:57:12.680000,10.74006,10.73528,1500000,1200000
2022-08-29 05:57:13.099000,10.74005,10.73528,1500000,1200000
2022-08-29 05:57:13.150000,10.74037,10.73528,1500000,1200000
2022-08-29 05:57:13.200000,10.74016,10.73528,1500000,1200000
2022-08-29 05:57:13.361000,10.74005,10.73528,1500000,1200000
2022-08-29 05:57:13.964000,10.74004,10.73528,1500000,1200000
2022-08-29 05:57:14.075000,10.74003,10.73528,1500000,1200000
2022-08-29 05:57:14.472000,10.74002,10.73528,1500000,1200000
2022-08-29 05:57:14.896000,10.74037,10.73528,1500000,1200000
2022-08-29 05:57:14.947000,10.74003,10.73528,1500000,1200000
2022-08-29 05:57:15.113000,10.73992,10.73528,1500000,1200000
2022-08-29 05:57:15.456000,10.74037,10.73528,1500000,1200000
2022-08-29 05:57:15.507000,10.74003,10.73528,1500000,1200000
2022-08-29 05:57:15.731000,10.74013,10.73528,1500000,1200000
2022-08-29 05:57:15.899000,10.74011,10.73528,1500000,1200000
2022-08-29 05:57:16.143000,10.74,10.73528,1500000,1200000
2022-08-29 05:57:18.602000,10.73998,10.73529,1500000,1200000
2022-08-29 05:57:18.715000,10.7401,10.73528,1500000,1200000
2022-08-29 05:57:18.766000,10.74012,10.73528,1500000,1200000
2022-08-29 05:57:19.352000,10.74,10.73528,1500000,1200000
2022-08-29 05:57:19.553000,10.74012,10.73528,1500000,1200000
2022-08-29 05:57:19.704000,10.74012,10.73529,1500000,1200000
2022-08-29 05:57:19.884000,10.74014,10.73528,1500000,1200000
2022-08-29 05:57:20.066000,10.74013,10.73528,1500000,1200000
2022-08-29 05:57:20.513000,10.74012,10.73528,1500000,1200000
2022-08-29 05:57:21.257000,10.74037,10.73528,1500000,1200000
2022-08-29 05:57:21.318000,10.7401,10.73529,1500000,1200000
2022-08-29 05:57:21.504000,10.74,10.73528,1500000,1200000
2022-08-29 05:57:21.620000,10.7401,10.73529,1500000,1200000
2022-08-29 05:57:21.851000,10.74,10.73529,1500000,1200000
2022-08-29 05:57:21.974000,10.74,10.73528,1500000,1200000
2022-08-29 05:57:22.487000,10.74011,10.73528,1500000,1200000
2022-08-29 05:57:22.755000,10.74031,10.73528,1500000,1200000
2022-08-29 05:57:22.806000,10.74036,10.73528,1500000,1200000
2022-08-29 05:57:22.861000,10.74028,10.73528,1500000,1200000
2022-08-29 05:57:22.911000,10.74037,10.73528,1500000,1200000
2022-08-29 05:57:23.038000,10.74029,10.73528,1500000,1200000
2022-08-29 05:57:23.091000,10.74037,10.73528,1500000,1200000
2022-08-29 05:57:23.240000,10.74036,10.73528,1500000,1200000
2022-08-29 05:57:23.352000,10.74034,10.73528,1500000,1200000
2022-08-29 05:57:23.488000,10.74087,10.73528,1500000,1200000
2022-08-29 05:57:23.539000,10.74034,10.73528,1500000,1200000
2022-08-29 05:57:23.721000,10.74038,10.73528,1500000,1200000
2022-08-29 05:57:23.873000,10.74048,10.73528,1500000,1200000
2022-08-29 05:57:24.143000,10.74037,10.73528,1500000,1200000
2022-08-29 05:57:24.591000,10.74048,10.73528,1500000,1200000
2022-08-29 05:57:24.864000,10.74043,10.73528,1500000,1200000
2022-08-29 05:57:24.965000,10.74023,10.73528,1500000,1200000
2022-08-29 05:57:25.016000,10.74032,10.73528,1500000,1200000
2022-08-29 05:57:25.168000,10.74019,10.73528,1500000,1200000
2022-08-29 05:57:25.269000,10.74011,10.73528,1500000,1200000
2022-08-29 05:57:25.426000,10.74021,10.73528,1500000,1200000
2022-08-29 05:57:25.527000,10.74037,10.73528,1500000,1200000
2022-08-29 05:57:25.981000,10.74036,10.73528,1500000,1200000
2022-08-29 05:57:26.395000,10.74025,10.73528,1500000,1200000
2022-08-29 05:57:26.627000,10.74028,10.73528,1500000,1200000
2022-08-29 05:57:26.743000,10.74018,10.73528,1500000,1200000
2022-08-29 05:57:26.994000,10.74019,10.73528,1500000,1200000
2022-08-29 05:57:27.045000,10.7402,10.73529,1500000,1200000
2022-08-29 05:57:27.167000,10.74032,10.73528,1500000,1200000
2022-08-29 05:57:27.268000,10.74029,10.73528,1500000,1200000
2022-08-29 05:57:27.379000,10.74026,10.73528,1500000,1200000
2022-08-29 05:57:27.599000,10.74014,10.73528,1500000,1200000
2022-08-29 05:57:27.788000,10.74012,10.73529,1500000,1200000
2022-08-29 05:57:28.129000,10.74012,10.73528,1500000,1200000
2022-08-29 05:57:28.485000,10.7401,10.73529,1500000,1200000
2022-08-29 05:57:28.799000,10.74012,10.73528,1500000,1200000
2022-08-29 05:57:29.637000,10.74011,10.73528,1500000,1200000
2022-08-29 05:57:30.467000,10.74009,10.73529,1500000,1200000
2022-08-29 05:57:30.601000,10.74021,10.73528,1500000,1200000
2022-08-29 05:57:30.671000,10.74037,10.73528,1500000,1200000
2022-08-29 05:57:30.722000,10.74027,10.73528,1500000,1200000
2022-08-29 05:57:30.923000,10.74025,10.73528,1500000,1200000
2022-08-29 05:57:31.036000,10.74087,10.73528,1500000,1200000
2022-08-29 05:57:31.087000,10.74025,10.73528,1500000,1200000
2022-08-29 05:57:31.188000,10.74006,10.73528,1500000,1200000
2022-08-29 05:57:31.239000,10.74037,10.73528,1500000,1200000
2022-08-29 05:57:31.342000,10.74004,10.73528,1500000,1200000
2022-08-29 05:57:31.515000,10.73992,10.73528,1500000,1200000
2022-08-29 05:57:31.566000,10.73994,10.73528,1500000,1200000
2022-08-29 05:57:31.634000,10.74037,10.73528,1500000,1200000
2022-08-29 05:57:31.684000,10.73997,10.73528,1500000,1200000
2022-08-29 05:57:32.135000,10.74037,10.73528,1500000,1200000
2022-08-29 05:57:32.186000,10.73997,10.73529,1500000,1200000
2022-08-29 05:57:32.631000,10.74007,10.73528,1500000,1200000
2022-08-29 05:57:32.732000,10.74005,10.73529,1500000,1200000
2022-08-29 05:57:32.807000,10.74003,10.73529,1500000,1200000
2022-08-29 05:57:32.967000,10.73992,10.73528,1500000,1200000
2022-08-29 05:57:33.018000,10.74037,10.73528,1500000,1200000
2022-08-29 05:57:33.068000,10.74003,10.73528,1500000,1200000
2022-08-29 05:57:33.553000,10.74004,10.73528,1500000,1200000
2022-08-29 05:57:34.013000,10.74005,10.73528,1500000,1200000
2022-08-29 05:57:34.770000,10.74004,10.73528,1500000,1200000
2022-08-29 05:57:35.027000,10.74005,10.73528,1500000,1200000
2022-08-29 05:57:35.165000,10.74006,10.73528,1500000,1200000
2022-08-29 05:57:35.466000,10.74005,10.73528,1500000,1200000
2022-08-29 05:57:36.353000,10.74003,10.73528,1500000,1200000
2022-08-29 05:57:36.454000,10.74002,10.73528,1500000,1200000
2022-08-29 05:57:36.505000,10.74048,10.73528,1500000,1200000
2022-08-29 05:57:36.556000,10.74044,10.73528,1500000,1200000
2022-08-29 05:57:36.657000,10.73982,10.73528,1500000,1200000
2022-08-29 05:57:36.707000,10.73998,10.73528,1500000,1200000
2022-08-29 05:57:37.093000,10.73963,10.73528,1500000,1200000
2022-08-29 05:57:37.144000,10.73998,10.73528,1500000,1200000
2022-08-29 05:57:37.252000,10.73927,10.73528,1500000,1200000
2022-08-29 05:57:37.353000,10.74004,10.73528,1500000,1200000
2022-08-29 05:57:37.404000,10.73984,10.73528,1500000,1200000
2022-08-29 05:57:37.792000,10.73936,10.73528,1500000,1200000
2022-08-29 05:57:37.893000,10.73984,10.73528,1500000,1200000
2022-08-29 05:57:38.244000,10.73984,10.73528,1500000,1200000
2022-08-29 05:57:38.359000,10.73941,10.73528,1500000,1200000
2022-08-29 05:57:38.460000,10.73984,10.73528,1500000,1200000
2022-08-29 05:57:38.526000,10.73984,10.73528,1500000,1200000
2022-08-29 05:57:38.672000,10.73939,10.73528,1500000,1200000
2022-08-29 05:57:38.803000,10.73938,10.73528,1500000,1200000
2022-08-29 05:57:39.056000,10.73927,10.73528,1500000,1200000
2022-08-29 05:57:39.207000,10.73926,10.73528,1500000,1200000
2022-08-29 05:57:39.258000,10.73964,10.73528,1500000,1200000
2022-08-29 05:57:39.308000,10.73915,10.73528,1500000,1200000
2022-08-29 05:57:39.419000,10.73897,10.73528,1500000,1200000
2022-08-29 05:57:39.470000,10.7394,10.73529,1500000,1200000
2022-08-29 05:57:39.673000,10.73907,10.73528,1500000,1200000
2022-08-29 05:57:39.825000,10.73973,10.73529,1500000,1200000
2022-08-29 05:57:39.875000,10.73941,10.73528,1500000,1200000
2022-08-29 05:57:39.976000,10.73934,10.73528,1500000,1200000
2022-08-29 05:57:40.077000,10.73888,10.73528,1500000,1200000
2022-08-29 05:57:40.204000,10.73887,10.73528,1500000,1200000
2022-08-29 05:57:40.255000,10.73897,10.73528,1500000,1200000
2022-08-29 05:57:40.477000,10.7389,10.73528,1500000,1200000
2022-08-29 05:57:40.603000,10.73889,10.73528,1500000,1200000
2022-08-29 05:57:40.704000,10.73887,10.73528,1500000,1200000
2022-08-29 05:57:41.260000,10.73927,10.73528,1500000,1200000
2022-08-29 05:57:41.311000,10.73913,10.73529,1500000,1200000
2022-08-29 05:57:41.412000,10.73903,10.73528,1500000,1200000
2022-08-29 05:57:41.521000,10.73865,10.73528,1500000,1200000
2022-08-29 05:57:41.572000,10.73887,10.73528,1500000,1200000
2022-08-29 05:57:41.645000,10.73898,10.73528,1500000,1200000
2022-08-29 05:57:41.898000,10.73949,10.73528,1500000,1200000
2022-08-29 05:57:41.948000,10.73918,10.73529,1500000,1200000
2022-08-29 05:57:42.192000,10.73877,10.73528,1500000,1200000
2022-08-29 05:57:42.447000,10.73867,10.73528,1500000,1200000
2022-08-29 05:57:42.498000,10.73979,10.73528,1500000,1200000
2022-08-29 05:57:42.549000,10.73887,10.73528,1200000,1200000
2022-08-29 05:57:42.801000,10.73877,10.73528,1200000,1200000
2022-08-29 05:57:42.852000,10.73897,10.73528,1200000,1200000
2022-08-29 05:57:42.953000,10.73887,10.73528,1200000,1200000
2022-08-29 05:57:43.136000,10.73847,10.73528,1200000,1200000
2022-08-29 05:57:43.242000,10.73887,10.73528,1200000,1200000
2022-08-29 05:57:43.360000,10.73847,10.73528,1200000,1200000
2022-08-29 05:57:43.640000,10.73837,10.73528,1200000,1200000
2022-08-29 05:57:43.746000,10.73833,10.73528,1200000,1200000
2022-08-29 05:57:43.919000,10.73857,10.73528,1200000,1200000
2022-08-29 05:57:44.221000,10.73817,10.73528,1200000,1200000
2022-08-29 05:57:44.322000,10.73797,10.73525,1200000,1200000
2022-08-29 05:57:44.424000,10.73802,10.73526,1200000,1200000
2022-08-29 05:57:44.525000,10.73807,10.73526,1200000,1200000
2022-08-29 05:57:44.626000,10.73787,10.73509,1200000,2060000
2022-08-29 05:57:44.777000,10.73796,10.73509,1200000,2060000
2022-08-29 05:57:44.962000,10.73783,10.7351,1200000,2060000
2022-08-29 05:57:45.013000,10.7389,10.73529,1200000,1200000
2022-08-29 05:57:45.064000,10.73797,10.73505,1200000,3500000
2022-08-29 05:57:45.165000,10.73767,10.73489,1200000,5580000
2022-08-29 05:57:45.215000,10.73787,10.73484,1200000,7740000
2022-08-29 05:57:45.316000,10.73777,10.73483,1200000,7740000
2022-08-29 05:57:45.417000,10.73757,10.73467,1200000,7740000
2022-08-29 05:57:45.646000,10.73717,10.73457,1200000,7740000
2022-08-29 05:57:45.783000,10.73817,10.73474,2700000,7740000
2022-08-29 05:57:45.833000,10.73757,10.73464,1200000,7740000
2022-08-29 05:57:45.935000,10.73727,10.73471,1200000,7740000
2022-08-29 05:57:45.985000,10.73743,10.73477,1200000,7740000
2022-08-29 05:57:46.089000,10.73737,10.73461,1200000,7740000
2022-08-29 05:57:46.190000,10.73778,10.73468,1200000,7740000
2022-08-29 05:57:46.505000,10.73737,10.73476,1200000,7740000
2022-08-29 05:57:46.606000,10.73789,10.7347,1200000,7740000
2022-08-29 05:57:46.924000,10.7378,10.73485,1200000,7740000
2022-08-29 05:57:47.076000,10.73737,10.73462,1200000,7740000
2022-08-29 05:57:47.127000,10.73849,10.73528,1200000,1200000
2022-08-29 05:57:47.228000,10.73922,10.73528,1200000,1200000
2022-08-29 05:57:47.329000,10.73867,10.73528,1200000,1200000
2022-08-29 05:57:47.430000,10.73837,10.73511,1200000,2060000
2022-08-29 05:57:47.531000,10.73807,10.73487,1200000,7740000
2022-08-29 05:57:47.632000,10.73763,10.73474,1200000,7740000
2022-08-29 05:57:47.733000,10.73737,10.7347,1200000,7740000
2022-08-29 05:57:47.834000,10.73755,10.73475,1200000,7740000
2022-08-29 05:57:47.885000,10.73923,10.7352,1200000,1200000
2022-08-29 05:57:47.936000,10.73837,10.73499,1200000,3500000
2022-08-29 05:57:48.087000,10.73807,10.73474,1200000,7740000
2022-08-29 05:57:48.188000,10.73763,10.73464,1200000,7740000
2022-08-29 05:57:48.313000,10.73754,10.73456,1200000,7740000
2022-08-29 05:57:48.414000,10.73707,10.73446,1200000,7740000
2022-08-29 05:57:48.465000,10.73727,10.7345,1200000,7740000
2022-08-29 05:57:48.609000,10.73817,10.73465,2700000,7740000
2022-08-29 05:57:48.676000,10.73754,10.73454,1200000,7740000
2022-08-29 05:57:48.915000,10.73807,10.73462,2700000,7740000
2022-08-29 05:57:48.966000,10.73754,10.73453,1200000,7740000
2022-08-29 05:57:49.536000,10.73706,10.73447,1200000,7740000
2022-08-29 05:57:49.929000,10.73727,10.73448,1200000,7740000
2022-08-29 05:57:50.080000,10.73707,10.73451,1200000,7740000
2022-08-29 05:57:50.540000,10.73817,10.73466,1200000,7740000
2022-08-29 05:57:50.590000,10.73713,10.73448,1200000,7740000
2022-08-29 05:57:50.768000,10.73707,10.73451,1200000,7740000
2022-08-29 05:57:51.303000,10.73817,10.73466,2700000,7740000
2022-08-29 05:57:51.354000,10.73754,10.73455,1200000,7740000
2022-08-29 05:57:51.480000,10.73707,10.73448,1200000,7740000
2022-08-29 05:57:53.326000,10.73745,10.73489,1500000,5580000
2022-08-29 05:57:53.377000,10.73757,10.73491,1500000,5580000
2022-08-29 05:57:53.478000,10.7382,10.73497,1500000,5580000
2022-08-29 05:57:53.528000,10.73757,10.73499,1500000,3500000
2022-08-29 05:57:53.636000,10.73747,10.73502,1500000,3500000
2022-08-29 05:57:53.744000,10.73757,10.73499,1500000,3500000
2022-08-29 05:57:53.913000,10.73832,10.73513,1500000,2060000
2022-08-29 05:57:53.964000,10.73786,10.7351,1500000,2060000
2022-08-29 05:57:54.015000,10.73797,10.73512,1500000,2060000
2022-08-29 05:57:54.116000,10.73867,10.73526,1200000,1200000
2022-08-29 05:57:54.166000,10.73808,10.73486,1200000,7740000
2022-08-29 05:57:54.268000,10.73767,10.73481,1200000,7740000
2022-08-29 05:57:54.318000,10.73797,10.73486,1200000,7740000
2022-08-29 05:57:54.369000,10.73917,10.73528,1200000,1200000
2022-08-29 05:57:54.571000,10.73876,10.73529,1200000,1200000
2022-08-29 05:57:54.672000,10.73837,10.73528,1200000,1200000
2022-08-29 05:57:54.773000,10.73799,10.73493,1200000,5580000
2022-08-29 05:57:54.874000,10.73767,10.73484,1200000,7740000
2022-08-29 05:57:55.126000,10.73757,10.73507,1200000,3500000
2022-08-29 05:57:55.177000,10.73907,10.73528,1200000,1200000
2022-08-29 05:57:55.278000,10.73927,10.73528,1200000,1200000
2022-08-29 05:57:55.393000,10.73887,10.73528,1200000,1200000
2022-08-29 05:57:55.494000,10.73847,10.73518,1200000,2060000
2022-08-29 05:57:55.595000,10.73807,10.73523,1200000,1200000
2022-08-29 05:57:55.696000,10.73787,10.73516,1200000,2060000
2022-08-29 05:57:55.990000,10.73766,10.73512,1200000,2060000
2022-08-29 05:57:57.737000,10.73866,10.73529,1200000,1200000
2022-08-29 05:57:57.787000,10.73773,10.73513,1200000,2060000
2022-08-29 05:57:57.898000,10.73767,10.73498,1200000,5580000
2022-08-29 05:57:57.948000,10.73814,10.73506,1200000,3500000
2022-08-29 05:57:58.009000,10.73767,10.73498,1200000,5580000
2022-08-29 05:57:58.059000,10.73773,10.73508,1200000,3500000
2022-08-29 05:57:58.110000,10.73786,10.73491,1200000,5580000
2022-08-29 05:57:58.211000,10.73777,10.73478,1200000,7740000
2022-08-29 05:57:58.312000,10.73737,10.7346,1200000,7740000
2022-08-29 05:57:58.413000,10.73707,10.73437,1200000,7740000
2022-08-29 05:57:58.602000,10.73697,10.73448,1200000,7740000
2022-08-29 05:57:58.853000,10.73707,10.7345,1200000,7740000
2022-08-29 05:57:58.954000,10.73697,10.73434,1200000,7740000
2022-08-29 05:57:59.305000,10.73707,10.73441,1200000,7740000
2022-08-29 05:57:59.456000,10.73697,10.73446,1200000,7740000
2022-08-29 05:57:59.507000,10.73683,10.72743,1200000,1200000
2022-08-29 05:57:59.580000,10.73673,10.72743,1200000,1200000
2022-08-29 05:57:59.631000,10.73673,10.72733,1200000,1200000
2022-08-29 05:58:00.206000,10.73663,10.72733,1200000,1200000
2022-08-29 05:58:00.257000,10.73687,10.72733,1200000,1200000
2022-08-29 05:58:00.357000,10.73673,10.72733,1200000,1200000
2022-08-29 05:58:00.511000,10.73663,10.72733,1200000,1200000
2022-08-29 05:58:00.573000,10.73663,10.72723,1200000,1200000
2022-08-29 05:58:00.674000,10.73776,10.72783,1200000,1200000
2022-08-29 05:58:00.725000,10.73837,10.72813,1200000,1200000
2022-08-29 05:58:00.825000,10.73856,10.72814,1200000,1200000
2022-08-29 05:58:00.876000,10.73857,10.72735,1200000,1200000
2022-08-29 05:58:00.926000,10.73816,10.72734,1200000,1200000
2022-08-29 05:58:01.027000,10.73773,10.72733,1200000,1200000
2022-08-29 05:58:01.128000,10.73737,10.72733,1200000,1200000
2022-08-29 05:58:01.229000,10.73703,10.72733,1200000,1200000
2022-08-29 05:58:01.330000,10.73697,10.72733,1200000,1200000
2022-08-29 05:58:01.481000,10.73772,10.72733,1200000,1200000
2022-08-29 05:58:01.531000,10.73686,10.72734,1200000,1200000
2022-08-29 05:58:01.642000,10.73777,10.72733,2700000,1200000
2022-08-29 05:58:01.693000,10.73686,10.72734,1200000,1200000
2022-08-29 05:58:01.868000,10.73683,10.72733,1200000,1200000
2022-08-29 05:58:01.919000,10.73686,10.72734,1200000,1200000
2022-08-29 05:58:01.988000,10.73777,10.72733,2700000,1200000
2022-08-29 05:58:02.038000,10.73714,10.72733,1200000,1200000
2022-08-29 05:58:02.139000,10.73666,10.72734,1200000,1200000
2022-08-29 05:58:02.219000,10.73667,10.72723,1200000,1200000
2022-08-29 05:58:02.320000,10.73784,10.72733,1200000,1200000
2022-08-29 05:58:02.370000,10.73673,10.72723,1200000,1200000
2022-08-29 05:58:02.474000,10.73666,10.72724,1200000,1200000
2022-08-29 05:58:02.676000,10.73673,10.72723,1200000,1200000
2022-08-29 05:58:02.777000,10.73677,10.72723,1200000,1200000
2022-08-29 05:58:02.827000,10.73647,10.72723,1200000,1200000
2022-08-29 05:58:02.878000,10.73681,10.72723,1200000,1200000
2022-08-29 05:58:02.978000,10.73671,10.72723,1200000,1200000
2022-08-29 05:58:03.180000,10.73772,10.72723,1200000,1200000
2022-08-29 05:58:03.230000,10.73725,10.72723,1200000,1200000
2022-08-29 05:58:03.331000,10.73725,10.72733,1200000,1200000
2022-08-29 05:58:03.432000,10.73683,10.72733,1200000,1200000
2022-08-29 05:58:03.534000,10.73697,10.72733,1200000,1200000
2022-08-29 05:58:03.697000,10.73696,10.72744,1200000,1200000
2022-08-29 05:58:03.747000,10.73885,10.72733,1200000,1200000
2022-08-29 05:58:03.798000,10.73897,10.72733,1200000,1200000
2022-08-29 05:58:03.898000,10.73857,10.72733,1200000,1200000
2022-08-29 05:58:03.999000,10.73837,10.72733,1200000,1200000
2022-08-29 05:58:04.124000,10.73857,10.72813,1200000,1200000
2022-08-29 05:58:04.175000,10.73843,10.72733,1200000,1200000
2022-08-29 05:58:04.225000,10.73827,10.72733,1200000,1200000
2022-08-29 05:58:04.326000,10.73857,10.72733,1200000,1200000
2022-08-29 05:58:04.377000,10.73843,10.72733,1200000,1200000
2022-08-29 05:58:04.528000,10.7382,10.72733,1200000,1200000
2022-08-29 05:58:04.679000,10.73773,10.72733,1200000,1200000
2022-08-29 05:58:04.856000,10.73757,10.72733,1200000,1200000
2022-08-29 05:58:04.907000,10.73797,10.72733,1200000,1200000
2022-08-29 05:58:05.008000,10.73793,10.72733,1200000,1200000
2022-08-29 05:58:05.109000,10.73777,10.72743,1200000,1200000
2022-08-29 05:58:05.356000,10.73797,10.72743,1200000,1200000
2022-08-29 05:58:05.407000,10.73899,10.72743,1200000,1200000
2022-08-29 05:58:05.457000,10.73817,10.72743,1200000,1200000
2022-08-29 05:58:05.508000,10.73837,10.72744,1200000,1200000
2022-08-29 05:58:05.608000,10.73857,10.72743,1200000,1200000
2022-08-29 05:58:05.709000,10.73827,10.72743,1200000,1200000
2022-08-29 05:58:05.814000,10.73807,10.72743,1200000,1200000
2022-08-29 05:58:05.915000,10.73787,10.72743,1200000,1200000
2022-08-29 05:58:06.016000,10.73787,10.72743,1500000,1500000
2022-08-29 05:58:06.169000,10.73757,10.72743,1200000,1200000
2022-08-29 05:58:06.276000,10.73747,10.72753,1500000,1500000
2022-08-29 05:58:06.327000,10.73782,10.72753,1500000,1500000
2022-08-29 05:58:06.377000,10.73756,10.72754,1500000,1500000
2022-08-29 05:58:06.447000,10.73782,10.72753,1500000,1500000
2022-08-29 05:58:06.654000,10.73856,10.72753,1500000,1500000
2022-08-29 05:58:06.773000,10.73804,10.72728,1500000,1500000
2022-08-29 05:58:06.874000,10.73784,10.72763,1500000,1500000
2022-08-29 05:58:07.166000,10.73767,10.72728,1500000,1500000
2022-08-29 05:58:07.266000,10.73807,10.72703,1200000,1200000
2022-08-29 05:58:07.418000,10.73797,10.72703,1200000,1200000
2022-08-29 05:58:07.569000,10.73743,10.72703,1200000,1200000
2022-08-29 05:58:07.852000,10.73856,10.72783,1200000,1200000
2022-08-29 05:58:07.903000,10.73857,10.72793,1200000,1200000
2022-08-29 05:58:07.975000,10.73857,10.72783,1200000,1200000
2022-08-29 05:58:08.026000,10.73854,10.72783,1200000,1200000
2022-08-29 05:58:08.127000,10.73817,10.72783,1200000,1200000
2022-08-29 05:58:08.227000,10.7383,10.72783,1200000,1200000
2022-08-29 05:58:08.328000,10.73831,10.72793,1200000,1200000
2022-08-29 05:58:08.429000,10.73813,10.72713,1200000,1200000
2022-08-29 05:58:08.479000,10.73807,10.72713,1200000,1200000
2022-08-29 05:58:08.580000,10.73767,10.72783,1200000,1200000
2022-08-29 05:58:08.631000,10.73847,10.72793,1200000,1200000
2022-08-29 05:58:08.732000,10.73857,10.72783,1200000,1200000
2022-08-29 05:58:08.832000,10.73827,10.72783,1200000,1200000
2022-08-29 05:58:08.883000,10.73807,10.72723,1200000,1200000
2022-08-29 05:58:08.933000,10.73789,10.72723,1200000,1320000
2022-08-29 05:58:09.034000,10.73747,10.72713,1200000,1320000
2022-08-29 05:58:09.085000,10.73751,10.72713,1200000,1320000
2022-08-29 05:58:09.236000,10.73751,10.72713,1200000,1200000
2022-08-29 05:58:09.286000,10.73707,10.72713,1200000,1200000
2022-08-29 05:58:09.387000,10.73697,10.72713,1200000,1200000
2022-08-29 05:58:09.488000,10.73667,10.72713,1200000,1200000
2022-08-29 05:58:09.538000,10.73767,10.72713,2700000,1200000
2022-08-29 05:58:09.589000,10.73699,10.72713,1200000,1200000
2022-08-29 05:58:09.947000,10.73767,10.72713,1200000,1200000
2022-08-29 05:58:09.997000,10.7372,10.72714,1200000,1200000
2022-08-29 05:58:10.158000,10.73667,10.72713,1200000,1200000
2022-08-29 05:58:10.361000,10.73697,10.72713,1200000,1200000
2022-08-29 05:58:10.412000,10.73711,10.72723,1200000,1200000
2022-08-29 05:58:10.463000,10.73711,10.72713,1200000,1200000
2022-08-29 05:58:10.513000,10.73709,10.72713,1200000,1200000
2022-08-29 05:58:10.617000,10.73777,10.72713,1200000,1200000
2022-08-29 05:58:10.668000,10.73705,10.72713,1200000,1200000
2022-08-29 05:58:10.819000,10.7382,10.72713,1200000,1200000
2022-08-29 05:58:10.920000,10.73794,10.72713,1200000,1200000
2022-08-29 05:58:11.054000,10.73746,10.72714,1200000,1200000
2022-08-29 05:58:11.205000,10.73714,10.72713,1200000,1200000
2022-08-29 05:58:11.255000,10.73806,10.72713,1200000,1200000
2022-08-29 05:58:11.306000,10.73736,10.72713,1200000,1200000
2022-08-29 05:58:11.407000,10.73707,10.72713,1200000,1200000
2022-08-29 05:58:11.507000,10.73746,10.72738,1200000,1200000
2022-08-29 05:58:11.608000,10.73727,10.72738,1200000,1200000
2022-08-29 05:58:11.659000,10.73727,10.72703,1200000,1200000
2022-08-29 05:58:11.709000,10.73727,10.72713,1200000,1200000
2022-08-29 05:58:11.810000,10.73717,10.72783,1200000,1200000
2022-08-29 05:58:11.860000,10.73727,10.72753,1200000,1200000
2022-08-29 05:58:11.911000,10.73727,10.72723,1200000,1200000
2022-08-29 05:58:11.962000,10.73727,10.72713,1200000,1200000
2022-08-29 05:58:12.012000,10.73717,10.72713,1200000,1200000
2022-08-29 05:58:12.139000,10.73828,10.72738,1200000,1200000
2022-08-29 05:58:12.189000,10.73727,10.72738,1200000,1200000
2022-08-29 05:58:12.314000,10.73807,10.72738,1200000,1200000
2022-08-29 05:58:12.365000,10.73758,10.72783,1200000,1200000
2022-08-29 05:58:12.415000,10.73758,10.72738,1200000,1200000
2022-08-29 05:58:12.466000,10.73758,10.72713,1200000,1200000
2022-08-29 05:58:12.516000,10.73747,10.72713,1200000,1200000
2022-08-29 05:58:12.617000,10.73747,10.72713,1200000,1320000
2022-08-29 05:58:12.668000,10.73747,10.72713,1200000,1200000
2022-08-29 05:58:12.827000,10.73707,10.72713,1200000,1200000
2022-08-29 05:58:13.305000,10.73707,10.72733,1500000,1500000
2022-08-29 05:58:13.406000,10.73717,10.72728,1500000,1500000
2022-08-29 05:58:13.507000,10.73704,10.72728,1500000,1500000
2022-08-29 05:58:13.627000,10.73677,10.72728,1500000,1500000
2022-08-29 05:58:13.677000,10.73756,10.72728,1500000,1500000
2022-08-29 05:58:13.728000,10.73704,10.72728,1500000,1500000
2022-08-29 05:58:14.183000,10.73704,10.72728,3000000,1500000
2022-08-29 05:58:14.299000,10.73673,10.72703,1500000,1620000
2022-08-29 05:58:14.408000,10.73667,10.72703,1500000,1620000
2022-08-29 05:58:14.592000,10.73667,10.72703,1500000,1620000
2022-08-29 05:58:14.743000,10.73764,10.72728,1500000,1500000
2022-08-29 05:58:14.894000,10.73747,10.72728,1500000,1500000
2022-08-29 05:58:15.008000,10.73707,10.72728,1500000,1500000
2022-08-29 05:58:15.113000,10.73734,10.72728,1500000,1500000
2022-08-29 05:58:15.214000,10.73747,10.72728,1500000,1500000
2022-08-29 05:58:15.315000,10.73707,10.72728,1500000,1500000
2022-08-29 05:58:15.466000,10.73677,10.72728,1500000,1500000
2022-08-29 05:58:15.659000,10.73657,10.72728,1500000,1500000
2022-08-29 05:58:15.808000,10.73647,10.72728,1500000,1500000
2022-08-29 05:58:16.093000,10.73657,10.72728,1500000,1500000
2022-08-29 05:58:16.194000,10.73705,10.72732,1500000,1500000
2022-08-29 05:58:16.294000,10.73717,10.72728,1500000,1500000
2022-08-29 05:58:16.395000,10.73687,10.7273,1500000,1620000
2022-08-29 05:58:16.508000,10.73717,10.72728,1500000,1500000
2022-08-29 05:58:16.681000,10.73677,10.72728,1500000,1500000
2022-08-29 05:58:16.976000,10.73687,10.72728,1500000,1500000
2022-08-29 05:58:17.077000,10.73673,10.72728,1500000,1500000
2022-08-29 05:58:17.178000,10.73673,10.72728,1500000,1500000
2022-08-29 05:58:17.329000,10.73648,10.72713,1500000,1500000
2022-08-29 05:58:17.645000,10.73617,10.72698,1500000,1500000
2022-08-29 05:58:17.831000,10.73727,10.72698,1200000,1500000
2022-08-29 05:58:17.881000,10.73647,10.72698,1500000,1500000
2022-08-29 05:58:17.982000,10.73637,10.72698,1500000,1500000
2022-08-29 05:58:18.083000,10.73747,10.72733,1500000,1500000
2022-08-29 05:58:18.184000,10.73764,10.72717,1500000,1500000
2022-08-29 05:58:18.385000,10.73743,10.72743,1500000,1500000
2022-08-29 05:58:18.486000,10.73696,10.72698,1500000,1500000
2022-08-29 05:58:18.587000,10.73657,10.72703,1500000,1500000
2022-08-29 05:58:18.708000,10.73642,10.72704,1500000,1500000
2022-08-29 05:58:19.018000,10.73679,10.72698,1500000,1500000
2022-08-29 05:58:19.069000,10.73674,10.72753,1500000,1500000
2022-08-29 05:58:19.169000,10.73647,10.72723,1200000,1200000
2022-08-29 05:58:19.270000,10.73637,10.72723,1200000,1200000
2022-08-29 05:58:19.321000,10.73654,10.72723,1200000,1200000
2022-08-29 05:58:19.421000,10.73654,10.72693,1200000,1200000
2022-08-29 05:58:19.522000,10.73637,10.72693,1200000,1200000
2022-08-29 05:58:19.573000,10.73676,10.72693,1200000,1200000
2022-08-29 05:58:19.695000,10.73637,10.72693,1200000,1200000
2022-08-29 05:58:19.846000,10.73633,10.72693,1200000,1200000
2022-08-29 05:58:19.900000,10.73745,10.72693,1200000,1200000
2022-08-29 05:58:19.950000,10.73656,10.72704,1200000,1200000
2022-08-29 05:58:20.021000,10.73747,10.72703,1200000,1200000
2022-08-29 05:58:20.072000,10.73687,10.72703,1200000,1200000
2022-08-29 05:58:20.178000,10.73747,10.72703,2700000,1200000
2022-08-29 05:58:20.228000,10.73687,10.72703,1200000,1200000
2022-08-29 05:58:20.279000,10.73687,10.72683,1200000,1200000
2022-08-29 05:58:20.380000,10.73687,10.72693,1200000,1200000
2022-08-29 05:58:20.481000,10.73643,10.72683,1200000,1200000
2022-08-29 05:58:20.531000,10.73746,10.72744,1200000,1200000
2022-08-29 05:58:20.582000,10.73646,10.72684,1200000,1200000
2022-08-29 05:58:20.783000,10.73757,10.72743,1200000,1200000
2022-08-29 05:58:20.834000,10.73757,10.72753,1200000,1200000
2022-08-29 05:58:20.884000,10.73817,10.72753,1200000,1200000
2022-08-29 05:58:20.935000,10.73817,10.72693,1200000,1200000
2022-08-29 05:58:20.985000,10.73803,10.72753,1200000,1200000
2022-08-29 05:58:21.117000,10.73777,10.72753,1200000,1200000
2022-08-29 05:58:21.168000,10.73787,10.72693,1200000,1200000
2022-08-29 05:58:21.218000,10.73806,10.72753,1200000,1200000
2022-08-29 05:58:21.269000,10.73886,10.72764,2700000,1200000
2022-08-29 05:58:21.319000,10.73817,10.72773,1200000,1200000
2022-08-29 05:58:21.420000,10.73817,10.72713,1200000,1200000
2022-08-29 05:58:21.470000,10.73803,10.72713,1200000,1200000
2022-08-29 05:58:21.571000,10.73847,10.72793,1200000,1200000
2022-08-29 05:58:21.642000,10.73847,10.72783,1200000,1200000
2022-08-29 05:58:21.743000,10.73881,10.72793,1200000,1200000
2022-08-29 05:58:21.844000,10.7388,10.72793,1200000,1200000
2022-08-29 05:58:21.995000,10.73869,10.72793,1200000,1200000
2022-08-29 05:58:22.108000,10.73827,10.72793,1200000,1200000
2022-08-29 05:58:22.287000,10.73927,10.72793,1200000,1200000
2022-08-29 05:58:22.337000,10.73856,10.72739,1200000,1200000
2022-08-29 05:58:22.438000,10.73837,10.72738,1200000,1200000
2022-08-29 05:58:22.550000,10.73857,10.72813,1200000,1200000
2022-08-29 05:58:22.601000,10.73847,10.72793,1200000,1200000
2022-08-29 05:58:22.651000,10.73847,10.72813,1200000,1200000
2022-08-29 05:58:22.702000,10.7386,10.72793,1200000,1200000
2022-08-29 05:58:22.803000,10.73817,10.72813,1200000,1200000
2022-08-29 05:58:22.853000,10.73817,10.72793,1200000,1200000
2022-08-29 05:58:22.904000,10.73817,10.72813,1200000,1200000
2022-08-29 05:58:23.019000,10.73817,10.72793,1200000,1200000
2022-08-29 05:58:23.070000,10.73817,10.72738,1200000,1320000
2022-08-29 05:58:23.171000,10.73887,10.72793,1200000,1320000
2022-08-29 05:58:23.320000,10.73887,10.72793,1200000,1320000
2022-08-29 05:58:23.466000,10.73857,10.72823,1200000,1320000
2022-08-29 05:58:23.517000,10.73973,10.72823,1200000,1320000
2022-08-29 05:58:23.567000,10.73927,10.72823,1200000,1320000
2022-08-29 05:58:23.617000,10.73927,10.72833,1200000,1200000
2022-08-29 05:58:23.668000,10.73927,10.72823,1200000,1320000
2022-08-29 05:58:23.718000,10.73903,10.72833,1200000,1200000
2022-08-29 05:58:23.769000,10.73987,10.72788,2700000,1320000
2022-08-29 05:58:23.819000,10.73921,10.72823,1200000,1320000
2022-08-29 05:58:23.920000,10.73897,10.72843,1200000,1200000
2022-08-29 05:58:24.021000,10.73857,10.72843,1200000,1200000
2022-08-29 05:58:24.141000,10.73903,10.72788,1200000,1320000
2022-08-29 05:58:24.191000,10.73903,10.72888,1500000,1500000
2022-08-29 05:58:24.312000,10.73914,10.72888,1500000,1500000
2022-08-29 05:58:24.415000,10.73863,10.72889,1500000,1500000
2022-08-29 05:58:24.581000,10.73882,10.72889,1500000,1500000
2022-08-29 05:58:24.631000,10.73857,10.72888,1500000,1500000
2022-08-29 05:58:24.682000,10.73877,10.72888,1500000,1500000
2022-08-29 05:58:24.759000,10.73912,10.72888,1500000,1500000
2022-08-29 05:58:24.930000,10.73893,10.72888,1500000,1500000
2022-08-29 05:58:25.083000,10.73887,10.72888,1500000,1500000
2022-08-29 05:58:25.166000,10.73916,10.72888,1500000,1500000
2022-08-29 05:58:25.317000,10.73897,10.72888,1500000,1500000
2022-08-29 05:58:25.432000,10.73867,10.72853,1200000,1200000
2022-08-29 05:58:25.538000,10.73867,10.72843,1200000,1200000
2022-08-29 05:58:25.822000,10.73866,10.72854,1200000,1200000
2022-08-29 05:58:25.873000,10.73887,10.72853,1200000,1200000
2022-08-29 05:58:25.973000,10.73877,10.72853,1200000,1200000
2022-08-29 05:58:26.089000,10.73877,10.72873,1200000,1200000
2022-08-29 05:58:26.139000,10.73877,10.72863,1200000,1200000
2022-08-29 05:58:26.190000,10.73854,10.72878,1500000,1500000
2022-08-29 05:58:26.291000,10.73836,10.72879,1500000,1500000
2022-08-29 05:58:26.442000,10.73827,10.72878,1500000,1500000
2022-08-29 05:58:26.543000,10.73807,10.72878,1500000,1500000
2022-08-29 05:58:26.694000,10.73787,10.72878,1500000,1500000
2022-08-29 05:58:26.794000,10.73807,10.72878,1500000,1500000
2022-08-29 05:58:27.309000,10.73777,10.72878,1500000,1500000
2022-08-29 05:58:27.410000,10.73777,10.72843,1500000,1500000
2022-08-29 05:58:27.511000,10.73797,10.72793,1500000,1500000
2022-08-29 05:58:27.561000,10.73797,10.72793,1500000,1500000
2022-08-29 05:58:27.662000,10.73753,10.72793,1500000,1500000
2022-08-29 05:58:27.813000,10.73737,10.72783,1200000,1200000
2022-08-29 05:58:27.864000,10.73797,10.72783,1200000,1200000
2022-08-29 05:58:27.914000,10.7373,10.72783,1200000,1200000
2022-08-29 05:58:28.021000,10.73696,10.72784,1200000,1200000
2022-08-29 05:58:28.129000,10.73797,10.72783,1200000,1200000
2022-08-29 05:58:28.180000,10.73702,10.72783,1200000,1200000
2022-08-29 05:58:28.230000,10.73705,10.72783,1200000,1200000
2022-08-29 05:58:28.281000,10.73707,10.72783,1200000,1200000
2022-08-29 05:58:28.381000,10.73797,10.72783,1200000,1200000
2022-08-29 05:58:28.432000,10.73714,10.72783,1200000,1200000
2022-08-29 05:58:28.589000,10.73706,10.72783,1200000,1200000
2022-08-29 05:58:28.750000,10.73704,10.72783,1200000,1200000
2022-08-29 05:58:29.045000,10.73713,10.72783,1200000,1200000
2022-08-29 05:58:29.146000,10.73717,10.72783,1200000,1200000
2022-08-29 05:58:29.223000,10.73819,10.72783,1200000,1200000
2022-08-29 05:58:29.274000,10.73829,10.72783,1200000,1200000
2022-08-29 05:58:29.324000,10.73749,10.72783,1200000,1200000
2022-08-29 05:58:29.425000,10.73738,10.72783,1200000,1200000
2022-08-29 05:58:29.584000,10.73727,10.72783,1200000,1200000
2022-08-29 05:58:29.685000,10.73749,10.72773,1200000,1200000
2022-08-29 05:58:29.786000,10.73727,10.72773,1200000,1200000
2022-08-29 05:58:30.122000,10.73689,10.72773,1200000,1200000
2022-08-29 05:58:30.172000,10.73796,10.72774,1200000,1200000
2022-08-29 05:58:30.223000,10.73725,10.72773,1200000,1200000
2022-08-29 05:58:30.324000,10.73722,10.72784,1200000,1200000
2022-08-29 05:58:30.449000,10.73718,10.72783,1200000,1200000
2022-08-29 05:58:30.554000,10.73717,10.72783,1200000,1200000
2022-08-29 05:58:30.643000,10.73827,10.72783,1200000,1200000
2022-08-29 05:58:30.693000,10.73721,10.72783,1200000,1200000
2022-08-29 05:58:30.771000,10.73827,10.72783,1200000,1200000
2022-08-29 05:58:30.821000,10.73729,10.72783,1200000,1200000
2022-08-29 05:58:30.872000,10.73897,10.72783,1200000,1200000
2022-08-29 05:58:30.922000,10.73815,10.72783,1200000,1200000
2022-08-29 05:58:31.023000,10.73807,10.72783,1200000,1200000
2022-08-29 05:58:31.128000,10.73757,10.72783,1200000,1200000
2022-08-29 05:58:31.262000,10.73747,10.72783,1200000,1200000
2022-08-29 05:58:32.001000,10.73747,10.72788,1200000,1200000
2022-08-29 05:58:32.113000,10.73777,10.72783,1200000,1200000
2022-08-29 05:58:32.214000,10.73767,10.72783,1200000,1200000
2022-08-29 05:58:32.265000,10.73857,10.72783,1200000,1200000
2022-08-29 05:58:32.315000,10.73838,10.72783,1200000,1200000
2022-08-29 05:58:32.467000,10.73772,10.72783,1200000,1200000
2022-08-29 05:58:32.668000,10.73737,10.72783,1200000,1200000
2022-08-29 05:58:32.719000,10.73772,10.72783,1200000,1200000
2022-08-29 05:58:32.819000,10.73735,10.72848,1500000,1500000
2022-08-29 05:58:33.105000,10.7374,10.72849,1500000,1500000
2022-08-29 05:58:33.221000,10.73734,10.72849,1500000,1500000
2022-08-29 05:58:33.321000,10.7374,10.72848,1500000,1500000
2022-08-29 05:58:33.372000,10.73815,10.72848,1500000,1500000
2022-08-29 05:58:33.552000,10.7381,10.72848,1500000,1500000
2022-08-29 05:58:33.653000,10.73794,10.72848,1500000,1500000
2022-08-29 05:58:33.703000,10.73868,10.72846,1500000,1500000
2022-08-29 05:58:33.754000,10.73836,10.72813,1500000,1500000
2022-08-29 05:58:33.804000,10.73808,10.72813,1500000,1500000
2022-08-29 05:58:33.905000,10.73801,10.72814,1500000,1500000
2022-08-29 05:58:34.006000,10.73757,10.72813,1500000,1500000
2022-08-29 05:58:34.146000,10.73747,10.72813,1500000,1500000
2022-08-29 05:58:34.355000,10.73855,10.72814,2100000,1500000
2022-08-29 05:58:34.406000,10.73767,10.72813,1500000,1500000
2022-08-29 05:58:34.584000,10.73756,10.72814,1500000,1500000
2022-08-29 05:58:34.647000,10.73868,10.72813,1500000,1500000
2022-08-29 05:58:34.697000,10.73807,10.72813,1500000,1500000
2022-08-29 05:58:34.926000,10.73777,10.72813,1500000,1500000
2022-08-29 05:58:35.526000,10.73767,10.72813,1500000,1500000
2022-08-29 05:58:37.534000,10.7383,10.72813,1500000,1500000
2022-08-29 05:58:37.584000,10.73794,10.72813,1500000,1500000
2022-08-29 05:58:37.689000,10.73767,10.72813,1500000,1500000
2022-08-29 05:58:38.960000,10.73784,10.72813,1500000,1500000
2022-08-29 05:58:39.061000,10.73815,10.72813,1500000,1500000
2022-08-29 05:58:39.111000,10.73777,10.72813,1500000,1500000
2022-08-29 05:58:39.183000,10.73814,10.72813,1500000,1500000
2022-08-29 05:58:39.284000,10.73797,10.72813,1500000,1500000
2022-08-29 05:58:39.385000,10.73777,10.72813,1500000,1500000
2022-08-29 05:58:39.485000,10.73869,10.72813,1500000,1500000
2022-08-29 05:58:39.536000,10.73785,10.72813,1500000,1500000
2022-08-29 05:58:39.637000,10.73766,10.72814,1500000,1500000
2022-08-29 05:58:39.687000,10.73767,10.72796,1500000,1500000
2022-08-29 05:58:39.738000,10.73767,10.72783,1500000,1500000
2022-08-29 05:58:39.788000,10.73767,10.72783,1500000,1500000
2022-08-29 05:58:39.839000,10.73727,10.72783,1500000,1500000
2022-08-29 05:58:39.993000,10.73728,10.72783,1500000,1500000
2022-08-29 05:58:40.144000,10.73797,10.72784,1200000,1500000
2022-08-29 05:58:40.195000,10.73784,10.72783,1500000,1500000
2022-08-29 05:58:40.298000,10.73747,10.72783,1500000,1500000
2022-08-29 05:58:40.399000,10.73734,10.72784,1500000,1500000
2022-08-29 05:58:40.449000,10.73746,10.72787,1500000,1500000
2022-08-29 05:58:40.619000,10.73746,10.72787,1500000,1500000
2022-08-29 05:58:40.762000,10.73706,10.72788,1500000,1500000
2022-08-29 05:58:40.942000,10.73703,10.72787,1500000,1500000
2022-08-29 05:58:41.048000,10.73784,10.72787,1500000,1500000
2022-08-29 05:58:41.099000,10.73707,10.72787,1500000,1500000
2022-08-29 05:58:41.214000,10.73703,10.72773,1500000,1500000
2022-08-29 05:58:41.330000,10.73784,10.72773,1500000,1500000
2022-08-29 05:58:41.381000,10.73737,10.72828,1500000,1500000
2022-08-29 05:58:41.482000,10.73732,10.72828,1500000,1500000
2022-08-29 05:58:41.532000,10.73766,10.72829,1500000,1500000
2022-08-29 05:58:41.683000,10.7382,10.72828,1500000,1500000
2022-08-29 05:58:41.885000,10.73784,10.72828,1500000,1500000
2022-08-29 05:58:41.989000,10.73736,10.72829,1500000,1500000
2022-08-29 05:58:42.141000,10.73735,10.72828,1500000,1500000
2022-08-29 05:58:42.263000,10.73733,10.72828,1500000,1500000
2022-08-29 05:58:42.363000,10.73724,10.72828,1500000,1500000
2022-08-29 05:58:42.464000,10.73697,10.72778,1500000,1500000
2022-08-29 05:58:42.565000,10.73767,10.72778,1200000,1500000
2022-08-29 05:58:42.616000,10.73784,10.72778,1500000,1500000
2022-08-29 05:58:42.767000,10.73755,10.72779,1500000,1500000
2022-08-29 05:58:43.071000,10.73727,10.72778,1500000,1500000
2022-08-29 05:58:43.400000,10.73713,10.72778,1500000,1500000
2022-08-29 05:58:43.639000,10.73772,10.72778,1500000,1500000
2022-08-29 05:58:43.690000,10.73767,10.72778,1500000,1500000
2022-08-29 05:58:43.756000,10.73744,10.72778,1500000,1500000
2022-08-29 05:58:43.949000,10.73767,10.72778,1500000,1500000
2022-08-29 05:58:44.001000,10.73744,10.72778,1500000,1500000
2022-08-29 05:58:44.328000,10.73713,10.72778,1500000,1500000
2022-08-29 05:58:44.748000,10.73717,10.72778,1500000,1500000
2022-08-29 05:58:44.899000,10.73717,10.72776,1500000,1500000
2022-08-29 05:58:45.256000,10.73715,10.72718,1500000,1500000
2022-08-29 05:58:45.559000,10.73785,10.72723,1200000,1500000
2022-08-29 05:58:45.660000,10.73804,10.72743,1500000,1500000
2022-08-29 05:58:45.710000,10.73743,10.72719,1500000,1500000
2022-08-29 05:58:45.811000,10.73727,10.72718,1500000,1500000
2022-08-29 05:58:45.912000,10.73692,10.72718,1500000,1500000
2022-08-29 05:58:46.013000,10.73736,10.72718,1500000,1500000
2022-08-29 05:58:46.063000,10.73692,10.72718,1500000,1500000
2022-08-29 05:58:46.176000,10.73688,10.72718,1500000,1500000
2022-08-29 05:58:46.227000,10.73692,10.72718,1500000,1500000
2022-08-29 05:58:46.335000,10.73848,10.72703,1200000,1320000
2022-08-29 05:58:46.386000,10.73767,10.72763,1200000,1200000
2022-08-29 05:58:46.436000,10.73767,10.72743,1200000,1200000
2022-08-29 05:58:46.487000,10.73735,10.72713,1200000,1200000
2022-08-29 05:58:46.588000,10.73767,10.72743,1200000,1200000
2022-08-29 05:58:46.638000,10.73767,10.72753,1200000,1200000
2022-08-29 05:58:46.689000,10.73767,10.72703,1200000,1200000
2022-08-29 05:58:46.790000,10.73707,10.72703,1200000,1200000
2022-08-29 05:58:46.941000,10.73782,10.72703,1200000,1200000
2022-08-29 05:58:46.991000,10.73687,10.72703,1200000,1200000
2022-08-29 05:58:47.092000,10.73676,10.72703,1200000,1200000
2022-08-29 05:58:47.204000,10.73672,10.72703,1200000,1200000
2022-08-29 05:58:47.303000,10.73757,10.72703,1200000,1200000
2022-08-29 05:58:47.354000,10.73702,10.72713,1200000,1200000
2022-08-29 05:58:47.534000,10.73757,10.72713,1200000,1200000
2022-08-29 05:58:47.585000,10.73679,10.72713,1200000,1200000
2022-08-29 05:58:47.635000,10.73737,10.72713,1200000,1200000
2022-08-29 05:58:47.736000,10.73727,10.72713,1200000,1200000
2022-08-29 05:58:47.837000,10.73683,10.72713,1200000,1200000
2022-08-29 05:58:47.938000,10.7368,10.72703,1200000,1200000
2022-08-29 05:58:48.204000,10.73679,10.72703,1200000,1200000
2022-08-29 05:58:48.255000,10.73688,10.72753,1200000,1200000
2022-08-29 05:58:48.305000,10.73767,10.72713,2700000,1200000
2022-08-29 05:58:48.356000,10.73691,10.72713,1200000,1200000
2022-08-29 05:58:48.406000,10.73709,10.72713,1200000,1200000
2022-08-29 05:58:48.457000,10.73709,10.72703,1200000,1200000
2022-08-29 05:58:48.558000,10.73708,10.72703,1200000,1200000
2022-08-29 05:58:48.709000,10.73708,10.72688,1200000,1200000
2022-08-29 05:58:48.867000,10.73708,10.72703,1200000,1200000
2022-08-29 05:58:49.036000,10.73708,10.72723,1200000,1200000
2022-08-29 05:58:49.137000,10.73682,10.72713,1200000,1440000
2022-08-29 05:58:49.259000,10.73678,10.72723,1200000,1200000
2022-08-29 05:58:49.359000,10.73778,10.72688,1200000,1320000
2022-08-29 05:58:49.410000,10.73705,10.72738,1200000,1200000
2022-08-29 05:58:49.515000,10.73692,10.72703,1200000,1440000
2022-08-29 05:58:49.616000,10.73694,10.72703,1200000,1320000
2022-08-29 05:58:49.717000,10.737,10.72689,1200000,1320000
2022-08-29 05:58:49.818000,10.73717,10.72733,1200000,1200000
2022-08-29 05:58:49.937000,10.73701,10.72714,1200000,1320000
2022-08-29 05:58:49.988000,10.73694,10.72713,1200000,1200000
2022-08-29 05:58:50.038000,10.7369,10.72688,1200000,1320000
2022-08-29 05:58:50.139000,10.7369,10.72713,1200000,1200000
2022-08-29 05:58:50.240000,10.73676,10.72714,1200000,1200000
2022-08-29 05:58:50.291000,10.73677,10.72693,1200000,1200000
2022-08-29 05:58:50.391000,10.73682,10.72694,1200000,1200000
2022-08-29 05:58:50.442000,10.73677,10.72703,1200000,1200000
2022-08-29 05:58:50.512000,10.73677,10.72693,1200000,1200000
2022-08-29 05:58:50.779000,10.73677,10.72693,1200000,1320000
2022-08-29 05:58:51.053000,10.73677,10.72723,1200000,1200000
2022-08-29 05:58:51.410000,10.73677,10.72758,1500000,1500000
2022-08-29 05:58:51.515000,10.73724,10.72768,1500000,1500000
2022-08-29 05:58:51.566000,10.73706,10.72769,1500000,1500000
2022-08-29 05:58:51.616000,10.73796,10.72767,1500000,1500000
2022-08-29 05:58:51.667000,10.73722,10.72819,1500000,1500000
2022-08-29 05:58:51.717000,10.73766,10.72818,1500000,1500000
2022-08-29 05:58:51.768000,10.73727,10.72818,1500000,1500000
2022-08-29 05:58:51.919000,10.73707,10.72818,1500000,1500000
2022-08-29 05:58:52.252000,10.73703,10.72818,1500000,1500000
2022-08-29 05:58:52.302000,10.73703,10.72783,1500000,1500000
2022-08-29 05:58:52.353000,10.73697,10.72783,1500000,1500000
2022-08-29 05:58:52.403000,10.73705,10.72783,1500000,1500000
2022-08-29 05:58:52.454000,10.738,10.72783,1500000,1500000
2022-08-29 05:58:52.504000,10.73716,10.72783,1500000,1500000
2022-08-29 05:58:52.555000,10.73812,10.72783,1200000,1500000
2022-08-29 05:58:52.605000,10.73777,10.72783,1500000,1500000
2022-08-29 05:58:52.706000,10.73794,10.72783,1500000,1500000
2022-08-29 05:58:52.776000,10.73786,10.72783,1500000,1500000
2022-08-29 05:58:52.877000,10.73731,10.72783,1500000,1500000
2022-08-29 05:58:52.978000,10.73692,10.72784,1500000,1500000
2022-08-29 05:58:53.029000,10.73721,10.72783,1500000,1500000
2022-08-29 05:58:53.280000,10.73715,10.72783,1500000,1500000
2022-08-29 05:58:53.367000,10.73786,10.72783,1500000,1500000
2022-08-29 05:58:53.467000,10.73777,10.72743,1200000,1200000
2022-08-29 05:58:53.568000,10.73777,10.72733,1200000,1200000
2022-08-29 05:58:53.619000,10.73737,10.72733,1200000,1200000
2022-08-29 05:58:53.727000,10.73712,10.72733,1200000,1200000
2022-08-29 05:58:53.828000,10.73716,10.72694,1200000,1200000
2022-08-29 05:58:53.878000,10.73716,10.72764,1200000,1200000
2022-08-29 05:58:53.979000,10.73718,10.72733,1200000,1200000
2022-08-29 05:58:54.080000,10.73717,10.72733,1200000,1200000
2022-08-29 05:58:54.214000,10.73743,10.72733,1200000,1200000
2022-08-29 05:58:54.602000,10.73701,10.72733,1200000,1200000
2022-08-29 05:58:54.653000,10.73705,10.72733,1200000,1200000
2022-08-29 05:58:54.905000,10.73705,10.72723,1200000,1200000
2022-08-29 05:58:54.956000,10.73711,10.72723,1200000,1200000
2022-08-29 05:58:55.221000,10.73787,10.72723,1200000,1200000
2022-08-29 05:58:55.271000,10.73716,10.72733,1200000,1200000
2022-08-29 05:58:55.395000,10.73716,10.72723,1200000,1200000
2022-08-29 05:58:55.512000,10.73715,10.72723,1200000,1200000
2022-08-29 05:58:55.613000,10.73718,10.72723,1200000,1200000
2022-08-29 05:58:55.739000,10.73718,10.72743,1200000,1200000
2022-08-29 05:58:55.789000,10.73727,10.72743,1200000,1200000
2022-08-29 05:58:55.840000,10.73737,10.72743,1200000,1200000
2022-08-29 05:58:55.890000,10.73743,10.73023,1200000,1200000
2022-08-29 05:58:55.991000,10.73908,10.7333,1200000,900000
2022-08-29 05:58:56.042000,10.739,10.72912,1200000,1200000
2022-08-29 05:58:56.142000,10.73807,10.72723,1200000,1200000
2022-08-29 05:58:56.193000,10.73777,10.72723,1200000,1200000
2022-08-29 05:58:56.318000,10.73717,10.72723,1200000,1200000
2022-08-29 05:58:56.419000,10.7374,10.72723,1200000,1200000
2022-08-29 05:58:56.545000,10.73681,10.72714,1200000,1200000
2022-08-29 05:58:56.696000,10.73598,10.72713,1200000,1200000
2022-08-29 05:58:56.796000,10.73618,10.72713,1200000,1200000
2022-08-29 05:58:56.847000,10.73624,10.72713,1200000,1200000
2022-08-29 05:58:57.053000,10.73625,10.72714,1200000,1200000
2022-08-29 05:58:57.154000,10.73627,10.72703,1200000,1200000
2022-08-29 05:58:57.205000,10.73697,10.72703,1200000,1200000
2022-08-29 05:58:57.255000,10.73641,10.72704,1200000,1200000
2022-08-29 05:58:57.310000,10.73641,10.72694,1200000,1200000
2022-08-29 05:58:57.411000,10.73652,10.72693,1200000,1200000
2022-08-29 05:58:57.584000,10.73611,10.72693,1200000,1200000
2022-08-29 05:58:57.879000,10.73607,10.72693,1200000,1200000
2022-08-29 05:58:58.032000,10.73637,10.72693,1200000,1200000
2022-08-29 05:58:58.133000,10.73617,10.72693,1200000,1200000
2022-08-29 05:58:58.615000,10.73606,10.72694,1200000,1200000
2022-08-29 05:58:59.553000,10.73607,10.72683,1200000,1200000
2022-08-29 05:58:59.654000,10.73577,10.72683,1200000,1200000
2022-08-29 05:59:00.108000,10.73627,10.72683,1200000,1200000
2022-08-29 05:59:00.233000,10.73626,10.72683,1200000,1200000
2022-08-29 05:59:00.333000,10.73637,10.72683,1200000,1200000
2022-08-29 05:59:00.387000,10.73617,10.72683,1200000,1200000
2022-08-29 05:59:00.596000,10.73607,10.72683,1200000,1200000
2022-08-29 05:59:01.130000,10.73637,10.72683,1200000,1200000
2022-08-29 05:59:01.240000,10.73617,10.72683,1200000,1200000
2022-08-29 05:59:01.742000,10.73714,10.72684,1500000,1500000
2022-08-29 05:59:01.792000,10.73652,10.72683,1200000,1200000
2022-08-29 05:59:01.911000,10.73617,10.72683,1200000,1200000
2022-08-29 05:59:02.022000,10.73637,10.72683,1200000,1200000
2022-08-29 05:59:02.093000,10.73617,10.72683,1200000,1200000
2022-08-29 05:59:02.978000,10.73607,10.72683,1200000,1200000
2022-08-29 05:59:03.278000,10.73597,10.72683,1200000,1200000
2022-08-29 05:59:03.640000,10.73637,10.72683,1200000,1200000
2022-08-29 05:59:03.703000,10.73626,10.72683,1200000,1200000
2022-08-29 05:59:03.854000,10.73606,10.72684,1200000,1200000
2022-08-29 05:59:03.904000,10.73637,10.72683,1200000,1200000
2022-08-29 05:59:04.005000,10.73626,10.72683,1200000,1200000
2022-08-29 05:59:04.395000,10.73607,10.72683,1200000,1200000
2022-08-29 05:59:04.446000,10.73637,10.72683,1200000,1200000
2022-08-29 05:59:04.539000,10.73607,10.72683,1200000,1200000
2022-08-29 05:59:04.690000,10.73652,10.72683,1200000,1200000
2022-08-29 05:59:04.750000,10.73652,10.72683,1500000,1500000
2022-08-29 05:59:05.013000,10.73606,10.72684,1200000,1200000
2022-08-29 05:59:05.202000,10.73597,10.72683,1200000,1200000
2022-08-29 05:59:06.034000,10.73696,10.72684,1200000,1200000
2022-08-29 05:59:06.084000,10.73637,10.72683,1200000,1200000
2022-08-29 05:59:06.199000,10.73622,10.72684,1200000,1200000
2022-08-29 05:59:06.350000,10.73617,10.72683,1200000,1200000
2022-08-29 05:59:06.501000,10.73637,10.72683,1500000,1500000
2022-08-29 05:59:06.605000,10.73607,10.72683,1500000,1500000
2022-08-29 05:59:06.898000,10.73607,10.72683,1200000,1200000
2022-08-29 05:59:06.962000,10.73597,10.72683,1200000,1200000
2022-08-29 05:59:07.113000,10.73577,10.72683,1200000,1200000
2022-08-29 05:59:07.277000,10.73555,10.72683,1200000,1200000
2022-08-29 05:59:07.422000,10.73554,10.72683,1200000,1200000
2022-08-29 05:59:07.522000,10.7357,10.72683,1200000,1200000
2022-08-29 05:59:07.573000,10.73596,10.72683,1500000,1500000
2022-08-29 05:59:07.957000,10.73596,10.72683,1200000,1200000
2022-08-29 05:59:08.081000,10.73601,10.72683,1200000,1200000
2022-08-29 05:59:08.132000,10.73684,10.72683,1500000,1500000
2022-08-29 05:59:08.182000,10.73597,10.72683,1200000,1200000
2022-08-29 05:59:08.896000,10.73597,10.72688,1500000,1500000
2022-08-29 05:59:08.997000,10.73684,10.72688,1500000,1500000
2022-08-29 05:59:09.047000,10.73642,10.72688,1500000,1500000
2022-08-29 05:59:09.148000,10.73596,10.72689,1500000,1500000
2022-08-29 05:59:09.365000,10.73706,10.72688,1500000,1500000
2022-08-29 05:59:09.416000,10.7362,10.72686,1500000,1500000
2022-08-29 05:59:09.530000,10.73597,10.72688,1500000,1500000
2022-08-29 05:59:09.655000,10.73577,10.72688,1500000,1500000
2022-08-29 05:59:10.107000,10.73604,10.72688,1500000,1500000
2022-08-29 05:59:10.258000,10.73587,10.72688,1500000,1500000
2022-08-29 05:59:10.309000,10.7363,10.72688,1500000,1500000
2022-08-29 05:59:10.735000,10.73587,10.72688,1500000,1500000
2022-08-29 05:59:10.957000,10.73683,10.72689,1500000,1500000
2022-08-29 05:59:11.007000,10.73627,10.72688,1500000,1500000
2022-08-29 05:59:11.379000,10.73627,10.72713,1500000,1500000
2022-08-29 05:59:11.485000,10.73549,10.72714,1500000,1500000
2022-08-29 05:59:11.585000,10.73686,10.72714,1500000,1500000
2022-08-29 05:59:11.636000,10.73553,10.72713,1500000,1500000
2022-08-29 05:59:11.808000,10.7355,10.72713,1500000,1500000
2022-08-29 05:59:11.908000,10.73697,10.72736,1200000,1500000
2022-08-29 05:59:11.959000,10.73766,10.72737,1500000,1500000
2022-08-29 05:59:12.009000,10.73764,10.72737,1500000,1500000
2022-08-29 05:59:12.060000,10.73826,10.7278,1500000,1500000
2022-08-29 05:59:12.111000,10.73873,10.72779,1200000,1500000
2022-08-29 05:59:12.211000,10.73937,10.72776,1200000,1200000
2022-08-29 05:59:12.262000,10.73937,10.72753,1500000,1500000
2022-08-29 05:59:12.363000,10.73937,10.72813,1500000,1500000
2022-08-29 05:59:12.413000,10.73937,10.7283,1200000,1200000
2022-08-29 05:59:12.464000,10.73937,10.7279,1500000,1500000
2022-08-29 05:59:12.567000,10.73917,10.72837,1500000,1500000
2022-08-29 05:59:12.827000,10.73917,10.72831,1500000,1500000
2022-08-29 05:59:13.492000,10.73927,10.72823,1500000,1500000
2022-08-29 05:59:13.560000,10.73967,10.72823,1500000,1500000
2022-08-29 05:59:13.611000,10.73947,10.72773,1200000,1200000
2022-08-29 05:59:13.661000,10.73957,10.72783,2700000,1200000
2022-08-29 05:59:13.712000,10.73956,10.72704,1200000,1800000
2022-08-29 05:59:13.762000,10.73957,10.72813,2700000,1200000
2022-08-29 05:59:14.047000,10.73957,10.72823,2700000,1200000
2022-08-29 05:59:14.098000,10.73967,10.72773,1200000,1200000
2022-08-29 05:59:14.148000,10.73967,10.72783,1200000,1200000
2022-08-29 05:59:14.280000,10.73967,10.72753,1200000,1200000
2022-08-29 05:59:14.881000,10.73957,10.72753,1200000,1200000
2022-08-29 05:59:15.032000,10.73957,10.72753,1200000,1320000
2022-08-29 05:59:15.082000,10.73978,10.72723,1200000,1320000
2022-08-29 05:59:15.133000,10.74016,10.72843,1200000,1200000
2022-08-29 05:59:15.284000,10.74059,10.72503,1200000,2100000
2022-08-29 05:59:15.385000,10.74139,10.72663,440000,720000
2022-08-29 05:59:15.485000,10.74247,10.72683,1800000,1980000
2022-08-29 05:59:17.403000,10.74237,10.72813,1320000,1800000
2022-08-29 05:59:17.582000,10.74247,10.72813,1320000,1800000
2022-08-29 05:59:18.186000,10.74247,10.72813,1320000,1800000
2022-08-29 05:59:19.136000,10.74137,10.72903,1500000,1500000
2022-08-29 05:59:20.166000,10.74087,10.72873,1500000,1500000
2022-08-29 05:59:22.508000,10.74086,10.72874,1500000,1500000
2022-08-29 05:59:22.609000,10.7413,10.73028,1500000,1500000
2022-08-29 05:59:22.660000,10.7418,10.73028,1500000,1500000
2022-08-29 05:59:22.761000,10.74224,10.73028,1500000,1620000
2022-08-29 05:59:22.811000,10.74254,10.73073,1500000,1500000
2022-08-29 05:59:23.063000,10.74027,10.73073,1500000,1500000
2022-08-29 05:59:23.430000,10.74027,10.73073,1500000,1500000
2022-08-29 05:59:27.297000,10.77754,10.73009,3370000,1620000
2022-08-29 05:59:27.347000,10.77797,10.73026,3370000,1620000
2022-08-29 05:59:27.448000,10.77777,10.73327,3370000,1200000
2022-08-29 05:59:27.549000,10.77877,10.73638,3370000,1500000
2022-08-29 05:59:27.751000,10.77781,10.73693,3370000,1500000
2022-08-29 05:59:27.804000,10.77724,10.73693,3370000,1500000
2022-08-29 05:59:28.257000,10.77673,10.73661,3370000,1500000
2022-08-29 05:59:29.170000,10.77508,10.73623,3370000,1500000
2022-08-29 05:59:29.574000,10.75678,10.73084,3830000,1740000
2022-08-29 05:59:29.675000,10.75605,10.73051,3830000,1740000
2022-08-29 05:59:29.775000,10.75527,10.73036,3830000,1500000
2022-08-29 05:59:29.826000,10.75621,10.73563,3830000,1200000
2022-08-29 05:59:30.072000,10.74733,10.73583,3830000,1500000
2022-08-29 05:59:30.128000,10.74712,10.73583,3370000,1500000
2022-08-29 05:59:30.330000,10.7471,10.73558,3370000,1500000
2022-08-29 05:59:30.380000,10.7464,10.73558,3830000,1500000
2022-08-29 05:59:30.569000,10.74097,10.73613,1200000,1200000
2022-08-29 05:59:30.620000,10.74097,10.73583,1500000,1500000
2022-08-29 05:59:30.771000,10.74097,10.73583,1500000,1500000
2022-08-29 05:59:30.926000,10.74097,10.73578,1500000,1500000
2022-08-29 05:59:31.144000,10.74097,10.73633,1500000,1500000
2022-08-29 05:59:31.329000,10.74097,10.73538,1500000,1440000
2022-08-29 05:59:31.481000,10.74097,10.73583,1500000,1200000
2022-08-29 05:59:31.632000,10.74097,10.73311,1500000,1500000
2022-08-29 05:59:31.733000,10.74097,10.73205,1500000,120000
2022-08-29 05:59:31.834000,10.74097,10.73514,1500000,230000
2022-08-29 05:59:32.566000,10.74097,10.73488,1200000,900000
2022-08-29 05:59:32.686000,10.74097,10.73448,1500000,1200000
2022-08-29 05:59:32.786000,10.74097,10.7316,1200000,1200000
2022-08-29 05:59:32.837000,10.74097,10.73048,1200000,1200000
2022-08-29 05:59:32.952000,10.74097,10.72953,1500000,1500000
2022-08-29 05:59:33.345000,10.74097,10.73063,1500000,1500000
2022-08-29 05:59:33.395000,10.74097,10.73058,1500000,1500000
2022-08-29 05:59:33.496000,10.74096,10.72979,1500000,1620000
2022-08-29 05:59:33.558000,10.74097,10.72978,1500000,1500000
2022-08-29 05:59:33.719000,10.74097,10.73013,1500000,1500000
2022-08-29 05:59:33.870000,10.74097,10.73048,1500000,1500000
2022-08-29 05:59:34.025000,10.74097,10.73068,1500000,1500000
2022-08-29 05:59:34.164000,10.74097,10.73083,1500000,1500000
2022-08-29 05:59:34.433000,10.74097,10.73128,1500000,1500000
2022-08-29 05:59:35.290000,10.74097,10.73148,1500000,1500000
2022-08-29 05:59:37.144000,10.74096,10.73164,1500000,1500000
2022-08-29 05:59:38.439000,10.74097,10.72968,1500000,1620000
2022-08-29 05:59:38.554000,10.74097,10.72963,1500000,1500000
2022-08-29 05:59:38.921000,10.74097,10.72963,1500000,1500000
2022-08-29 05:59:39.311000,10.74097,10.73043,1500000,1500000
2022-08-29 05:59:39.850000,10.74097,10.72916,1500000,1620000
2022-08-29 05:59:39.951000,10.74097,10.72903,1500000,1500000
2022-08-29 05:59:40.707000,10.74096,10.72929,1500000,1500000
2022-08-29 05:59:42.960000,10.74097,10.72948,1500000,1500000
2022-08-29 05:59:44.102000,10.74097,10.73023,1500000,1500000
2022-08-29 05:59:44.250000,10.74097,10.7301,1500000,1500000
2022-08-29 05:59:44.301000,10.74097,10.7296,1500000,1500000
2022-08-29 05:59:48.733000,10.74097,10.72997,1500000,1500000
2022-08-29 05:59:49.515000,10.74097,10.72988,1500000,1500000
2022-08-29 05:59:50.023000,10.74111,10.72988,1500000,1500000
2022-08-29 05:59:55.098000,10.74117,10.7298,1500000,1500000
2022-08-29 05:59:55.209000,10.74117,10.72923,1500000,1500000
2022-08-29 06:00:00.379000,10.74117,10.72923,1500000,1500000
2022-08-29 06:00:00.525000,10.74117,10.72898,1500000,1500000
2022-08-29 06:00:00.971000,10.74117,10.72958,1500000,1500000
2022-08-29 06:00:02.314000,10.74058,10.73048,1500000,1500000
2022-08-29 06:00:02.418000,10.74058,10.73153,1500000,1500000
2022-08-29 06:00:02.569000,10.74058,10.73153,1500000,1500000
2022-08-29 06:00:02.726000,10.74058,10.73233,1500000,1500000
2022-08-29 06:00:03.004000,10.74058,10.73233,1500000,1500000
2022-08-29 06:00:03.105000,10.74098,10.73226,1500000,1500000
2022-08-29 06:00:03.231000,10.74058,10.73178,1500000,1500000
2022-08-29 06:00:03.507000,10.74098,10.73178,1500000,1500000
2022-08-29 06:00:03.591000,10.74098,10.73178,1500000,1500000
2022-08-29 06:00:03.641000,10.74058,10.73178,1500000,1500000
2022-08-29 06:00:04.116000,10.74058,10.73173,1500000,1500000
2022-08-29 06:00:04.572000,10.74107,10.73178,1500000,1500000
2022-08-29 06:00:04.622000,10.74098,10.73178,1500000,1500000
2022-08-29 06:00:04.740000,10.74057,10.73174,1500000,1500000
2022-08-29 06:00:04.844000,10.74058,10.73143,1500000,1500000
2022-08-29 06:00:04.945000,10.74057,10.73144,1500000,1500000
2022-08-29 06:00:05.149000,10.74058,10.73193,1500000,1620000
2022-08-29 06:00:05.513000,10.74107,10.73223,1500000,1500000
2022-08-29 06:00:05.613000,10.74107,10.73223,1500000,1500000
2022-08-29 06:00:05.721000,10.74058,10.73223,1500000,1500000
2022-08-29 06:00:05.794000,10.74106,10.73224,1500000,1500000
2022-08-29 06:00:05.845000,10.74098,10.73223,1500000,1500000
2022-08-29 06:00:05.996000,10.74058,10.73223,1500000,1500000
2022-08-29 06:00:06.388000,10.74057,10.73023,1500000,1620000
2022-08-29 06:00:06.439000,10.74098,10.73022,1500000,1620000
2022-08-29 06:00:06.540000,10.74057,10.73016,1500000,1620000
2022-08-29 06:00:06.590000,10.74058,10.73015,1500000,1620000
2022-08-29 06:00:06.741000,10.74098,10.73006,1500000,1620000
2022-08-29 06:00:06.842000,10.74058,10.7301,1500000,1620000
2022-08-29 06:00:06.971000,10.74058,10.7301,1500000,1620000
2022-08-29 06:00:07.103000,10.74058,10.7315,1500000,1620000
2022-08-29 06:00:08.720000,10.74058,10.73153,1500000,1500000
2022-08-29 06:00:08.771000,10.74058,10.7315,1500000,1500000
2022-08-29 06:00:08.871000,10.74058,10.72899,1500000,1620000
2022-08-29 06:00:08.922000,10.74058,10.7292,1500000,1500000
2022-08-29 06:00:09.090000,10.74058,10.72899,1500000,1500000
2022-08-29 06:00:09.249000,10.74107,10.72949,1500000,1500000
2022-08-29 06:00:09.300000,10.74098,10.72949,1500000,1500000
2022-08-29 06:00:09.414000,10.74058,10.72949,1500000,1500000
2022-08-29 06:00:09.515000,10.74058,10.72943,1500000,1500000
2022-08-29 06:00:09.792000,10.74107,10.73003,1500000,1620000
2022-08-29 06:00:09.843000,10.74097,10.73004,1500000,1620000
2022-08-29 06:00:09.957000,10.74058,10.73003,1500000,1620000
2022-08-29 06:00:10.222000,10.74058,10.73033,1500000,1500000
2022-08-29 06:00:10.341000,10.74098,10.72996,1500000,1500000
2022-08-29 06:00:10.442000,10.74098,10.72996,1500000,1500000
2022-08-29 06:00:10.543000,10.74058,10.72996,1500000,1500000
2022-08-29 06:00:11.048000,10.74058,10.73048,1500000,1500000
2022-08-29 06:00:11.098000,10.74058,10.73048,1500000,1500000
2022-08-29 06:00:12.020000,10.74058,10.73048,1500000,1500000
2022-08-29 06:00:12.088000,10.74058,10.7303,1500000,1500000
2022-08-29 06:00:12.139000,10.74058,10.73006,1500000,1500000
2022-08-29 06:00:14.313000,10.74058,10.72983,1500000,1620000
2022-08-29 06:00:14.414000,10.74049,10.72933,1500000,1620000
2022-08-29 06:00:15.218000,10.74038,10.72933,1500000,1500000
2022-08-29 06:00:15.319000,10.74005,10.7287,1500000,1500000
2022-08-29 06:00:15.785000,10.73995,10.72863,1500000,1500000
2022-08-29 06:00:15.953000,10.74065,10.72863,1500000,1500000
2022-08-29 06:00:16.005000,10.74005,10.72863,1500000,1500000
2022-08-29 06:00:16.241000,10.74027,10.72863,1500000,1500000
2022-08-29 06:00:16.342000,10.74015,10.72864,1500000,1500000
2022-08-29 06:00:16.443000,10.74005,10.72863,1500000,1500000
2022-08-29 06:00:16.795000,10.74016,10.72848,1500000,1500000
2022-08-29 06:00:16.909000,10.74026,10.72849,1500000,1500000
2022-08-29 06:00:16.962000,10.74016,10.72848,1500000,1500000
2022-08-29 06:00:17.224000,10.74005,10.72848,1500000,1500000
2022-08-29 06:00:17.497000,10.74037,10.72904,1500000,1500000
2022-08-29 06:00:17.547000,10.74049,10.72903,1500000,1500000
2022-08-29 06:00:18.177000,10.74038,10.72908,1500000,1500000
2022-08-29 06:00:18.466000,10.74027,10.72908,1500000,1500000
2022-08-29 06:00:18.516000,10.74038,10.72908,1500000,1500000
2022-08-29 06:00:18.567000,10.74049,10.72908,1500000,1500000
2022-08-29 06:00:18.735000,10.74038,10.72908,1500000,1500000
2022-08-29 06:00:19.091000,10.74049,10.72908,1500000,1500000
2022-08-29 06:00:19.617000,10.74058,10.72908,1500000,1500000
2022-08-29 06:00:19.775000,10.74077,10.72908,1500000,1500000
2022-08-29 06:00:19.825000,10.74058,10.72908,1500000,1500000
2022-08-29 06:00:20.134000,10.74049,10.72908,1500000,1500000
2022-08-29 06:00:20.185000,10.74049,10.72908,1500000,1500000
2022-08-29 06:00:20.235000,10.74047,10.72903,1500000,1500000
2022-08-29 06:00:20.336000,10.74018,10.72873,1500000,3000000
2022-08-29 06:00:20.784000,10.74005,10.72903,1500000,1500000
2022-08-29 06:00:21.159000,10.74038,10.72903,1500000,1500000
2022-08-29 06:00:21.272000,10.74037,10.72913,1500000,1500000
2022-08-29 06:00:21.323000,10.74027,10.72913,1500000,1500000
2022-08-29 06:00:22.354000,10.74037,10.72913,1500000,1500000
2022-08-29 06:00:24.058000,10.74037,10.72918,1500000,1500000
2022-08-29 06:00:24.112000,10.74005,10.72903,1500000,3000000
2022-08-29 06:00:24.263000,10.74027,10.72903,1500000,3000000
2022-08-29 06:00:24.368000,10.74037,10.72903,1500000,3000000
2022-08-29 06:00:25.238000,10.74058,10.72903,1500000,3000000
2022-08-29 06:00:25.672000,10.74058,10.72903,1500000,3000000
2022-08-29 06:00:29.339000,10.74058,10.72953,1500000,3000000
2022-08-29 06:00:31.148000,10.74058,10.73053,1200000,1200000
2022-08-29 06:00:31.350000,10.74058,10.73003,1500000,2100000
2022-08-29 06:00:31.451000,10.74098,10.73023,1500000,1500000
2022-08-29 06:00:31.602000,10.74058,10.73023,1500000,1500000
2022-08-29 06:00:32.182000,10.74027,10.73023,1500000,1500000
2022-08-29 06:00:32.291000,10.74027,10.73053,1500000,1500000
2022-08-29 06:00:35.523000,10.74027,10.73031,1500000,1500000
2022-08-29 06:00:36.810000,10.74027,10.72993,1200000,1200000
2022-08-29 06:00:36.911000,10.74027,10.72994,1200000,1200000
2022-08-29 06:00:37.466000,10.74027,10.72994,1500000,1500000
2022-08-29 06:00:38.701000,10.74027,10.7301,1500000,1500000
2022-08-29 06:00:39.303000,10.74026,10.73024,1500000,1500000
2022-08-29 06:00:40.612000,10.74027,10.73,1500000,1500000
2022-08-29 06:00:40.712000,10.73988,10.72967,1500000,1500000
2022-08-29 06:00:40.995000,10.73988,10.72943,1500000,1500000
2022-08-29 06:00:42.892000,10.74008,10.72948,1500000,1500000
2022-08-29 06:00:43.093000,10.74018,10.72948,1500000,1500000
2022-08-29 06:00:43.357000,10.74008,10.72948,1500000,1500000
2022-08-29 06:00:45.114000,10.74018,10.72946,1500000,1500000
2022-08-29 06:00:47.327000,10.7396,10.72963,1500000,1500000
2022-08-29 06:00:47.428000,10.7395,10.72948,1500000,1500000
2022-08-29 06:00:47.571000,10.73942,10.72948,1500000,1500000
2022-08-29 06:00:47.672000,10.73939,10.72948,1500000,1500000
2022-08-29 06:00:48.162000,10.73936,10.72948,1500000,1500000
2022-08-29 06:00:48.213000,10.73938,10.72948,1500000,1500000
2022-08-29 06:00:48.314000,10.74005,10.72948,1500000,1500000
2022-08-29 06:00:48.425000,10.7393,10.72948,1500000,1500000
2022-08-29 06:00:48.526000,10.7393,10.72933,1500000,1500000
2022-08-29 06:00:48.922000,10.7393,10.72916,1500000,1500000
2022-08-29 06:00:48.972000,10.73908,10.72918,1500000,1500000
2022-08-29 06:00:49.023000,10.73914,10.72914,1500000,1500000
2022-08-29 06:00:49.123000,10.73918,10.72913,1500000,1500000
2022-08-29 06:00:49.571000,10.73912,10.72944,1200000,1200000
2022-08-29 06:00:49.621000,10.73927,10.72903,1500000,2100000
2022-08-29 06:00:49.873000,10.73907,10.72903,1500000,1500000
2022-08-29 06:00:51.132000,10.73875,10.72868,1500000,1500000
2022-08-29 06:00:51.183000,10.73945,10.72916,1200000,1500000
2022-08-29 06:00:51.283000,10.73951,10.72928,1500000,1500000
2022-08-29 06:00:51.334000,10.7394,10.72928,1500000,1500000
2022-08-29 06:00:51.435000,10.73951,10.72953,1500000,1500000
2022-08-29 06:00:51.494000,10.74007,10.72953,1500000,1500000
2022-08-29 06:00:51.544000,10.73983,10.72953,1500000,1500000
2022-08-29 06:00:51.652000,10.73951,10.72953,1500000,1500000
2022-08-29 06:00:51.965000,10.74017,10.72966,3000000,1500000
2022-08-29 06:00:52.015000,10.73961,10.72966,1500000,1500000
2022-08-29 06:00:52.116000,10.73959,10.72966,1500000,1500000
2022-08-29 06:00:52.217000,10.73969,10.72964,1500000,1500000
2022-08-29 06:00:52.268000,10.74027,10.72953,1500000,1500000
2022-08-29 06:00:52.419000,10.73982,10.72953,1500000,1500000
2022-08-29 06:00:52.676000,10.73971,10.72953,1500000,1500000
2022-08-29 06:00:52.828000,10.73961,10.72953,1500000,1500000
2022-08-29 06:00:53.837000,10.73971,10.72954,1500000,1500000
2022-08-29 06:00:55.227000,10.73961,10.72967,1500000,1500000
2022-08-29 06:00:55.328000,10.73991,10.72967,1500000,1500000
2022-08-29 06:00:55.379000,10.74027,10.72967,1500000,1500000
2022-08-29 06:00:55.532000,10.73983,10.72967,1500000,1500000
2022-08-29 06:00:55.582000,10.74027,10.72967,1500000,1500000
2022-08-29 06:00:55.683000,10.74013,10.72968,1500000,1500000
2022-08-29 06:00:55.734000,10.74017,10.72967,1500000,1500000
2022-08-29 06:00:55.949000,10.73967,10.72967,1500000,1500000
2022-08-29 06:00:56.050000,10.73961,10.72967,1500000,1500000
2022-08-29 06:00:56.206000,10.74027,10.72964,1500000,1500000
2022-08-29 06:00:56.257000,10.73984,10.72964,1500000,1500000
2022-08-29 06:00:56.307000,10.7399,10.72964,1500000,1500000
2022-08-29 06:00:56.424000,10.73971,10.72967,1500000,1500000
2022-08-29 06:00:56.475000,10.74016,10.72968,1500000,1500000
2022-08-29 06:00:56.575000,10.73962,10.72967,1500000,1500000
2022-08-29 06:00:57.142000,10.7397,10.72967,1500000,1500000
2022-08-29 06:00:57.293000,10.73971,10.72967,1500000,1500000
2022-08-29 06:00:59.162000,10.73991,10.72973,1500000,1500000
2022-08-29 06:00:59.263000,10.73988,10.72977,1500000,1500000
2022-08-29 06:00:59.365000,10.73975,10.72977,1500000,1500000
2022-08-29 06:00:59.568000,10.74027,10.72977,1500000,1500000
2022-08-29 06:00:59.619000,10.74027,10.73003,1500000,2100000
2022-08-29 06:01:00.522000,10.74027,10.7308,1500000,1500000
2022-08-29 06:01:00.572000,10.74027,10.7308,1500000,1500000
2022-08-29 06:01:00.623000,10.74027,10.73093,1200000,1200000
2022-08-29 06:01:00.724000,10.74027,10.73103,1200000,1200000
2022-08-29 06:01:00.886000,10.74026,10.73081,1500000,1640000
2022-08-29 06:01:00.987000,10.74027,10.7308,1500000,1500000
2022-08-29 06:01:01.290000,10.74027,10.73104,1500000,1500000
2022-08-29 06:01:01.740000,10.74027,10.7309,1500000,1500000
2022-08-29 06:01:03.193000,10.74027,10.73083,1500000,1500000
2022-08-29 06:01:03.735000,10.74027,10.7309,1500000,1500000
2022-08-29 06:01:04.168000,10.74027,10.73075,1500000,1500000
2022-08-29 06:01:05.400000,10.74026,10.73084,1500000,1500000
2022-08-29 06:01:06.234000,10.74027,10.7314,1500000,1500000
2022-08-29 06:01:06.899000,10.74027,10.73083,1500000,1500000
2022-08-29 06:01:08.732000,10.74027,10.73083,1500000,1500000
2022-08-29 06:01:08.984000,10.74013,10.73018,1500000,1500000
2022-08-29 06:01:09.186000,10.74005,10.73016,1500000,1500000
2022-08-29 06:01:09.236000,10.74004,10.73017,2100000,2100000
2022-08-29 06:01:09.739000,10.73994,10.73,1500000,1500000
2022-08-29 06:01:09.840000,10.73947,10.73,1500000,1500000
2022-08-29 06:01:09.941000,10.73929,10.73,1500000,1500000
2022-08-29 06:01:10.500000,10.73968,10.73,1500000,1500000
2022-08-29 06:01:10.550000,10.73967,10.73001,2100000,1500000
2022-08-29 06:01:10.655000,10.73945,10.72947,2100000,2100000
2022-08-29 06:01:10.725000,10.73944,10.72948,2100000,2100000
2022-08-29 06:01:10.877000,10.73941,10.72947,1500000,2100000
2022-08-29 06:01:10.927000,10.73931,10.72956,1500000,2100000
2022-08-29 06:01:11.059000,10.73931,10.72977,2100000,2100000
2022-08-29 06:01:11.329000,10.73915,10.72963,2100000,2100000
2022-08-29 06:01:11.379000,10.73915,10.72983,2100000,2100000
2022-08-29 06:01:11.480000,10.73915,10.72993,2100000,2100000
2022-08-29 06:01:12.164000,10.73879,10.7295,2100000,2100000
2022-08-29 06:01:12.646000,10.73875,10.7295,2100000,2100000
2022-08-29 06:01:12.849000,10.73875,10.72933,2100000,2100000
2022-08-29 06:01:12.950000,10.73875,10.72933,2100000,2100000
2022-08-29 06:01:13.775000,10.73906,10.72964,2100000,2100000
2022-08-29 06:01:14.096000,10.73924,10.7295,2100000,2100000
2022-08-29 06:01:14.197000,10.73924,10.72933,2100000,2100000
2022-08-29 06:01:14.298000,10.73865,10.72913,2100000,2100000
2022-08-29 06:01:14.403000,10.73899,10.72923,2100000,2100000
2022-08-29 06:01:14.683000,10.73885,10.72913,2100000,3600000
2022-08-29 06:01:14.784000,10.73885,10.72895,2100000,2100000
2022-08-29 06:01:15.909000,10.73894,10.72933,1800000,1800000
2022-08-29 06:01:16.399000,10.73894,10.72883,2100000,2100000
2022-08-29 06:01:16.550000,10.73886,10.72879,1500000,2100000
2022-08-29 06:01:16.610000,10.73963,10.72883,2100000,2100000
2022-08-29 06:01:17.333000,10.73894,10.72883,2100000,2100000
2022-08-29 06:01:17.434000,10.73887,10.72879,1500000,2100000
2022-08-29 06:01:17.484000,10.73877,10.72879,1500000,2100000
2022-08-29 06:01:17.640000,10.73947,10.72879,2100000,2100000
2022-08-29 06:01:17.690000,10.73887,10.72879,1500000,2100000
2022-08-29 06:01:18.180000,10.73946,10.72914,1800000,1800000
2022-08-29 06:01:18.359000,10.73887,10.72913,1200000,1800000
2022-08-29 06:01:18.749000,10.73875,10.72913,1200000,1800000
2022-08-29 06:01:18.799000,10.73886,10.72913,1200000,1800000
2022-08-29 06:01:18.923000,10.73875,10.72914,1200000,1800000
2022-08-29 06:01:19.073000,10.73885,10.72893,1200000,1800000
2022-08-29 06:01:19.244000,10.73937,10.72893,3600000,2100000
2022-08-29 06:01:19.295000,10.73886,10.72893,1200000,1800000
2022-08-29 06:01:19.828000,10.73927,10.72893,2100000,2100000
2022-08-29 06:01:19.929000,10.73895,10.72926,2100000,2100000
2022-08-29 06:01:20.030000,10.73906,10.72953,2100000,2100000
2022-08-29 06:01:20.460000,10.73987,10.72963,2100000,2100000
2022-08-29 06:01:20.561000,10.73954,10.72963,2100000,3600000
2022-08-29 06:01:21.995000,10.73928,10.72943,1500000,2100000
2022-08-29 06:01:22.045000,10.73935,10.72943,2100000,2100000
2022-08-29 06:01:22.807000,10.73934,10.72941,2100000,2100000
2022-08-29 06:01:23.615000,10.73935,10.72962,2100000,2100000
2022-08-29 06:01:23.918000,10.73935,10.72953,2100000,2100000
2022-08-29 06:01:24.119000,10.73957,10.72953,2100000,2100000
2022-08-29 06:01:26.940000,10.73894,10.72953,1800000,1800000
2022-08-29 06:01:27.452000,10.73905,10.72953,2100000,2100000
2022-08-29 06:01:28.057000,10.73948,10.72953,2100000,2100000
2022-08-29 06:01:29.879000,10.7391,10.72993,1800000,1800000
2022-08-29 06:01:29.980000,10.7391,10.72947,2100000,2100000
2022-08-29 06:01:30.182000,10.74024,10.73043,2100000,2100000
2022-08-29 06:01:30.242000,10.74024,10.73043,2100000,2100000
2022-08-29 06:01:30.343000,10.74012,10.73044,2100000,3600000
2022-08-29 06:01:30.844000,10.73991,10.73053,2100000,2100000
2022-08-29 06:01:30.995000,10.73955,10.73023,2100000,2100000
2022-08-29 06:01:31.466000,10.74008,10.7301,2100000,2100000
2022-08-29 06:01:31.782000,10.7398,10.7301,2100000,2100000
2022-08-29 06:01:31.847000,10.7398,10.7301,2100000,2100000
2022-08-29 06:01:31.948000,10.73959,10.73283,2100000,1500000
2022-08-29 06:01:32.099000,10.73662,10.73013,900000,1020000
2022-08-29 06:01:32.200000,10.73774,10.72914,1800000,120000
2022-08-29 06:01:32.251000,10.73687,10.72573,1200000,1980000
2022-08-29 06:01:32.301000,10.73617,10.72823,1200000,1980000
2022-08-29 06:01:32.402000,10.73577,10.72803,1200000,1980000
2022-08-29 06:01:32.503000,10.73552,10.72813,1200000,1680000
2022-08-29 06:01:32.604000,10.73541,10.72813,1200000,1980000
2022-08-29 06:01:32.705000,10.73541,10.72813,1200000,1980000
2022-08-29 06:01:32.806000,10.73519,10.72783,1200000,1980000
2022-08-29 06:01:32.907000,10.73487,10.72803,1200000,1980000
2022-08-29 06:01:33.010000,10.73556,10.72803,1200000,1980000
2022-08-29 06:01:33.061000,10.73509,10.72803,1200000,1980000
2022-08-29 06:01:33.162000,10.73508,10.72804,1200000,1980000
2022-08-29 06:01:33.282000,10.73509,10.72803,1200000,1980000
2022-08-29 06:01:33.383000,10.73509,10.72803,1200000,1980000
2022-08-29 06:01:33.696000,10.73498,10.72803,1200000,1980000
2022-08-29 06:01:34.473000,10.73498,10.72783,1200000,1980000
2022-08-29 06:01:35.988000,10.73487,10.72723,1200000,1980000
2022-08-29 06:01:36.214000,10.73447,10.72693,1200000,1980000
2022-08-29 06:01:36.365000,10.73417,10.72703,1200000,1980000
2022-08-29 06:01:36.466000,10.73401,10.72703,1200000,1980000
2022-08-29 06:01:36.516000,10.73422,10.72703,1200000,1980000
2022-08-29 06:01:36.611000,10.73411,10.72703,1200000,1980000
2022-08-29 06:01:36.719000,10.7339,10.72703,1200000,1980000
2022-08-29 06:01:36.896000,10.73389,10.72704,1200000,1980000
2022-08-29 06:01:36.947000,10.7341,10.72704,1200000,1980000
2022-08-29 06:01:37.048000,10.73401,10.72703,1200000,1980000
2022-08-29 06:01:37.098000,10.73467,10.72723,1500000,2280000
2022-08-29 06:01:37.149000,10.73507,10.72743,1200000,2280000
2022-08-29 06:01:37.200000,10.73519,10.7278,1500000,2280000
2022-08-29 06:01:38.036000,10.73519,10.72813,1200000,1980000
2022-08-29 06:01:38.274000,10.73509,10.72813,1200000,1980000
2022-08-29 06:01:38.656000,10.73498,10.72813,1200000,1980000
2022-08-29 06:01:38.859000,10.73463,10.72693,1500000,2280000
2022-08-29 06:01:38.960000,10.73447,10.72753,1500000,2280000
2022-08-29 06:01:39.061000,10.73444,10.72733,1500000,2280000
2022-08-29 06:01:39.162000,10.73411,10.72733,1500000,2280000
2022-08-29 06:01:39.382000,10.73401,10.72613,1500000,2280000
2022-08-29 06:01:39.533000,10.7339,10.72743,1500000,2280000
2022-08-29 06:01:39.583000,10.73411,10.72703,1500000,2280000
2022-08-29 06:01:39.684000,10.73433,10.72733,1500000,2280000
2022-08-29 06:01:39.785000,10.73433,10.72733,1500000,2280000
2022-08-29 06:01:39.959000,10.73433,10.72733,1200000,1380000
2022-08-29 06:01:40.010000,10.73411,10.72733,1200000,1380000
2022-08-29 06:01:40.306000,10.73401,10.72663,1200000,1380000
2022-08-29 06:01:40.357000,10.73407,10.72663,1200000,1380000
2022-08-29 06:01:40.416000,10.73401,10.72663,1200000,1380000
2022-08-29 06:01:40.829000,10.73401,10.72663,1200000,1380000
2022-08-29 06:01:41.325000,10.73462,10.72663,1200000,1380000
2022-08-29 06:01:41.375000,10.73411,10.72663,1200000,1380000
2022-08-29 06:01:42.242000,10.73411,10.72663,1200000,1380000
2022-08-29 06:01:43.559000,10.73411,10.72663,1200000,1380000
