time,ask,bid,ask_volume,bid_volume
2020-08-03 07:25:00.076000,8.78194,8.78006,1000000,1000000
2020-08-03 07:25:00.127000,8.782,8.78014,1000000,1000000
2020-08-03 07:25:00.381000,8.78208,8.78027,1000000,1000000
2020-08-03 07:25:00.482000,8.78217,8.78051,1000000,1000000
2020-08-03 07:25:00.533000,8.78229,8.78043,1000000,1000000
2020-08-03 07:25:00.634000,8.78232,8.78037,1000000,1000000
2020-08-03 07:25:00.788000,8.78227,8.78037,1000000,1000000
2020-08-03 07:25:00.888000,8.78217,8.78023,1000000,1000000
2020-08-03 07:25:00.939000,8.78212,8.78022,1000000,1000000
2020-08-03 07:25:01.131000,8.7822,8.78029,1000000,1000000
2020-08-03 07:25:01.181000,8.78227,8.78053,1000000,1000000
2020-08-03 07:25:01.333000,8.78237,8.78053,1500000,1000000
2020-08-03 07:25:05.203000,8.78232,8.78053,1000000,1000000
2020-08-03 07:25:05.304000,8.78232,8.78063,1000000,1000000
2020-08-03 07:25:05.405000,8.78252,8.78063,1000000,1000000
2020-08-03 07:25:05.691000,8.7824,8.7806,1000000,1000000
2020-08-03 07:25:05.792000,8.7824,8.78057,1000000,1000000
2020-08-03 07:25:07.429000,8.78238,8.78055,1000000,1000000
2020-08-03 07:25:07.479000,8.78234,8.78042,1000000,1000000
2020-08-03 07:25:07.530000,8.78223,8.78035,1000000,1000000
2020-08-03 07:25:07.908000,8.78217,8.78035,1000000,1000000
2020-08-03 07:25:08.009000,8.78223,8.78035,1000000,1000000
2020-08-03 07:25:08.895000,8.7824,8.78075,1000000,1000000
2020-08-03 07:25:08.946000,8.78248,8.78075,1000000,1000000
2020-08-03 07:25:09.378000,8.78257,8.78089,1000000,1000000
2020-08-03 07:25:10.369000,8.78264,8.78101,1000000,1000000
2020-08-03 07:25:10.470000,8.78268,8.78116,1000000,1000000
2020-08-03 07:25:10.520000,8.78287,8.78116,1500000,1000000
2020-08-03 07:25:10.571000,8.78277,8.78116,1000000,1000000
2020-08-03 07:25:10.864000,8.78277,8.7811,1000000,1000000
2020-08-03 07:25:10.965000,8.78273,8.7811,1000000,1000000
2020-08-03 07:25:12.029000,8.78278,8.7811,1000000,1000000
2020-08-03 07:25:12.079000,8.78288,8.78128,1000000,1000000
2020-08-03 07:25:12.180000,8.78288,8.78147,1000000,1000000
2020-08-03 07:25:12.231000,8.7832,8.78147,1000000,1000000
2020-08-03 07:25:12.281000,8.78322,8.78165,1000000,1000000
2020-08-03 07:25:12.432000,8.78338,8.78165,1000000,1000000
2020-08-03 07:25:12.639000,8.78323,8.78155,1000000,1000000
2020-08-03 07:25:12.986000,8.78314,8.78147,1000000,1000000
2020-08-03 07:25:14.194000,8.78319,8.78154,1000000,1000000
2020-08-03 07:25:14.295000,8.7833,8.78162,1000000,1000000
2020-08-03 07:25:14.711000,8.78316,8.78148,1000000,1000000
2020-08-03 07:25:15.330000,8.78335,8.78163,1000000,1000000
2020-08-03 07:25:15.431000,8.78336,8.78163,1000000,1000000
2020-08-03 07:25:16.916000,8.78329,8.78164,1000000,1000000
2020-08-03 07:25:17.017000,8.78291,8.78134,1000000,1000000
2020-08-03 07:25:17.068000,8.78306,8.78148,1000000,1000000
2020-08-03 07:25:17.269000,8.78311,8.78148,1000000,1000000
2020-08-03 07:25:17.370000,8.78314,8.78151,1000000,1000000
2020-08-03 07:25:17.471000,8.7832,8.78158,1000000,1000000
2020-08-03 07:25:17.610000,8.7832,8.78164,1000000,1000000
2020-08-03 07:25:17.661000,8.78333,8.78164,1000000,1000000
2020-08-03 07:25:17.862000,8.78313,8.78149,1000000,1000000
2020-08-03 07:25:17.963000,8.78314,8.78149,1000000,1000000
2020-08-03 07:25:18.064000,8.78315,8.78148,1000000,1000000
2020-08-03 07:25:18.165000,8.78322,8.78157,1000000,1000000
2020-08-03 07:25:18.266000,8.78344,8.78174,1000000,1000000
2020-08-03 07:25:18.317000,8.78344,8.78185,1000000,1000000
2020-08-03 07:25:18.426000,8.78342,8.78185,1000000,1000000
2020-08-03 07:25:19.401000,8.7834,8.78185,1000000,1000000
2020-08-03 07:25:19.502000,8.78352,8.78185,1000000,1000000
2020-08-03 07:25:19.898000,8.78354,8.78187,1000000,1000000
2020-08-03 07:25:20.422000,8.78356,8.78199,1000000,1000000
2020-08-03 07:25:20.523000,8.78341,8.78184,1000000,1000000
2020-08-03 07:25:20.676000,8.78327,8.78171,1000000,1000000
2020-08-03 07:25:20.727000,8.78331,8.78164,1000000,1500000
2020-08-03 07:25:20.828000,8.78332,8.78164,1000000,1000000
2020-08-03 07:25:20.879000,8.78335,8.78166,1000000,1000000
2020-08-03 07:25:20.980000,8.78341,8.78166,1000000,1000000
2020-08-03 07:25:21.334000,8.78341,8.78187,1000000,1000000
2020-08-03 07:25:21.385000,8.78364,8.78201,1000000,1000000
2020-08-03 07:25:21.598000,8.78368,8.78201,1500000,1000000
2020-08-03 07:25:21.986000,8.78359,8.78201,1000000,1000000
2020-08-03 07:25:22.564000,8.78365,8.78201,1000000,1000000
2020-08-03 07:25:25.536000,8.78364,8.78201,1000000,1000000
2020-08-03 07:25:27.080000,8.78373,8.78201,1000000,1000000
2020-08-03 07:25:27.131000,8.78373,8.78209,1000000,1000000
2020-08-03 07:25:27.253000,8.78368,8.78209,1000000,1000000
2020-08-03 07:25:27.877000,8.78356,8.78209,1000000,1000000
2020-08-03 07:25:28.078000,8.78356,8.78196,1000000,1000000
2020-08-03 07:25:28.129000,8.78339,8.78177,1000000,1000000
2020-08-03 07:25:28.229000,8.78337,8.78177,1000000,1000000
2020-08-03 07:25:28.330000,8.78323,8.78177,1000000,1000000
2020-08-03 07:25:28.957000,8.7832,8.78177,1000000,1000000
2020-08-03 07:25:29.114000,8.7832,8.78178,1000000,1000000
2020-08-03 07:25:29.164000,8.7833,8.78178,1000000,1000000
2020-08-03 07:25:29.215000,8.7833,8.7818,1000000,1000000
2020-08-03 07:25:29.266000,8.78346,8.7818,1000000,1000000
2020-08-03 07:25:29.700000,8.78351,8.78199,1000000,1000000
2020-08-03 07:25:30.913000,8.78363,8.7821,1000000,1000000
2020-08-03 07:25:30.964000,8.78363,8.7824,1000000,1000000
2020-08-03 07:25:31.014000,8.78396,8.7824,1500000,1000000
2020-08-03 07:25:31.165000,8.78396,8.78252,1000000,1000000
2020-08-03 07:25:31.216000,8.78406,8.78252,1000000,1000000
2020-08-03 07:25:32.265000,8.78408,8.78252,1000000,1000000
2020-08-03 07:25:32.428000,8.78421,8.78252,1000000,1000000
2020-08-03 07:25:34.248000,8.78421,8.78268,1000000,1000000
2020-08-03 07:25:34.299000,8.78442,8.78281,1000000,1000000
2020-08-03 07:25:34.400000,8.78455,8.78289,1000000,1000000
2020-08-03 07:25:34.454000,8.78453,8.78289,1000000,1000000
2020-08-03 07:25:34.555000,8.78453,8.78312,1000000,1000000
2020-08-03 07:25:34.606000,8.78476,8.78312,1000000,1000000
2020-08-03 07:25:34.657000,8.78471,8.78303,1000000,1000000
2020-08-03 07:25:34.758000,8.78468,8.78292,1000000,1000000
2020-08-03 07:25:34.808000,8.78455,8.78292,1000000,1000000
2020-08-03 07:25:35.205000,8.78452,8.78292,1000000,1000000
2020-08-03 07:25:36.726000,8.78454,8.78292,1000000,1000000
2020-08-03 07:25:36.967000,8.78456,8.78292,1000000,1000000
2020-08-03 07:25:37.811000,8.78454,8.78281,1000000,1000000
2020-08-03 07:25:37.865000,8.78453,8.78275,1000000,1000000
2020-08-03 07:25:37.966000,8.78442,8.78275,1000000,1000000
2020-08-03 07:25:38.287000,8.78448,8.78275,1000000,1000000
2020-08-03 07:25:38.773000,8.78451,8.78275,1000000,1000000
2020-08-03 07:25:40.369000,8.78451,8.78288,1000000,1000000
2020-08-03 07:25:40.419000,8.78456,8.78288,1000000,1000000
2020-08-03 07:25:40.520000,8.78456,8.78297,1000000,1000000
2020-08-03 07:25:40.622000,8.78479,8.78319,1000000,1000000
2020-08-03 07:25:40.832000,8.7848,8.78319,1000000,1000000
2020-08-03 07:25:41.259000,8.7848,8.78317,1000000,1000000
2020-08-03 07:25:41.428000,8.78479,8.78317,1000000,1000000
2020-08-03 07:25:41.549000,8.78492,8.78319,1000000,1000000
2020-08-03 07:25:41.721000,8.7849,8.78319,1000000,1000000
2020-08-03 07:25:42.138000,8.78474,8.78319,1000000,1000000
2020-08-03 07:25:42.239000,8.78471,8.78298,1000000,1000000
2020-08-03 07:25:42.339000,8.78464,8.78296,1000000,1000000
2020-08-03 07:25:42.440000,8.78445,8.78296,1000000,1000000
2020-08-03 07:25:43.808000,8.78449,8.78296,1000000,1000000
2020-08-03 07:25:44.101000,8.78451,8.78296,1000000,1000000
2020-08-03 07:25:44.490000,8.78452,8.78296,1000000,1000000
2020-08-03 07:25:45.322000,8.78452,8.78314,1000000,1000000
2020-08-03 07:25:45.373000,8.78483,8.78321,1000000,1000000
2020-08-03 07:25:45.882000,8.78483,8.7832,1000000,1000000
2020-08-03 07:25:46.067000,8.78485,8.7832,1000000,1000000
2020-08-03 07:25:46.578000,8.78488,8.7832,1000000,1000000
2020-08-03 07:25:46.871000,8.78484,8.7832,1000000,1000000
2020-08-03 07:25:47.091000,8.78484,8.78327,1000000,1000000
2020-08-03 07:25:48.772000,8.78489,8.78327,1000000,1000000
2020-08-03 07:25:49.024000,8.78489,8.78328,1000000,1000000
2020-08-03 07:25:49.681000,8.78487,8.78328,1000000,1000000
2020-08-03 07:25:49.832000,8.78487,8.78327,1000000,1000000
2020-08-03 07:25:50.009000,8.78479,8.78287,1000000,1000000
2020-08-03 07:25:50.059000,8.78455,8.78287,1000000,1000000
2020-08-03 07:25:50.110000,8.78455,8.78283,1000000,1000000
2020-08-03 07:25:50.571000,8.78455,8.78278,1000000,1000000
2020-08-03 07:25:50.839000,8.78435,8.78278,1000000,1000000
2020-08-03 07:25:50.889000,8.78435,8.78265,1000000,1000000
2020-08-03 07:25:50.940000,8.78435,8.78273,1000000,1000000
2020-08-03 07:25:50.990000,8.78435,8.78265,1000000,1000000
2020-08-03 07:25:52.663000,8.78447,8.78265,1000000,1000000
2020-08-03 07:25:52.714000,8.78447,8.78273,1000000,1000000
2020-08-03 07:25:53.475000,8.78447,8.7828,1000000,1000000
2020-08-03 07:25:54.185000,8.78447,8.78273,1000000,1000000
2020-08-03 07:25:54.286000,8.78447,8.78272,1000000,1000000
2020-08-03 07:25:54.386000,8.78447,8.78263,1000000,1500000
2020-08-03 07:25:55,8.78447,8.78271,1000000,1000000
2020-08-03 07:25:55.221000,8.78447,8.78275,1000000,1000000
2020-08-03 07:25:55.322000,8.78447,8.78285,1000000,1000000
2020-08-03 07:25:55.373000,8.78466,8.78285,1000000,1000000
2020-08-03 07:25:55.473000,8.78466,8.7831,1000000,1000000
2020-08-03 07:25:55.574000,8.78467,8.7831,1000000,1000000
2020-08-03 07:25:55.675000,8.78467,8.78283,1000000,1000000
2020-08-03 07:25:55.726000,8.78467,8.78274,1000000,1000000
2020-08-03 07:25:55.877000,8.78467,8.78285,1000000,1000000
2020-08-03 07:25:56.088000,8.78467,8.78283,1000000,1000000
2020-08-03 07:25:56.328000,8.78467,8.78279,1000000,1000000
2020-08-03 07:25:56.529000,8.78467,8.78276,1000000,1000000
2020-08-03 07:25:56.680000,8.78472,8.78276,1000000,1000000
2020-08-03 07:25:56.731000,8.78472,8.78265,1000000,1120000
2020-08-03 07:25:56.980000,8.78472,8.78266,1000000,1000000
2020-08-03 07:25:57.185000,8.78472,8.78294,1000000,1000000
2020-08-03 07:25:58.427000,8.78472,8.78298,1000000,1000000
2020-08-03 07:25:58.628000,8.78472,8.78302,1000000,1000000
2020-08-03 07:26:00.297000,8.78472,8.783,1000000,1000000
2020-08-03 07:26:00.912000,8.78469,8.783,1000000,1000000
2020-08-03 07:26:01.013000,8.78469,8.78286,1000000,1000000
2020-08-03 07:26:01.114000,8.78443,8.78286,1000000,1000000
2020-08-03 07:26:01.165000,8.78447,8.7828,1000000,1000000
2020-08-03 07:26:01.366000,8.78447,8.78303,1000000,1000000
2020-08-03 07:26:01.567000,8.78447,8.78276,1000000,1000000
2020-08-03 07:26:01.778000,8.78447,8.78296,1000000,1000000
2020-08-03 07:26:01.929000,8.78466,8.78296,1000000,1000000
2020-08-03 07:26:02.080000,8.78466,8.7829,1000000,1000000
2020-08-03 07:26:02.181000,8.78465,8.78268,1000000,1000000
2020-08-03 07:26:02.382000,8.78466,8.78277,1000000,1000000
2020-08-03 07:26:03.520000,8.78466,8.78281,1000000,1000000
2020-08-03 07:26:03.722000,8.78466,8.7828,1000000,1000000
2020-08-03 07:26:03.924000,8.78466,8.78284,1000000,1000000
2020-08-03 07:26:04.025000,8.78489,8.78293,1000000,1000000
2020-08-03 07:26:04.075000,8.78485,8.78307,1000000,1000000
2020-08-03 07:26:04.278000,8.78485,8.78312,1000000,1000000
2020-08-03 07:26:04.328000,8.78465,8.78291,1000000,1000000
2020-08-03 07:26:04.480000,8.78482,8.78291,1000000,1000000
2020-08-03 07:26:04.530000,8.78482,8.78312,1000000,1000000
2020-08-03 07:26:04.732000,8.78482,8.78293,1000000,1000000
2020-08-03 07:26:05.137000,8.78478,8.78293,1000000,1000000
2020-08-03 07:26:05.459000,8.7846,8.78293,1000000,1000000
2020-08-03 07:26:05.510000,8.7846,8.78276,1000000,1000000
2020-08-03 07:26:05.719000,8.7846,8.78273,1000000,1000000
2020-08-03 07:26:05.908000,8.7846,8.78269,1000000,1000000
2020-08-03 07:26:06.171000,8.7846,8.78266,1000000,1000000
2020-08-03 07:26:06.423000,8.78432,8.78244,1000000,1000000
2020-08-03 07:26:06.524000,8.78427,8.78236,1000000,1000000
2020-08-03 07:26:06.624000,8.78416,8.78236,1000000,1000000
2020-08-03 07:26:06.726000,8.78416,8.78219,1000000,1000000
2020-08-03 07:26:07.046000,8.78416,8.78234,1000000,1000000
2020-08-03 07:26:07.340000,8.78416,8.78215,1000000,1000000
2020-08-03 07:26:07.826000,8.78401,8.78215,1000000,1000000
2020-08-03 07:26:08.350000,8.78401,8.78212,1000000,1000000
2020-08-03 07:26:09.456000,8.78401,8.78211,1000000,1000000
2020-08-03 07:26:09.759000,8.78401,8.78214,1000000,1000000
2020-08-03 07:26:09.860000,8.78389,8.78214,1000000,1000000
2020-08-03 07:26:09.961000,8.78389,8.78205,1000000,1000000
2020-08-03 07:26:10.062000,8.78389,8.78206,1000000,1000000
2020-08-03 07:26:10.163000,8.78389,8.78222,1000000,1000000
2020-08-03 07:26:10.314000,8.7837,8.78222,1000000,1000000
2020-08-03 07:26:10.365000,8.7837,8.78206,1000000,1000000
2020-08-03 07:26:10.465000,8.78395,8.78197,1000000,1000000
2020-08-03 07:26:10.566000,8.78395,8.7821,1000000,1000000
2020-08-03 07:26:10.768000,8.78395,8.78216,1000000,1000000
2020-08-03 07:26:11.128000,8.78395,8.78234,1000000,1000000
2020-08-03 07:26:11.324000,8.78395,8.78229,1000000,1000000
2020-08-03 07:26:11.475000,8.78395,8.78228,1000000,1000000
2020-08-03 07:26:11.682000,8.78395,8.78219,1000000,1000000
2020-08-03 07:26:11.895000,8.78395,8.78243,1000000,1000000
2020-08-03 07:26:12.122000,8.78395,8.78241,1000000,1000000
2020-08-03 07:26:12.325000,8.78395,8.78219,1000000,1000000
2020-08-03 07:26:12.553000,8.78395,8.78214,1000000,1000000
2020-08-03 07:26:12.924000,8.78395,8.78223,1000000,1000000
2020-08-03 07:26:13.115000,8.78395,8.7822,1000000,1000000
2020-08-03 07:26:13.367000,8.78395,8.78242,1000000,1000000
2020-08-03 07:26:13.491000,8.78395,8.78245,1000000,1000000
2020-08-03 07:26:13.542000,8.78395,8.78226,1000000,1000000
2020-08-03 07:26:13.794000,8.78415,8.78226,1000000,1000000
2020-08-03 07:26:14.108000,8.78415,8.78244,1000000,1000000
2020-08-03 07:26:14.361000,8.78415,8.78255,1000000,1000000
2020-08-03 07:26:14.462000,8.78436,8.78255,1000000,1000000
2020-08-03 07:26:14.663000,8.78436,8.78254,1000000,1000000
2020-08-03 07:26:14.764000,8.78436,8.78239,1000000,1000000
2020-08-03 07:26:14.965000,8.78436,8.78263,1000000,1000000
2020-08-03 07:26:15.117000,8.78436,8.78256,1000000,1000000
2020-08-03 07:26:15.218000,8.78434,8.78256,1000000,1000000
2020-08-03 07:26:15.338000,8.78434,8.78257,1000000,1000000
2020-08-03 07:26:15.438000,8.78434,8.7824,1000000,1000000
2020-08-03 07:26:15.489000,8.78416,8.7824,1000000,1000000
2020-08-03 07:26:15.640000,8.78416,8.78221,1000000,1000000
2020-08-03 07:26:15.842000,8.78416,8.7822,1000000,1000000
2020-08-03 07:26:15.943000,8.78396,8.7822,1000000,1000000
2020-08-03 07:26:16.043000,8.78396,8.78215,1000000,1000000
2020-08-03 07:26:16.247000,8.78382,8.78225,1000000,1000000
2020-08-03 07:26:16.348000,8.78391,8.7822,1000000,1000000
2020-08-03 07:26:16.398000,8.78369,8.7822,1000000,1000000
2020-08-03 07:26:16.449000,8.78374,8.78206,1000000,1000000
2020-08-03 07:26:16.550000,8.78374,8.78196,1000000,1000000
2020-08-03 07:26:16.651000,8.78376,8.78196,1000000,1000000
2020-08-03 07:26:16.752000,8.78393,8.78206,1000000,1000000
2020-08-03 07:26:16.852000,8.78393,8.78224,1000000,1000000
2020-08-03 07:26:17.054000,8.78395,8.7822,1000000,1000000
2020-08-03 07:26:17.255000,8.78395,8.78217,1000000,1000000
2020-08-03 07:26:17.473000,8.78395,8.78211,1000000,1000000
2020-08-03 07:26:17.885000,8.78395,8.78199,1000000,1000000
2020-08-03 07:26:18.151000,8.78395,8.78198,1000000,1000000
2020-08-03 07:26:18.281000,8.78395,8.78201,1000000,1000000
2020-08-03 07:26:18.500000,8.78395,8.7821,1000000,1000000
2020-08-03 07:26:18.601000,8.78388,8.78209,1000000,1000000
2020-08-03 07:26:18.814000,8.78388,8.78208,1000000,1000000
2020-08-03 07:26:19.015000,8.78388,8.782,1000000,1000000
2020-08-03 07:26:19.217000,8.78388,8.78195,1000000,1000000
2020-08-03 07:26:19.322000,8.78388,8.78196,1000000,1000000
2020-08-03 07:26:19.554000,8.78388,8.78201,1000000,1000000
2020-08-03 07:26:19.764000,8.78388,8.78196,1000000,1000000
2020-08-03 07:26:19.937000,8.78388,8.782,1000000,1000000
2020-08-03 07:26:20.134000,8.78388,8.78206,1000000,1000000
2020-08-03 07:26:20.517000,8.78388,8.78193,1000000,1000000
2020-08-03 07:26:20.621000,8.78387,8.78193,1000000,1000000
2020-08-03 07:26:20.672000,8.78387,8.78196,1000000,1000000
2020-08-03 07:26:20.858000,8.78387,8.78193,1000000,1000000
2020-08-03 07:26:20.909000,8.78377,8.78193,1000000,1000000
2020-08-03 07:26:21.022000,8.78377,8.78198,1000000,1000000
2020-08-03 07:26:21.123000,8.78376,8.78189,1000000,1000000
2020-08-03 07:26:21.224000,8.78367,8.78206,1000000,1000000
2020-08-03 07:26:21.275000,8.78376,8.78211,1000000,1000000
2020-08-03 07:26:21.325000,8.78367,8.78211,1000000,1000000
2020-08-03 07:26:21.477000,8.78357,8.78206,1000000,1000000
2020-08-03 07:26:21.628000,8.78347,8.78206,1000000,1000000
2020-08-03 07:26:21.864000,8.78326,8.78194,1000000,1000000
2020-08-03 07:26:21.965000,8.78307,8.7816,1000000,1000000
2020-08-03 07:26:22.166000,8.78317,8.78175,1000000,1000000
2020-08-03 07:26:22.281000,8.78317,8.78166,1000000,1000000
2020-08-03 07:26:22.432000,8.78347,8.78166,1000000,1000000
2020-08-03 07:26:22.482000,8.78347,8.78185,1000000,1000000
2020-08-03 07:26:22.583000,8.78337,8.78185,1500000,1000000
2020-08-03 07:26:22.652000,8.78337,8.7818,1500000,1000000
2020-08-03 07:26:22.754000,8.78345,8.7818,1000000,1000000
2020-08-03 07:26:22.855000,8.78364,8.78198,1000000,1000000
2020-08-03 07:26:22.905000,8.78361,8.78198,1000000,1000000
2020-08-03 07:26:23.073000,8.78361,8.78209,1000000,1000000
2020-08-03 07:26:23.502000,8.78361,8.78217,1000000,1000000
2020-08-03 07:26:23.659000,8.78361,8.78214,1000000,1000000
2020-08-03 07:26:23.868000,8.78361,8.78207,1000000,1000000
2020-08-03 07:26:24.444000,8.78357,8.78207,1000000,1000000
2020-08-03 07:26:24.545000,8.78361,8.78207,1000000,1000000
2020-08-03 07:26:24.646000,8.78337,8.78164,1000000,1000000
2020-08-03 07:26:24.746000,8.78347,8.78167,1000000,1000000
2020-08-03 07:26:24.847000,8.7835,8.78167,1000000,1000000
2020-08-03 07:26:24.898000,8.7835,8.78186,1000000,1000000
2020-08-03 07:26:25.049000,8.78347,8.78186,1000000,1000000
2020-08-03 07:26:25.150000,8.78347,8.78187,1000000,1000000
2020-08-03 07:26:25.495000,8.78347,8.78167,1000000,1000000
2020-08-03 07:26:27.137000,8.78346,8.7817,1000000,1000000
2020-08-03 07:26:27.188000,8.7835,8.7817,1000000,1000000
2020-08-03 07:26:27.339000,8.7835,8.78197,1000000,1000000
2020-08-03 07:26:27.390000,8.78353,8.78197,1000000,1000000
2020-08-03 07:26:27.541000,8.78353,8.78208,1000000,1000000
2020-08-03 07:26:27.856000,8.78353,8.78213,1000000,1000000
2020-08-03 07:26:28.248000,8.78353,8.78194,1000000,1000000
2020-08-03 07:26:29.177000,8.78372,8.78194,1000000,1000000
2020-08-03 07:26:29.670000,8.78372,8.78192,1000000,1000000
2020-08-03 07:26:30.447000,8.78372,8.78214,1000000,1000000
2020-08-03 07:26:30.628000,8.78371,8.78214,1000000,1000000
2020-08-03 07:26:31.080000,8.78367,8.78204,1000000,1000000
2020-08-03 07:26:31.131000,8.78373,8.78204,1000000,1000000
2020-08-03 07:26:31.182000,8.78367,8.78204,1000000,1000000
2020-08-03 07:26:31.232000,8.78373,8.78204,1000000,1000000
2020-08-03 07:26:31.283000,8.78373,8.78187,1000000,1000000
2020-08-03 07:26:31.465000,8.78373,8.78191,1000000,1000000
2020-08-03 07:26:32.461000,8.78373,8.78189,1000000,1000000
2020-08-03 07:26:32.870000,8.78373,8.78183,1000000,1000000
2020-08-03 07:26:33.638000,8.78373,8.78185,1000000,1000000
2020-08-03 07:26:33.813000,8.78373,8.78194,1000000,1000000
2020-08-03 07:26:33.949000,8.78386,8.78194,1000000,1000000
2020-08-03 07:26:33.999000,8.78386,8.78213,1000000,1000000
2020-08-03 07:26:34.101000,8.78383,8.78203,1000000,1000000
2020-08-03 07:26:34.151000,8.78383,8.78213,1000000,1000000
2020-08-03 07:26:34.202000,8.78389,8.78213,1000000,1000000
2020-08-03 07:26:34.252000,8.78389,8.78223,1000000,1000000
2020-08-03 07:26:34.303000,8.78389,8.78213,1000000,1000000
2020-08-03 07:26:34.549000,8.78403,8.78223,1000000,1000000
2020-08-03 07:26:34.854000,8.78413,8.78223,1000000,1000000
2020-08-03 07:26:34.905000,8.78413,8.78233,1000000,1000000
2020-08-03 07:26:35.006000,8.78433,8.78263,1000000,1000000
2020-08-03 07:26:35.157000,8.78434,8.78263,1000000,1000000
2020-08-03 07:26:35.399000,8.78445,8.78273,1000000,1000000
2020-08-03 07:26:35.450000,8.78453,8.78294,1000000,1000000
2020-08-03 07:26:35.501000,8.78465,8.78283,1000000,1000000
2020-08-03 07:26:35.653000,8.78465,8.78289,1000000,1000000
2020-08-03 07:26:35.766000,8.78465,8.78293,1000000,1000000
2020-08-03 07:26:35.817000,8.78465,8.78289,1000000,1000000
2020-08-03 07:26:35.867000,8.78465,8.783,1000000,1000000
2020-08-03 07:26:35.968000,8.78472,8.783,1000000,1000000
2020-08-03 07:26:36.069000,8.78472,8.78317,1000000,1000000
2020-08-03 07:26:36.170000,8.78479,8.78321,1000000,1000000
2020-08-03 07:26:36.221000,8.78479,8.78312,1000000,1000000
2020-08-03 07:26:36.322000,8.78478,8.78312,1000000,1000000
2020-08-03 07:26:36.423000,8.78478,8.78308,1000000,1000000
2020-08-03 07:26:36.967000,8.78478,8.78313,1000000,1000000
2020-08-03 07:26:38.633000,8.78478,8.78309,1000000,1000000
2020-08-03 07:26:38.867000,8.78478,8.78303,1000000,1000000
2020-08-03 07:26:39.079000,8.78478,8.78301,1000000,1000000
2020-08-03 07:26:39.292000,8.78478,8.78297,1000000,1000000
2020-08-03 07:26:40.297000,8.78478,8.78293,1000000,1000000
2020-08-03 07:26:40.498000,8.78478,8.78299,1000000,1000000
2020-08-03 07:26:40.649000,8.78478,8.78317,1000000,1000000
2020-08-03 07:26:40.851000,8.78478,8.78322,1000000,1000000
2020-08-03 07:26:41.313000,8.78478,8.78304,1000000,1000000
2020-08-03 07:26:41.648000,8.78478,8.78299,1000000,1000000
2020-08-03 07:26:41.954000,8.78478,8.78295,1000000,1000000
2020-08-03 07:26:43.701000,8.78445,8.78295,1000000,1000000
2020-08-03 07:26:43.802000,8.78446,8.78295,1000000,1000000
2020-08-03 07:26:43.852000,8.78457,8.78298,1000000,1000000
2020-08-03 07:26:43.903000,8.7846,8.78298,1000000,1000000
2020-08-03 07:26:44.054000,8.7846,8.78311,1000000,1000000
2020-08-03 07:26:46.997000,8.7846,8.78314,1000000,1000000
2020-08-03 07:26:47.114000,8.78473,8.78314,1000000,1000000
2020-08-03 07:26:47.165000,8.78482,8.78314,1000000,1000000
2020-08-03 07:26:47.215000,8.78495,8.78337,1000000,1000000
2020-08-03 07:26:47.266000,8.785,8.78337,1000000,1000000
2020-08-03 07:26:47.417000,8.785,8.78338,1000000,1000000
2020-08-03 07:26:47.770000,8.78493,8.78338,1000000,1000000
2020-08-03 07:26:47.871000,8.78493,8.78334,1000000,1000000
2020-08-03 07:26:48.295000,8.78493,8.78322,1000000,1000000
2020-08-03 07:26:49.453000,8.7848,8.78322,1000000,1000000
2020-08-03 07:26:50.057000,8.78479,8.78322,1000000,1000000
2020-08-03 07:26:50.108000,8.78479,8.78315,1000000,1000000
2020-08-03 07:26:50.366000,8.78479,8.78319,1000000,1000000
2020-08-03 07:26:50.467000,8.78486,8.78329,1000000,1000000
2020-08-03 07:26:51.218000,8.78486,8.78334,1000000,1000000
2020-08-03 07:26:51.754000,8.78501,8.78334,1000000,1000000
2020-08-03 07:26:52.030000,8.78501,8.7832,1000000,1000000
2020-08-03 07:26:53.889000,8.78501,8.78296,1000000,1000000
2020-08-03 07:26:54.090000,8.78501,8.78299,1000000,1000000
2020-08-03 07:26:54.342000,8.78504,8.78303,1000000,1000000
2020-08-03 07:26:54.393000,8.78511,8.78303,1000000,1000000
2020-08-03 07:26:54.494000,8.78524,8.78303,1000000,1500000
2020-08-03 07:26:54.544000,8.78524,8.78315,1000000,1000000
2020-08-03 07:26:54.645000,8.78512,8.78345,1000000,1000000
2020-08-03 07:26:54.922000,8.78512,8.78323,1000000,1000000
2020-08-03 07:26:55.152000,8.78501,8.78323,1000000,1000000
2020-08-03 07:26:55.307000,8.78502,8.78323,1000000,1000000
2020-08-03 07:26:55.531000,8.78498,8.78323,1000000,1000000
2020-08-03 07:26:55.861000,8.78498,8.78311,1000000,1500000
2020-08-03 07:26:56.267000,8.78513,8.78349,1000000,1000000
2020-08-03 07:26:56.453000,8.78513,8.78331,1000000,1000000
2020-08-03 07:26:56.554000,8.78525,8.78331,1000000,1000000
2020-08-03 07:26:56.655000,8.78528,8.78335,1000000,1000000
2020-08-03 07:26:56.705000,8.78528,8.78333,1000000,1000000
2020-08-03 07:26:56.806000,8.7853,8.78333,1000000,2000000
2020-08-03 07:26:56.907000,8.7853,8.7834,1000000,1500000
2020-08-03 07:26:57.008000,8.7853,8.78343,1000000,1000000
2020-08-03 07:26:57.068000,8.7853,8.7834,1000000,1500000
2020-08-03 07:26:57.346000,8.78529,8.78335,1000000,1500000
2020-08-03 07:26:57.725000,8.78529,8.78331,1000000,1000000
2020-08-03 07:26:57.776000,8.78507,8.78331,1000000,1000000
2020-08-03 07:26:57.876000,8.78507,8.7831,1000000,1500000
2020-08-03 07:26:58.226000,8.78514,8.78333,1000000,1000000
2020-08-03 07:26:58.277000,8.78524,8.78339,1000000,1000000
2020-08-03 07:26:58.377000,8.78524,8.78343,1000000,1000000
2020-08-03 07:26:58.428000,8.78524,8.78339,1000000,1000000
2020-08-03 07:26:58.776000,8.78524,8.78344,1000000,1000000
2020-08-03 07:26:59.212000,8.78515,8.78329,1000000,1000000
2020-08-03 07:26:59.262000,8.78508,8.78329,1000000,1000000
2020-08-03 07:26:59.414000,8.78508,8.78316,1000000,1000000
2020-08-03 07:26:59.573000,8.78508,8.78323,1000000,1000000
2020-08-03 07:27:00.066000,8.78518,8.78311,1500000,1000000
2020-08-03 07:27:00.116000,8.78518,8.78335,1000000,1000000
2020-08-03 07:27:00.338000,8.78514,8.78335,1000000,1000000
2020-08-03 07:27:00.489000,8.78514,8.78333,1000000,1000000
2020-08-03 07:27:00.590000,8.78521,8.78333,1000000,1000000
2020-08-03 07:27:00.691000,8.78521,8.7833,1000000,1000000
2020-08-03 07:27:00.742000,8.785,8.7833,1000000,1000000
2020-08-03 07:27:00.893000,8.78479,8.78314,1000000,1000000
2020-08-03 07:27:00.943000,8.78489,8.78314,1000000,1000000
2020-08-03 07:27:01.044000,8.78499,8.78314,1000000,1000000
2020-08-03 07:27:01.095000,8.78499,8.78321,1000000,1000000
2020-08-03 07:27:01.204000,8.78499,8.78325,1000000,1000000
2020-08-03 07:27:01.355000,8.78499,8.7832,1000000,1000000
2020-08-03 07:27:02.129000,8.78499,8.78324,1000000,1000000
2020-08-03 07:27:02.179000,8.78504,8.78324,1000000,1000000
2020-08-03 07:27:02.284000,8.78504,8.7833,1000000,1000000
2020-08-03 07:27:02.696000,8.78504,8.78333,1000000,1000000
2020-08-03 07:27:03.148000,8.78504,8.78325,1000000,1000000
2020-08-03 07:27:03.356000,8.78513,8.78328,1000000,1000000
2020-08-03 07:27:03.471000,8.78514,8.78328,1000000,1000000
2020-08-03 07:27:03.522000,8.78514,8.7834,1000000,1000000
2020-08-03 07:27:03.708000,8.78514,8.78337,1000000,1000000
2020-08-03 07:27:03.813000,8.78528,8.78337,1000000,1000000
2020-08-03 07:27:03.914000,8.78528,8.78352,1000000,1000000
2020-08-03 07:27:03.989000,8.78535,8.78352,1000000,1000000
2020-08-03 07:27:04.040000,8.78529,8.78352,1000000,1000000
2020-08-03 07:27:04.141000,8.78529,8.78341,1000000,1000000
2020-08-03 07:27:04.257000,8.78529,8.78349,1000000,1000000
2020-08-03 07:27:04.530000,8.78529,8.78363,1000000,1000000
2020-08-03 07:27:04.702000,8.78529,8.78346,1000000,1000000
2020-08-03 07:27:04.753000,8.78534,8.78346,1000000,1000000
2020-08-03 07:27:04.904000,8.78534,8.78362,1000000,1000000
2020-08-03 07:27:05.955000,8.78533,8.78362,1000000,1000000
2020-08-03 07:27:06.056000,8.78533,8.7835,1000000,1000000
2020-08-03 07:27:06.371000,8.78533,8.78336,1000000,1500000
2020-08-03 07:27:06.472000,8.78531,8.78336,1000000,1500000
2020-08-03 07:27:06.703000,8.78531,8.78352,1000000,1000000
2020-08-03 07:27:07.096000,8.78531,8.7836,1000000,1000000
2020-08-03 07:27:07.147000,8.78538,8.7836,1000000,1000000
2020-08-03 07:27:07.198000,8.78548,8.7836,1000000,1120000
2020-08-03 07:27:07.249000,8.78536,8.7836,1000000,1000000
2020-08-03 07:27:07.299000,8.78547,8.7837,1000000,1000000
2020-08-03 07:27:07.751000,8.78547,8.78368,1000000,1000000
2020-08-03 07:27:08.074000,8.78553,8.78368,1000000,1000000
2020-08-03 07:27:08.316000,8.78553,8.78353,1000000,1000000
2020-08-03 07:27:09.009000,8.78553,8.78364,1000000,1000000
2020-08-03 07:27:09.174000,8.78557,8.78364,1000000,1500000
2020-08-03 07:27:09.224000,8.78557,8.78377,1000000,1000000
2020-08-03 07:27:09.275000,8.78566,8.78377,1000000,1000000
2020-08-03 07:27:09.376000,8.78576,8.78377,1000000,1000000
2020-08-03 07:27:09.483000,8.78585,8.78391,1000000,1000000
2020-08-03 07:27:09.584000,8.78598,8.78393,1000000,1120000
2020-08-03 07:27:09.634000,8.78607,8.78446,1000000,1000000
2020-08-03 07:27:09.735000,8.78607,8.78442,1000000,1000000
2020-08-03 07:27:09.836000,8.78606,8.78442,1000000,1000000
2020-08-03 07:27:09.937000,8.78606,8.7844,1000000,1000000
2020-08-03 07:27:10.038000,8.78592,8.7844,1000000,1000000
2020-08-03 07:27:10.273000,8.78578,8.7844,1000000,1000000
2020-08-03 07:27:10.324000,8.78578,8.78412,1000000,1000000
2020-08-03 07:27:10.525000,8.78578,8.78416,1000000,1000000
2020-08-03 07:27:10.976000,8.78578,8.78393,1000000,1000000
2020-08-03 07:27:11.147000,8.78562,8.78383,1000000,1000000
2020-08-03 07:27:11.198000,8.78572,8.78383,1000000,1000000
2020-08-03 07:27:11.358000,8.78572,8.78416,1000000,1000000
2020-08-03 07:27:11.559000,8.78572,8.78411,1000000,1000000
2020-08-03 07:27:12.290000,8.78572,8.7841,1000000,1000000
2020-08-03 07:27:12.528000,8.78572,8.78387,1000000,1000000
2020-08-03 07:27:13.255000,8.78571,8.78387,1000000,1000000
2020-08-03 07:27:13.751000,8.78571,8.78383,1000000,1000000
2020-08-03 07:27:14.195000,8.78574,8.78383,1000000,1000000
2020-08-03 07:27:14.245000,8.78574,8.78422,1000000,1000000
2020-08-03 07:27:14.296000,8.78577,8.78422,1000000,1000000
2020-08-03 07:27:14.449000,8.78576,8.78393,1000000,1000000
2020-08-03 07:27:14.654000,8.78576,8.78412,1000000,1000000
2020-08-03 07:27:14.764000,8.78568,8.78412,1000000,1000000
2020-08-03 07:27:15.006000,8.78568,8.78389,1000000,1000000
2020-08-03 07:27:15.057000,8.78568,8.78413,1000000,1000000
2020-08-03 07:27:15.230000,8.78568,8.78389,1000000,1000000
2020-08-03 07:27:15.414000,8.78568,8.78412,1000000,1000000
2020-08-03 07:27:16.147000,8.78568,8.78387,1000000,1000000
2020-08-03 07:27:16.248000,8.78568,8.78405,1000000,1000000
2020-08-03 07:27:16.986000,8.78579,8.78405,1000000,1000000
2020-08-03 07:27:18.444000,8.78579,8.78407,1000000,1000000
2020-08-03 07:27:18.931000,8.786,8.78407,1000000,1000000
2020-08-03 07:27:18.982000,8.78581,8.78407,1000000,1000000
2020-08-03 07:27:19.083000,8.78579,8.78385,1000000,1000000
2020-08-03 07:27:19.285000,8.78579,8.78389,1000000,1000000
2020-08-03 07:27:20.094000,8.78579,8.78382,1000000,1000000
2020-08-03 07:27:20.389000,8.78577,8.78382,1000000,1000000
2020-08-03 07:27:20.554000,8.7858,8.78386,1000000,1000000
2020-08-03 07:27:20.655000,8.7858,8.78383,1000000,1000000
2020-08-03 07:27:23.146000,8.78579,8.78383,1000000,1000000
2020-08-03 07:27:25.812000,8.78589,8.78404,1000000,1000000
2020-08-03 07:27:25.975000,8.78589,8.78408,1000000,1000000
2020-08-03 07:27:26.338000,8.78589,8.78438,1000000,1000000
2020-08-03 07:27:26.439000,8.78603,8.78438,1000000,1000000
2020-08-03 07:27:28.541000,8.78603,8.78433,1000000,1500000
2020-08-03 07:27:29.703000,8.78603,8.78436,1000000,1000000
2020-08-03 07:27:30.684000,8.78604,8.78436,1000000,1000000
2020-08-03 07:27:31.613000,8.78604,8.78433,1000000,1500000
2020-08-03 07:27:35.905000,8.78577,8.78413,1000000,1000000
2020-08-03 07:27:36.006000,8.78596,8.78433,1000000,1000000
2020-08-03 07:27:36.107000,8.78589,8.78423,1000000,1000000
2020-08-03 07:27:36.208000,8.78588,8.78433,1000000,1000000
2020-08-03 07:27:36.317000,8.78595,8.78433,1000000,1000000
2020-08-03 07:27:36.418000,8.78603,8.78443,1000000,1000000
2020-08-03 07:27:37.135000,8.78603,8.78433,1000000,1000000
2020-08-03 07:27:39.119000,8.78603,8.78443,1000000,1000000
2020-08-03 07:27:40.096000,8.78603,8.78453,1000000,1000000
2020-08-03 07:27:40.147000,8.78609,8.78453,1000000,1000000
2020-08-03 07:27:40.581000,8.78611,8.78463,1000000,1000000
2020-08-03 07:27:40.682000,8.78645,8.78453,1000000,1000000
2020-08-03 07:27:40.783000,8.78645,8.78454,1000000,1000000
2020-08-03 07:27:40.834000,8.78652,8.78453,1000000,1000000
2020-08-03 07:27:40.885000,8.78652,8.78463,1000000,1000000
2020-08-03 07:27:40.936000,8.78641,8.7845,1000000,1000000
2020-08-03 07:27:40.986000,8.78639,8.78453,1000000,1000000
2020-08-03 07:27:41.195000,8.78651,8.78453,1000000,1000000
2020-08-03 07:27:41.820000,8.78651,8.78463,1000000,1000000
2020-08-03 07:27:42.381000,8.78651,8.78453,1000000,1500000
2020-08-03 07:27:42.629000,8.78651,8.78463,1000000,1000000
2020-08-03 07:27:43.178000,8.78651,8.78453,1000000,1500000
2020-08-03 07:27:45.099000,8.78644,8.78453,1000000,1000000
2020-08-03 07:27:45.200000,8.78625,8.78436,1000000,1000000
2020-08-03 07:27:45.301000,8.78625,8.78443,1000000,1000000
2020-08-03 07:27:45.351000,8.78625,8.78433,1000000,1000000
2020-08-03 07:27:45.944000,8.78625,8.78443,1000000,1000000
2020-08-03 07:27:46.378000,8.78625,8.78433,1000000,1000000
2020-08-03 07:27:46.633000,8.78625,8.78443,1000000,1000000
2020-08-03 07:27:48.156000,8.78623,8.78453,1000000,1000000
2020-08-03 07:27:48.257000,8.7864,8.78453,1000000,1000000
2020-08-03 07:27:48.359000,8.7864,8.78454,1000000,1000000
2020-08-03 07:27:48.460000,8.78648,8.78454,1000000,1000000
2020-08-03 07:27:48.611000,8.78648,8.78467,1000000,1000000
2020-08-03 07:27:49.143000,8.78658,8.78467,1000000,1000000
2020-08-03 07:27:49.193000,8.78657,8.78473,1000000,1000000
2020-08-03 07:27:51.472000,8.78657,8.78484,1000000,1000000
2020-08-03 07:27:51.523000,8.78666,8.78473,1000000,1000000
2020-08-03 07:27:51.623000,8.78667,8.78464,1000000,1000000
2020-08-03 07:27:51.724000,8.78654,8.78464,1000000,1000000
2020-08-03 07:27:51.932000,8.78654,8.78483,1000000,1000000
2020-08-03 07:27:52.886000,8.78654,8.78473,1000000,1000000
2020-08-03 07:27:53.897000,8.78654,8.78463,1000000,1000000
2020-08-03 07:27:54.202000,8.78654,8.78473,1000000,1000000
2020-08-03 07:27:55.439000,8.78654,8.78483,1000000,1000000
2020-08-03 07:27:55.541000,8.78654,8.78493,1000000,1000000
2020-08-03 07:27:55.648000,8.78654,8.78485,1000000,1000000
2020-08-03 07:27:55.699000,8.78654,8.78493,1000000,1000000
2020-08-03 07:27:55.750000,8.78669,8.78503,1000000,1000000
2020-08-03 07:27:55.951000,8.78669,8.78508,1000000,1000000
2020-08-03 07:27:56.052000,8.78683,8.78508,1000000,1000000
2020-08-03 07:27:56.103000,8.78683,8.78513,1000000,1000000
2020-08-03 07:27:56.204000,8.78683,8.7852,1000000,1000000
2020-08-03 07:27:56.370000,8.78683,8.78503,1000000,1000000
2020-08-03 07:27:56.421000,8.78682,8.78513,1000000,1000000
2020-08-03 07:27:57.198000,8.78682,8.78491,1000000,1000000
2020-08-03 07:27:57.248000,8.78626,8.78491,1000000,1000000
2020-08-03 07:27:57.299000,8.78631,8.78491,1000000,1000000
2020-08-03 07:27:57.400000,8.78625,8.78423,1000000,1000000
2020-08-03 07:27:57.450000,8.78617,8.78433,1000000,1000000
2020-08-03 07:27:57.501000,8.78617,8.78424,1000000,1000000
2020-08-03 07:27:57.551000,8.78612,8.78424,1000000,1000000
2020-08-03 07:27:57.779000,8.78612,8.78433,1000000,1000000
2020-08-03 07:27:58.172000,8.78612,8.78443,1000000,1000000
2020-08-03 07:27:58.222000,8.78624,8.78443,1000000,1000000
2020-08-03 07:27:58.963000,8.78624,8.78433,1000000,1000000
2020-08-03 07:28:00.493000,8.78605,8.78423,1000000,1000000
2020-08-03 07:28:01.749000,8.78592,8.78423,1000000,1000000
2020-08-03 07:28:01.799000,8.7859,8.78413,1000000,1000000
2020-08-03 07:28:01.850000,8.78582,8.78403,1000000,1000000
2020-08-03 07:28:01.951000,8.78554,8.78389,1000000,1000000
2020-08-03 07:28:02.001000,8.78561,8.78383,1000000,1000000
2020-08-03 07:28:02.202000,8.78561,8.78404,1000000,1000000
2020-08-03 07:28:02.253000,8.78569,8.78404,1000000,1000000
2020-08-03 07:28:02.304000,8.78586,8.78404,1000000,1000000
2020-08-03 07:28:03.865000,8.78586,8.78413,1000000,1000000
2020-08-03 07:28:03.966000,8.78595,8.78413,1000000,1000000
2020-08-03 07:28:04.067000,8.78595,8.78406,1000000,1000000
2020-08-03 07:28:04.117000,8.78595,8.78413,1000000,1000000
2020-08-03 07:28:04.218000,8.78594,8.78406,1000000,1000000
2020-08-03 07:28:04.268000,8.78594,8.78413,1000000,1000000
2020-08-03 07:28:04.319000,8.78594,8.78411,1000000,1000000
2020-08-03 07:28:04.470000,8.78594,8.78403,1000000,1000000
2020-08-03 07:28:04.649000,8.78594,8.78414,1000000,1000000
2020-08-03 07:28:04.801000,8.78594,8.78403,1000000,1000000
2020-08-03 07:28:05.185000,8.78594,8.78401,1000000,1000000
2020-08-03 07:28:05.628000,8.78594,8.78403,1000000,1000000
2020-08-03 07:28:05.732000,8.78595,8.78413,1000000,1000000
2020-08-03 07:28:06.544000,8.7861,8.78413,1000000,1000000
2020-08-03 07:28:06.775000,8.7861,8.78423,1000000,1000000
2020-08-03 07:28:06.876000,8.78624,8.78433,1000000,1000000
2020-08-03 07:28:07.027000,8.78624,8.78423,1000000,1000000
2020-08-03 07:28:07.178000,8.78624,8.78433,1000000,1000000
2020-08-03 07:28:07.341000,8.78624,8.78423,1000000,1500000
2020-08-03 07:28:08.018000,8.78624,8.78443,1000000,1000000
2020-08-03 07:28:08.068000,8.78634,8.78443,1000000,1000000
2020-08-03 07:28:08.119000,8.7865,8.78453,1000000,1000000
2020-08-03 07:28:08.270000,8.7865,8.78444,1000000,1000000
2020-08-03 07:28:08.321000,8.78662,8.78444,1000000,1000000
2020-08-03 07:28:08.371000,8.78662,8.7845,1000000,1000000
2020-08-03 07:28:08.829000,8.78662,8.78453,1000000,1000000
2020-08-03 07:28:08.930000,8.78662,8.78457,1000000,1000000
2020-08-03 07:28:09.031000,8.78671,8.78473,1000000,1000000
2020-08-03 07:28:09.082000,8.78689,8.78473,1000000,1000000
2020-08-03 07:28:09.132000,8.78689,8.78479,1000000,1000000
2020-08-03 07:28:09.334000,8.78683,8.78469,1000000,1000000
2020-08-03 07:28:09.385000,8.78676,8.78469,1000000,1000000
2020-08-03 07:28:09.504000,8.78676,8.78464,1000000,1000000
2020-08-03 07:28:09.930000,8.78676,8.78468,1000000,1000000
2020-08-03 07:28:10.031000,8.78656,8.78468,1000000,1000000
2020-08-03 07:28:10.183000,8.78656,8.78453,1000000,1000000
2020-08-03 07:28:10.344000,8.78656,8.78448,1000000,1000000
2020-08-03 07:28:11.056000,8.78656,8.78453,1000000,1000000
2020-08-03 07:28:11.106000,8.78668,8.78454,1000000,1000000
2020-08-03 07:28:11.157000,8.78671,8.78456,1000000,1000000
2020-08-03 07:28:11.259000,8.78671,8.78474,1000000,1000000
2020-08-03 07:28:11.645000,8.78658,8.78467,1000000,1000000
2020-08-03 07:28:11.847000,8.78658,8.78453,1000000,1000000
2020-08-03 07:28:12.943000,8.78658,8.78451,1000000,1000000
2020-08-03 07:28:13.998000,8.78658,8.78454,1000000,1000000
2020-08-03 07:28:14.671000,8.78658,8.78462,1000000,1000000
2020-08-03 07:28:14.788000,8.78655,8.78462,1000000,1000000
2020-08-03 07:28:14.958000,8.78655,8.78468,1000000,1000000
2020-08-03 07:28:15.973000,8.78655,8.78464,1000000,1000000
2020-08-03 07:28:17.805000,8.78655,8.78459,1000000,1000000
2020-08-03 07:28:20.534000,8.78655,8.78458,1000000,1000000
2020-08-03 07:28:21.667000,8.78655,8.78478,1000000,1000000
2020-08-03 07:28:21.718000,8.78663,8.78478,1000000,1000000
2020-08-03 07:28:21.844000,8.78673,8.78484,1000000,1000000
2020-08-03 07:28:23.285000,8.78673,8.78488,1000000,1000000
2020-08-03 07:28:24.320000,8.78667,8.78483,1000000,1000000
2020-08-03 07:28:24.421000,8.78656,8.78479,1000000,1000000
2020-08-03 07:28:24.521000,8.78656,8.7846,1000000,1000000
2020-08-03 07:28:25.468000,8.78656,8.78463,1000000,1000000
2020-08-03 07:28:26.117000,8.78656,8.7846,1000000,1000000
2020-08-03 07:28:26.633000,8.78642,8.78455,1000000,1000000
2020-08-03 07:28:26.734000,8.7864,8.78455,1000000,1000000
2020-08-03 07:28:26.852000,8.7864,8.7846,1000000,1000000
2020-08-03 07:28:27.599000,8.7864,8.78456,1000000,1000000
2020-08-03 07:28:27.818000,8.7864,8.78461,1000000,1000000
2020-08-03 07:28:28.445000,8.7864,8.78457,1000000,1000000
2020-08-03 07:28:29.663000,8.7864,8.78447,1000000,1000000
2020-08-03 07:28:29.714000,8.7864,8.78474,1000000,1000000
2020-08-03 07:28:29.897000,8.7864,8.78483,1000000,1000000
2020-08-03 07:28:29.998000,8.7864,8.78493,1000000,1000000
2020-08-03 07:28:30.301000,8.7864,8.78483,1000000,1000000
2020-08-03 07:28:30.401000,8.7864,8.78473,1000000,1000000
2020-08-03 07:28:30.700000,8.7864,8.78483,1000000,1000000
2020-08-03 07:28:30.801000,8.7864,8.78493,1000000,1000000
2020-08-03 07:28:30.852000,8.78653,8.78483,1000000,1000000
2020-08-03 07:28:30.902000,8.7866,8.78493,1000000,1000000
2020-08-03 07:28:30.953000,8.78654,8.78483,1000000,1000000
2020-08-03 07:28:31.719000,8.78654,8.78474,1000000,1000000
2020-08-03 07:28:31.770000,8.78641,8.78474,1000000,1000000
2020-08-03 07:28:32.528000,8.78619,8.78464,1000000,1000000
2020-08-03 07:28:32.975000,8.78608,8.78464,1000000,1000000
2020-08-03 07:28:33.025000,8.78629,8.78473,1000000,1000000
2020-08-03 07:28:33.076000,8.78629,8.78483,1000000,1000000
2020-08-03 07:28:33.227000,8.78629,8.78473,1000000,1000000
2020-08-03 07:28:33.882000,8.78635,8.78473,1000000,1000000
2020-08-03 07:28:33.933000,8.78635,8.78483,1000000,1000000
2020-08-03 07:28:35.744000,8.78635,8.78473,1000000,1000000
2020-08-03 07:28:37.297000,8.78635,8.78475,1000000,1000000
2020-08-03 07:28:37.500000,8.78635,8.78473,1000000,1000000
2020-08-03 07:28:37.956000,8.78635,8.78483,1000000,1000000
2020-08-03 07:28:38.301000,8.78635,8.78473,1000000,1000000
2020-08-03 07:28:38.401000,8.78611,8.78453,1000000,1000000
2020-08-03 07:28:38.552000,8.78611,8.78463,1000000,1000000
2020-08-03 07:28:38.653000,8.78611,8.78453,1000000,1000000
2020-08-03 07:28:38.716000,8.78611,8.78463,1000000,1000000
2020-08-03 07:28:39.477000,8.78611,8.78473,1000000,1000000
2020-08-03 07:28:39.528000,8.78611,8.78463,1000000,1000000
2020-08-03 07:28:40.908000,8.78611,8.78453,1000000,1000000
2020-08-03 07:28:41.704000,8.78581,8.78423,1000000,1000000
2020-08-03 07:28:41.805000,8.78587,8.78433,1000000,1000000
2020-08-03 07:28:41.855000,8.78593,8.78433,1000000,1000000
2020-08-03 07:28:43.899000,8.78598,8.78433,1000000,1500000
2020-08-03 07:28:44.050000,8.78599,8.78434,1000000,1000000
2020-08-03 07:28:44.201000,8.78599,8.78433,1000000,1000000
2020-08-03 07:28:44.403000,8.78599,8.78441,1000000,1000000
2020-08-03 07:28:44.954000,8.78579,8.78405,1000000,1000000
2020-08-03 07:28:45.004000,8.78591,8.78433,1000000,1000000
2020-08-03 07:28:45.544000,8.78586,8.78414,1000000,1000000
2020-08-03 07:28:46.389000,8.78586,8.78423,1000000,1000000
2020-08-03 07:28:46.440000,8.78586,8.78421,1000000,1000000
2020-08-03 07:28:47.908000,8.78586,8.78414,1000000,1000000
2020-08-03 07:28:47.958000,8.78593,8.78433,1000000,1000000
2020-08-03 07:28:49.065000,8.786,8.78433,1000000,1500000
2020-08-03 07:28:51.364000,8.7858,8.78433,1000000,1000000
2020-08-03 07:28:51.474000,8.7858,8.78423,1000000,1000000
2020-08-03 07:28:51.672000,8.7858,8.78428,1000000,1000000
2020-08-03 07:28:52.116000,8.7858,8.78425,1000000,1000000
2020-08-03 07:28:52.594000,8.786,8.78425,1000000,1000000
2020-08-03 07:28:52.977000,8.786,8.78427,1000000,1000000
2020-08-03 07:28:53.484000,8.786,8.78423,1000000,1000000
2020-08-03 07:28:53.837000,8.786,8.78426,1000000,1000000
2020-08-03 07:28:54.019000,8.786,8.78425,1000000,1000000
2020-08-03 07:28:54.070000,8.78611,8.78425,1000000,1000000
2020-08-03 07:28:54.171000,8.78611,8.78437,1000000,1000000
2020-08-03 07:28:56.313000,8.78615,8.78444,1000000,1000000
2020-08-03 07:28:56.363000,8.78615,8.78441,1000000,1000000
2020-08-03 07:28:56.464000,8.78615,8.78463,1000000,1000000
2020-08-03 07:28:56.515000,8.78629,8.78453,1000000,1000000
2020-08-03 07:28:56.615000,8.78629,8.78463,1000000,1000000
2020-08-03 07:28:56.666000,8.78629,8.78454,1000000,1000000
2020-08-03 07:28:56.716000,8.78629,8.78463,1000000,1000000
2020-08-03 07:28:56.767000,8.78629,8.78455,1000000,1000000
2020-08-03 07:28:57.271000,8.78631,8.78463,1000000,1000000
2020-08-03 07:28:57.473000,8.78631,8.78465,1000000,1000000
2020-08-03 07:28:58.092000,8.78617,8.78454,1000000,1000000
2020-08-03 07:28:58.143000,8.78617,8.78443,1000000,1500000
2020-08-03 07:28:58.193000,8.78617,8.78453,1000000,1000000
2020-08-03 07:28:58.244000,8.78617,8.78443,1000000,1500000
2020-08-03 07:28:58.294000,8.78617,8.78453,1000000,1000000
2020-08-03 07:28:58.484000,8.78617,8.78455,1000000,1000000
2020-08-03 07:28:59.339000,8.78617,8.78463,1000000,1000000
2020-08-03 07:29:01.117000,8.7862,8.78463,1000000,1000000
2020-08-03 07:29:01.168000,8.7864,8.78463,1000000,1000000
2020-08-03 07:29:01.219000,8.78669,8.78476,1000000,1500000
2020-08-03 07:29:01.320000,8.78683,8.78499,1000000,1000000
2020-08-03 07:29:01.521000,8.78683,8.78485,1000000,1500000
2020-08-03 07:29:01.623000,8.78683,8.78485,1000000,1500000
2020-08-03 07:29:01.724000,8.78683,8.78485,1000000,1500000
2020-08-03 07:29:02.332000,8.78683,8.78485,1000000,1000000
2020-08-03 07:29:02.492000,8.78681,8.78484,1000000,1000000
2020-08-03 07:29:02.593000,8.7868,8.78483,1000000,1000000
2020-08-03 07:29:02.823000,8.78679,8.78476,1000000,1000000
2020-08-03 07:29:02.924000,8.78679,8.78483,1000000,1000000
2020-08-03 07:29:03.094000,8.78691,8.78483,1000000,1000000
2020-08-03 07:29:03.296000,8.78692,8.78497,1000000,1000000
2020-08-03 07:29:03.346000,8.78704,8.78478,1000000,1500000
2020-08-03 07:29:03.497000,8.78704,8.78478,1000000,1500000
2020-08-03 07:29:03.791000,8.78704,8.78484,1000000,1000000
2020-08-03 07:29:03.993000,8.78704,8.78493,1000000,1000000
2020-08-03 07:29:04.187000,8.78704,8.78478,1000000,1500000
2020-08-03 07:29:04.294000,8.7872,8.78501,1000000,1000000
2020-08-03 07:29:04.395000,8.78723,8.78502,1000000,1000000
2020-08-03 07:29:04.597000,8.78723,8.78501,1000000,1500000
2020-08-03 07:29:04.648000,8.78735,8.78508,1000000,1000000
2020-08-03 07:29:04.699000,8.78735,8.78513,1000000,1000000
2020-08-03 07:29:04.749000,8.78741,8.78507,1000000,1000000
2020-08-03 07:29:04.800000,8.78731,8.78521,1000000,1000000
2020-08-03 07:29:04.904000,8.78715,8.78521,1000000,1000000
2020-08-03 07:29:05.005000,8.78715,8.78491,1000000,1500000
2020-08-03 07:29:05.171000,8.78715,8.78491,1000000,1000000
2020-08-03 07:29:05.362000,8.78728,8.78503,1000000,1000000
2020-08-03 07:29:05.412000,8.78728,8.78517,1000000,1000000
2020-08-03 07:29:06.393000,8.78722,8.78517,1000000,1000000
2020-08-03 07:29:06.651000,8.78722,8.7852,1000000,1000000
2020-08-03 07:29:06.759000,8.78728,8.7852,1000000,1000000
2020-08-03 07:29:06.847000,8.78728,8.7851,1000000,1000000
2020-08-03 07:29:07.003000,8.78744,8.78516,1000000,1000000
2020-08-03 07:29:07.156000,8.78745,8.78513,1000000,1000000
2020-08-03 07:29:07.409000,8.78744,8.78513,1000000,1000000
2020-08-03 07:29:07.759000,8.7872,8.78495,1000000,1000000
2020-08-03 07:29:07.860000,8.78719,8.78495,1000000,1000000
2020-08-03 07:29:07.962000,8.78718,8.78497,1000000,1000000
2020-08-03 07:29:08.163000,8.7872,8.78514,1500000,1000000
2020-08-03 07:29:10.174000,8.78717,8.78514,1000000,1000000
2020-08-03 07:29:10.299000,8.78724,8.78514,1000000,1000000
2020-08-03 07:29:10.349000,8.78724,8.78517,1000000,1000000
2020-08-03 07:29:10.450000,8.78724,8.78524,1000000,1000000
2020-08-03 07:29:10.500000,8.78737,8.78524,1000000,1000000
2020-08-03 07:29:10.551000,8.78733,8.78513,1000000,1000000
2020-08-03 07:29:10.654000,8.78737,8.78513,1000000,1000000
2020-08-03 07:29:10.754000,8.78737,8.78499,1000000,1000000
2020-08-03 07:29:10.805000,8.78737,8.78514,1000000,1000000
2020-08-03 07:29:11.093000,8.78709,8.78514,1000000,1000000
2020-08-03 07:29:11.144000,8.78722,8.78514,1000000,1000000
2020-08-03 07:29:11.245000,8.78728,8.78489,1000000,1000000
2020-08-03 07:29:11.562000,8.7874,8.78509,1000000,1000000
2020-08-03 07:29:11.779000,8.7874,8.78496,1000000,1000000
2020-08-03 07:29:12.758000,8.7874,8.78496,1000000,1500000
2020-08-03 07:29:12.859000,8.7873,8.78498,1000000,1000000
2020-08-03 07:29:13.010000,8.7873,8.78521,1000000,1000000
2020-08-03 07:29:13.111000,8.7874,8.78521,1000000,1000000
2020-08-03 07:29:13.322000,8.7874,8.78536,1000000,1000000
2020-08-03 07:29:13.578000,8.7874,8.78512,1000000,1000000
2020-08-03 07:29:13.729000,8.7874,8.78533,1000000,1000000
2020-08-03 07:29:13.892000,8.78727,8.78533,1000000,1000000
2020-08-03 07:29:13.943000,8.78727,8.78496,1000000,1000000
2020-08-03 07:29:13.993000,8.78713,8.78491,1000000,1500000
2020-08-03 07:29:14.144000,8.78713,8.78491,1000000,1500000
2020-08-03 07:29:14.328000,8.78713,8.78493,1000000,1000000
2020-08-03 07:29:14.742000,8.78713,8.78498,1000000,1000000
2020-08-03 07:29:14.793000,8.78713,8.78493,1000000,1000000
2020-08-03 07:29:14.994000,8.78713,8.78513,1000000,1000000
2020-08-03 07:29:15.196000,8.78713,8.78515,1000000,1000000
2020-08-03 07:29:15.841000,8.78713,8.78519,1000000,1000000
2020-08-03 07:29:15.942000,8.78735,8.78519,1000000,1000000
2020-08-03 07:29:16.004000,8.78735,8.78516,1000000,1000000
2020-08-03 07:29:16.212000,8.78735,8.78539,1000000,1000000
2020-08-03 07:29:16.313000,8.78739,8.78539,1000000,1000000
2020-08-03 07:29:16.466000,8.78739,8.78523,1000000,1000000
2020-08-03 07:29:16.609000,8.78739,8.78529,1000000,1000000
2020-08-03 07:29:16.834000,8.78738,8.78529,1000000,1000000
2020-08-03 07:29:18.315000,8.78744,8.78529,1000000,1000000
2020-08-03 07:29:18.366000,8.78732,8.78529,1000000,1000000
2020-08-03 07:29:18.417000,8.78742,8.78526,1000000,1000000
2020-08-03 07:29:18.853000,8.78742,8.78545,1000000,1000000
2020-08-03 07:29:19.005000,8.78742,8.78544,1000000,1000000
2020-08-03 07:29:19.427000,8.78732,8.78517,1000000,1000000
2020-08-03 07:29:19.478000,8.78733,8.78525,1000000,1000000
2020-08-03 07:29:19.579000,8.78742,8.78532,1000000,1000000
2020-08-03 07:29:19.680000,8.78734,8.78528,1000000,1000000
2020-08-03 07:29:19.731000,8.78743,8.78528,1500000,1000000
2020-08-03 07:29:19.831000,8.78743,8.7854,1000000,1000000
2020-08-03 07:29:19.933000,8.78743,8.78538,1000000,1000000
2020-08-03 07:29:20.053000,8.7875,8.78538,1000000,1000000
2020-08-03 07:29:20.837000,8.78741,8.78524,1000000,1000000
2020-08-03 07:29:20.888000,8.78742,8.78518,1000000,1000000
2020-08-03 07:29:20.939000,8.78742,8.78512,1000000,1000000
2020-08-03 07:29:20.989000,8.78752,8.7853,1000000,1000000
2020-08-03 07:29:21.040000,8.7875,8.78518,1000000,1000000
2020-08-03 07:29:21.090000,8.78747,8.78529,1000000,1000000
2020-08-03 07:29:21.260000,8.78747,8.7853,1500000,1000000
2020-08-03 07:29:21.412000,8.78746,8.7853,1000000,1000000
2020-08-03 07:29:21.563000,8.78747,8.7853,1000000,1000000
2020-08-03 07:29:21.936000,8.78747,8.78537,1000000,1000000
2020-08-03 07:29:22.517000,8.78747,8.78552,1000000,1000000
2020-08-03 07:29:22.567000,8.78754,8.78552,1000000,1000000
2020-08-03 07:29:22.618000,8.78756,8.78552,1000000,1000000
2020-08-03 07:29:22.669000,8.78743,8.78552,1000000,1000000
2020-08-03 07:29:22.719000,8.78743,8.78529,1000000,1000000
2020-08-03 07:29:24.979000,8.78743,8.7855,1000000,1000000
2020-08-03 07:29:25.264000,8.78743,8.78529,1000000,1000000
2020-08-03 07:29:25.660000,8.78731,8.78525,1000000,1000000
2020-08-03 07:29:26.152000,8.78731,8.78524,1000000,1000000
2020-08-03 07:29:26.617000,8.78748,8.78548,1000000,1000000
2020-08-03 07:29:26.768000,8.78748,8.78555,1000000,1000000
2020-08-03 07:29:27.564000,8.78748,8.78557,1000000,1000000
2020-08-03 07:29:29.140000,8.78761,8.78559,1000000,1000000
2020-08-03 07:29:30.666000,8.7876,8.78557,1000000,1500000
2020-08-03 07:29:31.124000,8.78751,8.78543,1000000,1000000
2020-08-03 07:29:31.575000,8.78751,8.78554,1000000,1000000
2020-08-03 07:29:31.677000,8.7876,8.78577,1000000,1000000
2020-08-03 07:29:31.778000,8.7876,8.78584,1000000,1000000
2020-08-03 07:29:31.829000,8.78793,8.78605,1000000,1000000
2020-08-03 07:29:31.880000,8.78782,8.78606,1000000,1000000
2020-08-03 07:29:31.931000,8.7877,8.78593,1000000,1000000
2020-08-03 07:29:32.174000,8.78765,8.78581,1000000,1000000
2020-08-03 07:29:32.534000,8.7877,8.78586,1000000,1000000
2020-08-03 07:29:33.113000,8.78783,8.78589,1000000,1000000
2020-08-03 07:29:33.163000,8.78791,8.78602,1000000,1000000
2020-08-03 07:29:33.264000,8.78776,8.78594,1000000,1000000
2020-08-03 07:29:33.315000,8.78764,8.7858,1000000,1500000
2020-08-03 07:29:33.421000,8.78763,8.78576,1000000,1000000
2020-08-03 07:29:33.472000,8.78768,8.78576,1000000,1000000
2020-08-03 07:29:33.839000,8.78778,8.78591,1000000,1000000
2020-08-03 07:29:34.023000,8.78776,8.78589,1000000,1000000
2020-08-03 07:29:34.125000,8.78771,8.78589,1000000,1000000
2020-08-03 07:29:34.214000,8.78771,8.78586,1000000,1000000
2020-08-03 07:29:34.415000,8.78772,8.78586,1000000,1000000
2020-08-03 07:29:34.576000,8.78772,8.78588,1000000,1000000
2020-08-03 07:29:34.677000,8.78772,8.78586,1000000,1500000
2020-08-03 07:29:36.094000,8.78772,8.78589,1000000,1000000
2020-08-03 07:29:36.144000,8.78774,8.78589,1000000,1500000
2020-08-03 07:29:36.311000,8.78774,8.78594,1000000,1000000
2020-08-03 07:29:36.365000,8.7878,8.78596,1000000,1000000
2020-08-03 07:29:36.474000,8.7878,8.78598,1000000,1000000
2020-08-03 07:29:36.627000,8.78788,8.78602,1000000,1000000
2020-08-03 07:29:36.728000,8.78788,8.78603,1000000,1000000
2020-08-03 07:29:36.879000,8.78803,8.78617,1000000,1000000
2020-08-03 07:29:37.041000,8.78803,8.78621,1000000,1000000
2020-08-03 07:29:37.228000,8.78818,8.78632,1000000,1000000
2020-08-03 07:29:37.725000,8.78818,8.78634,1000000,1000000
2020-08-03 07:29:37.952000,8.78827,8.78641,1000000,1000000
2020-08-03 07:29:38.103000,8.7885,8.78669,1000000,1000000
2020-08-03 07:29:38.153000,8.78841,8.78659,1000000,1000000
2020-08-03 07:29:38.254000,8.78827,8.78659,1000000,1000000
2020-08-03 07:29:38.355000,8.78827,8.78646,1000000,1000000
2020-08-03 07:29:38.841000,8.78827,8.78648,1000000,1000000
2020-08-03 07:29:39.400000,8.78849,8.78668,1000000,1000000
2020-08-03 07:29:39.501000,8.78861,8.78674,1000000,1000000
2020-08-03 07:29:39.551000,8.78861,8.78689,1000000,1000000
2020-08-03 07:29:39.602000,8.78887,8.78711,1000000,1000000
2020-08-03 07:29:39.703000,8.78865,8.78689,1000000,1000000
2020-08-03 07:29:39.753000,8.78859,8.78677,1000000,1000000
2020-08-03 07:29:39.804000,8.78868,8.78693,1000000,1000000
2020-08-03 07:29:39.854000,8.78891,8.78713,1000000,1000000
2020-08-03 07:29:40.005000,8.78896,8.78713,1000000,1000000
2020-08-03 07:29:40.234000,8.78894,8.78713,1000000,1000000
2020-08-03 07:29:40.335000,8.7888,8.787,1000000,1000000
2020-08-03 07:29:40.554000,8.78873,8.78691,1000000,1500000
2020-08-03 07:29:40.756000,8.7889,8.78718,1000000,1000000
2020-08-03 07:29:40.889000,8.78896,8.78718,1000000,1000000
2020-08-03 07:29:40.990000,8.78887,8.78718,1000000,1000000
2020-08-03 07:29:41.091000,8.78896,8.78718,1000000,1000000
2020-08-03 07:29:41.303000,8.78877,8.78705,1000000,1000000
2020-08-03 07:29:41.404000,8.78838,8.78659,1000000,1000000
2020-08-03 07:29:41.454000,8.78838,8.78662,1000000,1000000
2020-08-03 07:29:41.707000,8.78866,8.78682,1000000,1000000
2020-08-03 07:29:41.912000,8.78866,8.78677,1000000,1000000
2020-08-03 07:29:41.963000,8.78862,8.78677,1000000,1000000
2020-08-03 07:29:42.116000,8.78862,8.78673,1000000,1000000
2020-08-03 07:29:42.166000,8.7884,8.78669,1000000,1000000
2020-08-03 07:29:42.318000,8.7884,8.78657,1000000,1000000
2020-08-03 07:29:42.587000,8.78848,8.7866,1000000,1000000
2020-08-03 07:29:42.643000,8.78848,8.78664,1000000,1000000
2020-08-03 07:29:42.744000,8.78834,8.78652,1000000,1000000
2020-08-03 07:29:42.902000,8.78834,8.78656,1000000,1000000
2020-08-03 07:29:43.990000,8.78832,8.78659,1000000,1000000
2020-08-03 07:29:44.171000,8.78832,8.78651,1000000,1000000
2020-08-03 07:29:44.272000,8.78846,8.78659,1500000,1000000
2020-08-03 07:29:44.372000,8.78839,8.78659,1000000,1000000
2020-08-03 07:29:44.574000,8.78839,8.78654,1000000,1000000
2020-08-03 07:29:45.923000,8.78839,8.7865,1000000,1000000
2020-08-03 07:29:46.081000,8.78839,8.78654,1000000,1000000
2020-08-03 07:29:46.432000,8.78839,8.78651,1000000,1000000
2020-08-03 07:29:46.846000,8.78854,8.78658,1000000,1000000
2020-08-03 07:29:47.006000,8.78843,8.78656,1000000,1000000
2020-08-03 07:29:47.107000,8.78843,8.78655,1000000,1000000
2020-08-03 07:29:47.258000,8.78838,8.78652,1000000,1000000
2020-08-03 07:29:47.463000,8.78822,8.78644,1000000,1000000
2020-08-03 07:29:47.879000,8.78822,8.78628,1000000,1000000
2020-08-03 07:29:48.065000,8.78822,8.78641,1000000,1000000
2020-08-03 07:29:48.260000,8.78822,8.78629,1000000,1000000
2020-08-03 07:29:48.672000,8.78822,8.78634,1000000,1000000
2020-08-03 07:29:49.503000,8.78822,8.78646,1000000,1000000
2020-08-03 07:29:50.647000,8.78812,8.78633,1000000,1000000
2020-08-03 07:29:50.848000,8.78812,8.78638,1000000,1000000
2020-08-03 07:29:51.013000,8.78812,8.78651,1000000,1000000
2020-08-03 07:29:51.215000,8.78812,8.78637,1000000,1000000
2020-08-03 07:29:51.416000,8.78812,8.78633,1000000,1000000
2020-08-03 07:29:51.659000,8.78822,8.78655,1000000,1000000
2020-08-03 07:29:51.760000,8.78822,8.78659,1000000,1000000
2020-08-03 07:29:51.911000,8.78822,8.78654,1000000,1000000
2020-08-03 07:29:51.961000,8.78807,8.78654,1000000,1000000
2020-08-03 07:29:52.282000,8.78807,8.78636,1000000,1000000
2020-08-03 07:29:52.839000,8.78807,8.78632,1000000,1000000
2020-08-03 07:29:54.227000,8.78807,8.78647,1000000,1000000
2020-08-03 07:29:54.450000,8.78807,8.78635,1000000,1000000
2020-08-03 07:29:54.630000,8.78807,8.78633,1000000,1000000
2020-08-03 07:29:55.705000,8.78807,8.78637,1000000,1000000
2020-08-03 07:29:56.030000,8.78821,8.78637,1000000,1000000
2020-08-03 07:29:56.131000,8.78821,8.78661,1000000,1000000
2020-08-03 07:29:56.759000,8.78821,8.78657,1000000,1000000
2020-08-03 07:29:57.617000,8.78821,8.78656,1000000,1000000
2020-08-03 07:29:58.170000,8.78821,8.78639,1000000,1000000
2020-08-03 07:29:58.372000,8.78821,8.78652,1000000,1000000
2020-08-03 07:29:58.657000,8.78821,8.78656,1000000,1000000
2020-08-03 07:29:59.891000,8.78809,8.78656,1000000,1000000
2020-08-03 07:30:00.054000,8.78809,8.78641,1000000,1000000
2020-08-03 07:30:00.166000,8.78807,8.78641,1000000,1000000
2020-08-03 07:30:01.155000,8.78807,8.78637,1000000,1000000
2020-08-03 07:30:01.573000,8.78807,8.7864,1000000,1000000
2020-08-03 07:30:01.724000,8.78807,8.78648,1000000,1000000
2020-08-03 07:30:01.825000,8.78807,8.78653,1000000,1000000
2020-08-03 07:30:02.379000,8.78807,8.78648,1000000,1000000
2020-08-03 07:30:03.445000,8.78807,8.78646,1000000,1000000
2020-08-03 07:30:03.977000,8.78807,8.78642,1000000,1000000
2020-08-03 07:30:04.179000,8.78807,8.78655,1000000,1000000
2020-08-03 07:30:04.794000,8.78807,8.78649,1000000,1000000
2020-08-03 07:30:07.509000,8.78808,8.78649,1000000,1000000
2020-08-03 07:30:07.610000,8.78808,8.78648,1000000,1000000
2020-08-03 07:30:08.242000,8.78808,8.7865,1000000,1000000
2020-08-03 07:30:10.012000,8.78808,8.78648,1000000,1000000
2020-08-03 07:30:10.952000,8.78806,8.78643,1000000,1000000
2020-08-03 07:30:11.003000,8.78787,8.78643,1000000,1000000
2020-08-03 07:30:11.054000,8.78794,8.78643,1000000,1000000
2020-08-03 07:30:11.155000,8.78794,8.78642,1000000,1000000
2020-08-03 07:30:11.621000,8.78794,8.78647,1000000,1000000
2020-08-03 07:30:11.671000,8.788,8.78649,1000000,1000000
2020-08-03 07:30:11.923000,8.788,8.78645,1000000,1000000
2020-08-03 07:30:12.253000,8.78814,8.78664,1000000,1000000
2020-08-03 07:30:12.303000,8.78817,8.78664,1000000,1000000
2020-08-03 07:30:12.434000,8.78817,8.78663,1000000,1000000
2020-08-03 07:30:12.485000,8.78814,8.78663,1000000,1000000
2020-08-03 07:30:12.639000,8.78814,8.78646,1000000,1000000
2020-08-03 07:30:12.991000,8.78814,8.7865,1000000,1000000
2020-08-03 07:30:13.596000,8.78814,8.78649,1000000,1000000
2020-08-03 07:30:13.854000,8.78829,8.78649,1000000,1000000
2020-08-03 07:30:13.904000,8.78829,8.78661,1000000,1000000
2020-08-03 07:30:14.106000,8.78829,8.7866,1000000,1000000
2020-08-03 07:30:14.207000,8.78837,8.7866,1000000,1000000
2020-08-03 07:30:14.308000,8.78837,8.78672,1000000,1000000
2020-08-03 07:30:15.381000,8.78837,8.78666,1000000,1000000
2020-08-03 07:30:15.482000,8.78836,8.78666,1000000,1000000
2020-08-03 07:30:15.582000,8.78836,8.78661,1000000,1000000
2020-08-03 07:30:16.652000,8.78836,8.78658,1000000,1000000
2020-08-03 07:30:17.636000,8.78836,8.78657,1000000,1000000
2020-08-03 07:30:18.983000,8.78837,8.7865,1000000,1000000
2020-08-03 07:30:19.084000,8.78846,8.7865,1000000,1000000
2020-08-03 07:30:19.185000,8.78849,8.78679,1000000,1000000
2020-08-03 07:30:19.296000,8.78836,8.78679,1000000,1000000
2020-08-03 07:30:19.498000,8.78836,8.78668,1000000,1000000
2020-08-03 07:30:19.861000,8.78836,8.78673,1000000,1000000
2020-08-03 07:30:19.962000,8.78834,8.78673,1000000,1000000
2020-08-03 07:30:20.063000,8.78822,8.7865,1000000,1000000
2020-08-03 07:30:20.252000,8.78822,8.7866,1000000,1000000
2020-08-03 07:30:21.828000,8.78842,8.78663,1000000,1000000
2020-08-03 07:30:21.929000,8.78837,8.78665,1000000,1000000
2020-08-03 07:30:22.258000,8.78837,8.78666,1000000,1000000
2020-08-03 07:30:22.774000,8.78828,8.78657,1000000,1000000
2020-08-03 07:30:22.926000,8.78821,8.78657,1000000,1000000
2020-08-03 07:30:22.976000,8.78821,8.78653,1000000,1000000
2020-08-03 07:30:23.027000,8.78829,8.78653,1000000,1000000
2020-08-03 07:30:23.179000,8.78829,8.78667,1000000,1000000
2020-08-03 07:30:24.007000,8.78837,8.78666,1000000,1000000
2020-08-03 07:30:24.209000,8.78837,8.7867,1000000,1000000
2020-08-03 07:30:24.988000,8.78843,8.7867,1000000,1000000
2020-08-03 07:30:25.448000,8.78843,8.78669,1000000,1000000
2020-08-03 07:30:26.534000,8.78843,8.78665,1000000,1000000
2020-08-03 07:30:30.247000,8.78853,8.78693,1000000,1000000
2020-08-03 07:30:30.297000,8.78852,8.78683,1000000,1000000
2020-08-03 07:30:30.348000,8.78849,8.78683,1000000,1000000
2020-08-03 07:30:30.398000,8.78849,8.78674,1000000,1000000
2020-08-03 07:30:30.449000,8.78849,8.78683,1000000,1000000
2020-08-03 07:30:30.499000,8.78849,8.78663,1000000,1000000
2020-08-03 07:30:30.600000,8.78825,8.78663,1000000,1000000
2020-08-03 07:30:30.802000,8.78825,8.78653,1000000,1000000
2020-08-03 07:30:30.903000,8.78825,8.78663,1000000,1000000
2020-08-03 07:30:31.346000,8.78823,8.78663,1000000,1000000
2020-08-03 07:30:31.397000,8.78823,8.78623,1000000,1000000
2020-08-03 07:30:31.502000,8.78813,8.78623,1000000,1000000
2020-08-03 07:30:31.602000,8.78813,8.78613,1000000,1000000
2020-08-03 07:30:31.653000,8.78813,8.78623,1000000,1000000
2020-08-03 07:30:31.754000,8.78813,8.78613,1000000,1000000
2020-08-03 07:30:31.882000,8.78813,8.78623,1000000,1000000
2020-08-03 07:30:31.932000,8.78826,8.78623,1000000,1000000
2020-08-03 07:30:31.983000,8.78824,8.78633,1000000,1000000
2020-08-03 07:30:32.084000,8.78824,8.78623,1000000,1000000
2020-08-03 07:30:32.134000,8.78824,8.78633,1000000,1000000
2020-08-03 07:30:32.185000,8.78824,8.78619,1000000,1000000
2020-08-03 07:30:32.236000,8.78824,8.78623,1000000,1000000
2020-08-03 07:30:32.286000,8.78824,8.78619,1000000,1000000
2020-08-03 07:30:32.337000,8.78824,8.78624,1000000,1000000
2020-08-03 07:30:32.488000,8.78824,8.78623,1000000,1000000
2020-08-03 07:30:33.281000,8.78834,8.78636,1000000,1000000
2020-08-03 07:30:34.746000,8.7884,8.78638,1000000,1000000
2020-08-03 07:30:34.906000,8.78841,8.78638,1000000,1000000
2020-08-03 07:30:36.138000,8.78833,8.78633,1000000,1000000
2020-08-03 07:30:36.591000,8.7882,8.7862,1000000,1000000
2020-08-03 07:30:36.692000,8.78797,8.78597,1000000,1000000
2020-08-03 07:30:36.843000,8.78788,8.78593,1000000,1000000
2020-08-03 07:30:36.994000,8.7879,8.78593,1000000,1000000
2020-08-03 07:30:37.369000,8.7879,8.78613,1000000,1000000
2020-08-03 07:30:37.420000,8.78804,8.78623,1000000,1000000
2020-08-03 07:30:37.471000,8.78804,8.78604,1000000,1000000
2020-08-03 07:30:38.236000,8.78804,8.78613,1000000,1000000
2020-08-03 07:30:38.337000,8.78804,8.78604,1000000,1000000
2020-08-03 07:30:38.639000,8.78796,8.78601,1000000,1000000
2020-08-03 07:30:39.466000,8.78796,8.78603,1000000,1000000
2020-08-03 07:30:39.567000,8.7881,8.78625,1000000,1000000
2020-08-03 07:30:40.362000,8.78821,8.78621,1000000,1000000
2020-08-03 07:30:40.717000,8.78814,8.78614,1000000,1000000
2020-08-03 07:30:43.306000,8.78797,8.78613,1000000,1000000
2020-08-03 07:30:43.357000,8.7879,8.78596,1000000,1000000
2020-08-03 07:30:43.573000,8.78787,8.78596,1000000,1000000
2020-08-03 07:30:43.623000,8.7879,8.78596,1000000,1000000
2020-08-03 07:30:43.688000,8.78787,8.78596,1000000,1000000
2020-08-03 07:30:43.738000,8.7879,8.78596,1000000,1000000
2020-08-03 07:30:43.789000,8.78787,8.78596,1000000,1000000
2020-08-03 07:30:43.967000,8.7879,8.78596,1000000,1000000
2020-08-03 07:30:44.324000,8.78798,8.78598,1000000,1000000
2020-08-03 07:30:44.733000,8.78802,8.78601,1000000,1000000
2020-08-03 07:30:44.884000,8.78811,8.78611,1000000,1000000
2020-08-03 07:30:44.985000,8.78811,8.78613,1000000,1000000
2020-08-03 07:30:45.280000,8.78811,8.78611,1000000,1000000
2020-08-03 07:30:46.171000,8.78817,8.78632,1000000,1000000
2020-08-03 07:30:46.222000,8.78821,8.78632,1000000,1000000
2020-08-03 07:30:47.374000,8.78807,8.78623,1500000,1000000
2020-08-03 07:30:47.475000,8.78789,8.78609,1000000,1000000
2020-08-03 07:30:47.582000,8.78795,8.78615,1000000,1000000
2020-08-03 07:30:48.233000,8.78808,8.78623,1000000,1000000
2020-08-03 07:30:50.624000,8.78793,8.78608,1000000,1000000
2020-08-03 07:30:50.726000,8.78784,8.78604,1000000,1000000
2020-08-03 07:30:50.830000,8.78784,8.78608,1000000,1000000
2020-08-03 07:30:50.881000,8.78783,8.78605,1000000,1000000
2020-08-03 07:30:51.083000,8.78788,8.78617,1000000,1000000
2020-08-03 07:30:52.279000,8.78787,8.78617,1000000,1000000
2020-08-03 07:30:52.380000,8.78742,8.78569,1000000,1000000
2020-08-03 07:30:52.431000,8.78733,8.78566,1000000,1000000
2020-08-03 07:30:52.582000,8.78726,8.78566,1000000,1000000
2020-08-03 07:30:52.784000,8.78728,8.78566,1000000,1000000
2020-08-03 07:30:53.137000,8.78735,8.78566,1000000,1000000
2020-08-03 07:30:53.188000,8.78748,8.78572,1000000,1000000
2020-08-03 07:30:55.979000,8.78764,8.78588,1000000,1000000
2020-08-03 07:30:56.597000,8.78771,8.78595,1000000,1000000
2020-08-03 07:30:57.635000,8.78774,8.78595,1000000,1000000
2020-08-03 07:30:59.200000,8.78778,8.78605,1000000,1000000
2020-08-03 07:31:00.058000,8.78753,8.78582,1000000,1000000
2020-08-03 07:31:00.159000,8.78738,8.78567,1000000,1000000
2020-08-03 07:31:00.260000,8.78714,8.78556,1000000,1500000
2020-08-03 07:31:00.361000,8.78707,8.78522,1000000,1750000
2020-08-03 07:31:00.462000,8.78699,8.78505,1000000,1000000
2020-08-03 07:31:00.683000,8.78708,8.78506,1000000,1000000
2020-08-03 07:31:00.784000,8.78707,8.78505,1000000,1000000
2020-08-03 07:31:00.835000,8.78715,8.78515,1000000,1000000
2020-08-03 07:31:00.986000,8.78738,8.78542,1000000,1000000
2020-08-03 07:31:01.671000,8.78726,8.78534,1000000,1000000
2020-08-03 07:31:03.648000,8.7871,8.78512,1000000,1000000
2020-08-03 07:31:03.850000,8.78741,8.78549,1000000,1000000
2020-08-03 07:31:03.900000,8.78749,8.78551,1000000,1000000
2020-08-03 07:31:03.951000,8.78761,8.78559,1000000,1000000
2020-08-03 07:31:04.155000,8.78768,8.78572,1000000,1000000
2020-08-03 07:31:05.989000,8.78777,8.78579,1000000,1000000
2020-08-03 07:31:06.090000,8.78798,8.78606,1000000,1000000
2020-08-03 07:31:06.191000,8.78813,8.7862,1000000,1000000
2020-08-03 07:31:06.593000,8.78822,8.78629,1000000,1000000
2020-08-03 07:31:06.694000,8.78835,8.78643,1000000,1000000
2020-08-03 07:31:06.795000,8.78856,8.78664,1000000,1000000
2020-08-03 07:31:07.336000,8.78843,8.7865,1000000,1000000
2020-08-03 07:31:11.555000,8.7884,8.7865,1000000,1000000
2020-08-03 07:31:12.026000,8.7884,8.78648,1000000,1000000
2020-08-03 07:31:12.076000,8.78829,8.78647,1000000,1000000
2020-08-03 07:31:14.075000,8.78822,8.7864,1000000,1000000
2020-08-03 07:31:14.378000,8.78813,8.78632,1000000,1000000
2020-08-03 07:31:18.185000,8.78798,8.78613,1000000,1000000
2020-08-03 07:31:18.236000,8.78785,8.78609,1000000,1000000
2020-08-03 07:31:20.369000,8.78778,8.78596,1000000,1000000
2020-08-03 07:31:21.270000,8.78777,8.78596,1000000,1000000
2020-08-03 07:31:22.053000,8.78778,8.78596,1000000,1000000
2020-08-03 07:31:22.154000,8.78793,8.78612,1000000,1000000
2020-08-03 07:31:23.015000,8.78777,8.78612,1000000,1000000
2020-08-03 07:31:23.066000,8.78793,8.78612,1000000,1000000
2020-08-03 07:31:23.116000,8.78786,8.78612,1000000,1000000
2020-08-03 07:31:23.167000,8.78793,8.78612,1000000,1000000
2020-08-03 07:31:24.172000,8.78777,8.78596,1500000,1000000
2020-08-03 07:31:25.851000,8.78793,8.78617,1000000,1000000
2020-08-03 07:31:26.130000,8.78787,8.78617,1000000,1000000
2020-08-03 07:31:26.181000,8.78793,8.78617,1000000,1000000
2020-08-03 07:31:26.281000,8.78778,8.78597,1000000,1000000
2020-08-03 07:31:28.233000,8.78777,8.78597,1000000,1000000
2020-08-03 07:31:28.725000,8.7877,8.78594,1000000,1000000
2020-08-03 07:31:31.561000,8.78767,8.78594,1000000,1000000
2020-08-03 07:31:31.612000,8.7877,8.78594,1000000,1000000
2020-08-03 07:31:32.383000,8.78767,8.78594,1000000,1000000
2020-08-03 07:31:32.534000,8.7877,8.78594,1000000,1000000
2020-08-03 07:31:33.210000,8.78767,8.78594,1000000,1000000
2020-08-03 07:31:33.464000,8.78748,8.78573,1000000,1000000
2020-08-03 07:31:33.565000,8.78754,8.78573,1000000,1500000
2020-08-03 07:31:33.665000,8.78757,8.78586,1000000,1000000
2020-08-03 07:31:33.716000,8.78761,8.78586,1000000,1000000
2020-08-03 07:31:34.219000,8.7877,8.78599,1000000,1000000
2020-08-03 07:31:34.320000,8.78767,8.78599,1000000,1000000
2020-08-03 07:31:34.421000,8.78767,8.78611,1000000,1000000
2020-08-03 07:31:34.472000,8.78772,8.78611,1000000,1000000
2020-08-03 07:31:38.041000,8.78766,8.78599,1000000,1000000
2020-08-03 07:31:41.812000,8.78751,8.7859,1000000,1000000
2020-08-03 07:31:41.863000,8.78742,8.78576,1000000,1000000
2020-08-03 07:31:41.914000,8.78721,8.78554,1000000,1000000
2020-08-03 07:31:41.965000,8.78707,8.7854,1000000,1000000
2020-08-03 07:31:42.066000,8.78699,8.78532,1000000,1000000
2020-08-03 07:31:43.082000,8.78714,8.78553,1000000,1000000
2020-08-03 07:31:43.132000,8.78722,8.78555,1000000,1000000
2020-08-03 07:31:43.334000,8.78753,8.78587,1000000,1000000
2020-08-03 07:31:43.485000,8.78757,8.78593,1000000,1000000
2020-08-03 07:31:43.535000,8.78758,8.78591,1000000,1000000
2020-08-03 07:31:43.586000,8.78743,8.78571,1000000,1000000
2020-08-03 07:31:44.325000,8.7876,8.78598,1000000,1000000
2020-08-03 07:31:44.806000,8.78751,8.78584,1000000,1000000
2020-08-03 07:31:45.806000,8.78766,8.78599,1000000,1000000
2020-08-03 07:31:47.202000,8.78773,8.78601,1000000,1000000
2020-08-03 07:31:48.959000,8.78759,8.78593,1000000,1000000
2020-08-03 07:31:49.009000,8.78752,8.78585,1000000,1000000
2020-08-03 07:31:51.118000,8.78744,8.78573,1000000,1000000
2020-08-03 07:31:51.169000,8.78743,8.78563,1000000,1000000
2020-08-03 07:31:52.675000,8.78735,8.78558,1000000,1000000
2020-08-03 07:31:52.891000,8.78726,8.7855,1000000,1000000
2020-08-03 07:31:54.811000,8.78717,8.7855,1000000,1000000
2020-08-03 07:31:54.912000,8.78683,8.78507,1000000,1000000
2020-08-03 07:31:55.013000,8.78677,8.78507,1000000,1000000
2020-08-03 07:31:55.114000,8.78667,8.78499,1000000,1000000
2020-08-03 07:31:55.164000,8.78675,8.78499,1000000,1000000
2020-08-03 07:31:56.403000,8.78656,8.7849,1000000,1000000
2020-08-03 07:31:56.504000,8.78657,8.7849,1000000,1000000
2020-08-03 07:31:56.605000,8.78666,8.7849,1000000,1000000
2020-08-03 07:31:56.870000,8.78657,8.7849,1000000,1000000
2020-08-03 07:31:57.158000,8.78666,8.7849,1000000,1000000
2020-08-03 07:31:59.305000,8.78656,8.78481,1000000,1000000
2020-08-03 07:31:59.356000,8.78637,8.78461,1000000,1000000
2020-08-03 07:31:59.646000,8.78617,8.78461,1000000,1000000
2020-08-03 07:31:59.697000,8.78627,8.78461,1000000,1000000
2020-08-03 07:32:00.013000,8.78637,8.78461,1000000,1000000
2020-08-03 07:32:00.064000,8.78635,8.78451,1000000,1000000
2020-08-03 07:32:00.115000,8.7863,8.78446,1000000,1000000
2020-08-03 07:32:00.550000,8.78616,8.78446,1000000,1000000
2020-08-03 07:32:01.162000,8.78627,8.78446,1000000,1000000
2020-08-03 07:32:01.214000,8.7863,8.78446,1000000,1000000
2020-08-03 07:32:01.366000,8.78617,8.78446,1000000,1000000
2020-08-03 07:32:01.417000,8.78628,8.78444,1000000,1000000
2020-08-03 07:32:02.174000,8.78617,8.78444,1000000,1000000
2020-08-03 07:32:02.281000,8.78607,8.78444,1000000,1000000
2020-08-03 07:32:02.332000,8.78607,8.78438,1000000,1000000
2020-08-03 07:32:02.533000,8.78606,8.78438,1000000,1000000
2020-08-03 07:32:02.753000,8.7862,8.78438,1000000,1000000
2020-08-03 07:32:03.274000,8.78617,8.78438,1000000,1000000
2020-08-03 07:32:03.470000,8.7862,8.78438,1000000,1000000
2020-08-03 07:32:03.690000,8.78617,8.78438,1000000,1000000
2020-08-03 07:32:03.961000,8.7862,8.78438,1000000,1000000
2020-08-03 07:32:04.137000,8.78617,8.78438,1000000,1000000
2020-08-03 07:32:04.187000,8.7862,8.78438,1000000,1000000
2020-08-03 07:32:04.238000,8.78617,8.78438,1000000,1000000
2020-08-03 07:32:04.563000,8.7862,8.78438,1000000,1000000
2020-08-03 07:32:04.883000,8.78612,8.78433,1000000,1000000
2020-08-03 07:32:05.262000,8.78605,8.78421,1000000,1000000
2020-08-03 07:32:06.365000,8.78613,8.7843,1000000,1000000
2020-08-03 07:32:10.210000,8.78607,8.78429,1500000,1000000
2020-08-03 07:32:10.311000,8.78599,8.78421,1000000,1000000
2020-08-03 07:32:12.745000,8.78587,8.78412,1000000,1000000
2020-08-03 07:32:12.796000,8.78584,8.78401,1000000,1000000
2020-08-03 07:32:13.689000,8.7859,8.78414,1000000,1000000
2020-08-03 07:32:17.790000,8.78581,8.78404,1000000,1000000
2020-08-03 07:32:17.891000,8.78592,8.78419,1000000,1000000
2020-08-03 07:32:17.998000,8.78596,8.78435,1000000,1000000
2020-08-03 07:32:18.610000,8.78621,8.78463,1000000,1000000
2020-08-03 07:32:20.341000,8.78607,8.78449,1000000,1000000
2020-08-03 07:32:22.703000,8.78597,8.78433,1000000,1000000
2020-08-03 07:32:24.336000,8.78583,8.78424,1000000,1000000
2020-08-03 07:32:24.437000,8.78575,8.78411,1000000,1000000
2020-08-03 07:32:24.840000,8.78584,8.78425,1000000,1000000
2020-08-03 07:32:24.941000,8.78576,8.78418,1000000,1000000
2020-08-03 07:32:25.801000,8.78582,8.78419,1000000,1500000
2020-08-03 07:32:25.953000,8.78591,8.78433,1000000,1000000
2020-08-03 07:32:27.508000,8.78604,8.78441,1000000,1000000
2020-08-03 07:32:28.382000,8.78591,8.78427,1000000,1000000
2020-08-03 07:32:29.542000,8.78576,8.78417,1000000,1000000
2020-08-03 07:32:29.592000,8.78589,8.78428,1000000,1000000
2020-08-03 07:32:31.953000,8.78587,8.78428,1000000,1000000
2020-08-03 07:32:32.265000,8.78577,8.78428,1000000,1000000
2020-08-03 07:32:32.315000,8.78557,8.78399,1000000,1000000
2020-08-03 07:32:32.416000,8.78546,8.78391,1000000,1000000
2020-08-03 07:32:32.517000,8.78536,8.78391,1000000,1000000
2020-08-03 07:32:32.567000,8.78547,8.78391,1000000,1000000
2020-08-03 07:32:32.707000,8.78552,8.78391,1000000,1000000
2020-08-03 07:32:32.818000,8.78547,8.78391,1000000,1000000
2020-08-03 07:32:32.868000,8.78552,8.78391,1000000,1000000
2020-08-03 07:32:32.919000,8.78547,8.78391,1000000,1000000
2020-08-03 07:32:33.233000,8.78552,8.78391,1000000,1000000
2020-08-03 07:32:37.195000,8.78536,8.78376,1000000,1000000
2020-08-03 07:32:37.245000,8.78528,8.78362,1000000,1000000
2020-08-03 07:32:38.514000,8.78515,8.78354,1000000,1000000
2020-08-03 07:32:38.615000,8.78487,8.78349,1000000,1000000
2020-08-03 07:32:38.665000,8.78517,8.78349,1000000,1000000
2020-08-03 07:32:38.766000,8.78517,8.78361,1000000,1000000
2020-08-03 07:32:38.867000,8.78529,8.78364,1000000,1000000
2020-08-03 07:32:38.918000,8.78537,8.78364,1000000,1000000
2020-08-03 07:32:39.197000,8.78487,8.78364,1000000,1000000
2020-08-03 07:32:39.682000,8.78487,8.78343,1000000,1000000
2020-08-03 07:32:39.733000,8.78487,8.78335,1000000,1000000
2020-08-03 07:32:39.783000,8.78477,8.78335,1000000,1000000
2020-08-03 07:32:39.942000,8.78467,8.78335,1000000,1000000
2020-08-03 07:32:40.117000,8.78477,8.78335,1000000,1000000
2020-08-03 07:32:40.219000,8.78466,8.78335,1000000,1000000
2020-08-03 07:32:41.192000,8.78457,8.78323,1000000,1000000
2020-08-03 07:32:41.243000,8.78447,8.78321,1000000,1000000
2020-08-03 07:32:41.344000,8.78457,8.78321,1000000,1000000
2020-08-03 07:32:41.444000,8.78467,8.78321,1000000,1000000
2020-08-03 07:32:41.623000,8.78477,8.78321,1000000,1000000
2020-08-03 07:32:41.674000,8.78467,8.78321,1000000,1000000
2020-08-03 07:32:41.825000,8.78457,8.78321,1000000,1000000
2020-08-03 07:32:42.357000,8.78457,8.78307,1000000,1000000
2020-08-03 07:32:42.918000,8.78477,8.78307,1000000,1000000
2020-08-03 07:32:43.169000,8.78497,8.78307,1000000,1000000
2020-08-03 07:32:43.551000,8.78507,8.78322,1000000,1000000
2020-08-03 07:32:43.602000,8.78516,8.78322,1000000,1000000
2020-08-03 07:32:43.703000,8.78517,8.78331,1000000,1000000
2020-08-03 07:32:43.884000,8.78517,8.78322,1000000,1000000
2020-08-03 07:32:43.985000,8.78517,8.78316,1000000,1000000
2020-08-03 07:32:44.803000,8.78521,8.78316,1000000,1000000
2020-08-03 07:32:44.854000,8.78526,8.78327,1000000,1000000
2020-08-03 07:32:45.005000,8.78517,8.78327,1000000,1000000
2020-08-03 07:32:45.055000,8.78517,8.78315,1000000,1000000
2020-08-03 07:32:45.446000,8.78518,8.78315,1000000,1000000
2020-08-03 07:32:45.744000,8.78517,8.78315,1000000,1000000
2020-08-03 07:32:46.014000,8.78518,8.78315,1000000,1000000
2020-08-03 07:32:47.776000,8.78527,8.78352,1000000,1000000
2020-08-03 07:32:47.827000,8.78537,8.78352,1000000,1000000
2020-08-03 07:32:47.877000,8.78554,8.78414,1000000,1000000
2020-08-03 07:32:47.978000,8.78556,8.78432,1000000,1000000
2020-08-03 07:32:48.350000,8.78527,8.78432,1000000,1000000
2020-08-03 07:32:48.451000,8.78497,8.78352,1000000,1000000
2020-08-03 07:32:48.551000,8.78477,8.78323,1000000,1000000
2020-08-03 07:32:48.602000,8.78467,8.78323,1000000,1000000
2020-08-03 07:32:48.652000,8.78477,8.78323,1000000,1000000
2020-08-03 07:32:48.753000,8.78477,8.78312,1000000,1000000
2020-08-03 07:32:48.804000,8.78467,8.78312,1000000,1000000
2020-08-03 07:32:48.926000,8.78477,8.78312,1000000,1000000
2020-08-03 07:32:49.284000,8.78467,8.78312,1000000,1000000
2020-08-03 07:32:50.206000,8.78477,8.78312,1000000,1000000
2020-08-03 07:32:50.256000,8.78467,8.78312,1000000,1000000
2020-08-03 07:32:50.560000,8.78477,8.78312,1000000,1000000
2020-08-03 07:32:51.436000,8.78477,8.78281,1000000,1000000
2020-08-03 07:32:51.486000,8.78467,8.78281,1000000,1000000
2020-08-03 07:32:51.587000,8.78396,8.78239,1000000,1000000
2020-08-03 07:32:51.638000,8.78367,8.78189,1000000,1000000
2020-08-03 07:32:51.693000,8.78356,8.78175,1000000,1500000
2020-08-03 07:32:51.744000,8.78357,8.78172,1000000,1000000
2020-08-03 07:32:51.795000,8.78357,8.78163,1000000,1000000
2020-08-03 07:32:51.901000,8.78366,8.78163,1000000,1000000
2020-08-03 07:32:51.951000,8.78347,8.78163,1000000,1000000
2020-08-03 07:32:52.052000,8.78357,8.78163,1000000,1000000
2020-08-03 07:32:52.103000,8.78353,8.78165,1000000,1000000
2020-08-03 07:32:52.506000,8.78341,8.78156,1000000,1000000
2020-08-03 07:32:52.621000,8.78353,8.7816,1000000,1000000
2020-08-03 07:32:53.311000,8.78337,8.78153,1000000,1000000
2020-08-03 07:32:53.361000,8.78338,8.78139,1000000,1000000
2020-08-03 07:32:53.465000,8.78357,8.78155,1500000,1000000
2020-08-03 07:32:53.566000,8.78349,8.78209,1000000,1000000
2020-08-03 07:32:53.617000,8.78362,8.78209,1000000,1000000
2020-08-03 07:32:53.667000,8.78377,8.78226,1000000,1000000
2020-08-03 07:32:53.718000,8.78377,8.78204,1000000,1000000
2020-08-03 07:32:53.819000,8.78367,8.78181,1000000,1000000
2020-08-03 07:32:53.919000,8.78354,8.78153,1000000,1000000
2020-08-03 07:32:54.681000,8.78347,8.78153,1000000,1000000
2020-08-03 07:32:54.832000,8.78327,8.7814,1000000,1000000
2020-08-03 07:32:54.933000,8.78297,8.78124,1000000,1000000
2020-08-03 07:32:55.086000,8.78307,8.78124,1000000,1000000
2020-08-03 07:32:55.187000,8.78307,8.78139,1000000,1000000
2020-08-03 07:32:55.288000,8.78317,8.78145,1000000,1000000
2020-08-03 07:32:55.388000,8.78326,8.78145,1000000,1000000
2020-08-03 07:32:55.439000,8.78337,8.78174,1000000,1000000
2020-08-03 07:32:55.489000,8.78337,8.78167,1000000,1000000
2020-08-03 07:32:55.738000,8.78317,8.78167,1000000,1000000
2020-08-03 07:32:55.789000,8.78317,8.78153,1000000,1000000
2020-08-03 07:32:55.890000,8.78317,8.78144,1000000,1000000
2020-08-03 07:32:55.991000,8.78326,8.78143,1000000,1000000
2020-08-03 07:32:56.161000,8.78306,8.78143,1000000,1000000
2020-08-03 07:32:56.602000,8.78277,8.78143,1000000,1000000
2020-08-03 07:32:57.112000,8.78287,8.78143,1000000,1000000
2020-08-03 07:32:57.213000,8.78287,8.78196,1000000,1000000
2020-08-03 07:32:57.314000,8.78287,8.78211,1000000,1000000
2020-08-03 07:32:57.523000,8.78317,8.78211,1000000,1000000
2020-08-03 07:32:58.679000,8.78337,8.78211,1000000,1000000
2020-08-03 07:32:58.730000,8.78347,8.78212,1000000,1000000
2020-08-03 07:32:58.781000,8.78337,8.78212,1000000,1000000
2020-08-03 07:32:59.669000,8.78317,8.78212,1000000,1000000
2020-08-03 07:32:59.724000,8.78317,8.78205,1000000,1000000
2020-08-03 07:33:00.983000,8.78317,8.78198,1000000,1000000
2020-08-03 07:33:01.181000,8.78337,8.78198,1000000,1000000
2020-08-03 07:33:01.232000,8.78347,8.78206,1000000,1000000
2020-08-03 07:33:01.282000,8.78347,8.78214,1000000,1000000
2020-08-03 07:33:01.383000,8.78347,8.78224,1000000,1000000
2020-08-03 07:33:01.484000,8.78347,8.78229,1000000,1000000
2020-08-03 07:33:01.607000,8.78337,8.78229,1000000,1000000
2020-08-03 07:33:01.709000,8.78307,8.78219,1000000,1000000
2020-08-03 07:33:01.759000,8.78307,8.78206,1000000,1000000
2020-08-03 07:33:01.910000,8.78297,8.78206,1000000,1000000
2020-08-03 07:33:02.011000,8.78307,8.78206,1000000,1000000
2020-08-03 07:33:03.418000,8.78307,8.78199,1000000,1000000
2020-08-03 07:33:03.699000,8.78317,8.78199,1000000,1000000
2020-08-03 07:33:04.137000,8.78327,8.78207,1000000,1000000
2020-08-03 07:33:04.288000,8.78327,8.78208,1000000,1000000
2020-08-03 07:33:05.046000,8.78307,8.78206,1000000,1000000
2020-08-03 07:33:05.301000,8.78297,8.78206,1000000,1000000
2020-08-03 07:33:05.459000,8.78307,8.78206,1000000,1000000
2020-08-03 07:33:05.757000,8.78307,8.78174,1000000,1000000
2020-08-03 07:33:06.227000,8.78307,8.78166,1000000,1000000
2020-08-03 07:33:06.601000,8.78317,8.78171,1000000,1000000
2020-08-03 07:33:06.652000,8.78327,8.78176,1000000,1000000
2020-08-03 07:33:06.705000,8.78317,8.78176,1000000,1000000
2020-08-03 07:33:06.806000,8.78317,8.78188,1000000,1000000
2020-08-03 07:33:07.234000,8.78317,8.78183,1000000,1000000
2020-08-03 07:33:07.591000,8.78347,8.78191,1000000,1000000
2020-08-03 07:33:07.641000,8.78337,8.78191,1000000,1000000
2020-08-03 07:33:07.742000,8.78337,8.78197,1000000,1000000
2020-08-03 07:33:07.843000,8.78307,8.78197,1000000,1000000
2020-08-03 07:33:07.994000,8.78297,8.78197,1000000,1000000
2020-08-03 07:33:08.045000,8.78317,8.78168,1000000,1000000
2020-08-03 07:33:08.095000,8.78307,8.78168,1000000,1000000
2020-08-03 07:33:08.196000,8.78317,8.78168,1000000,1000000
2020-08-03 07:33:08.247000,8.78317,8.78172,1000000,1000000
2020-08-03 07:33:08.362000,8.78327,8.78172,1000000,1000000
2020-08-03 07:33:09.008000,8.78316,8.78172,1000000,1000000
2020-08-03 07:33:09.059000,8.78317,8.78169,1000000,1000000
2020-08-03 07:33:09.109000,8.78306,8.78169,1000000,1000000
2020-08-03 07:33:09.160000,8.78317,8.78169,1000000,1000000
2020-08-03 07:33:09.261000,8.78316,8.78164,1000000,1000000
2020-08-03 07:33:09.534000,8.78337,8.78164,1000000,1000000
2020-08-03 07:33:09.807000,8.78327,8.78164,1000000,1000000
2020-08-03 07:33:09.917000,8.78327,8.78169,1000000,1000000
2020-08-03 07:33:10.479000,8.78327,8.78162,1000000,1000000
2020-08-03 07:33:10.630000,8.78317,8.78162,1000000,1000000
2020-08-03 07:33:10.681000,8.78327,8.78161,1000000,1000000
2020-08-03 07:33:10.807000,8.78317,8.78161,1000000,1000000
2020-08-03 07:33:11.009000,8.78307,8.78161,1000000,1000000
2020-08-03 07:33:11.127000,8.78257,8.78161,1000000,1000000
2020-08-03 07:33:11.178000,8.78247,8.78105,1000000,1000000
2020-08-03 07:33:11.379000,8.78247,8.78099,1000000,1000000
2020-08-03 07:33:11.550000,8.78277,8.78099,1000000,1000000
2020-08-03 07:33:11.883000,8.78267,8.78099,1000000,1000000
2020-08-03 07:33:13.071000,8.78237,8.78069,1000000,1000000
2020-08-03 07:33:13.223000,8.78227,8.78069,1000000,1000000
2020-08-03 07:33:13.912000,8.78237,8.78069,1000000,1000000
2020-08-03 07:33:13.963000,8.78247,8.78084,1000000,1000000
2020-08-03 07:33:14.013000,8.78267,8.7809,1000000,1000000
2020-08-03 07:33:14.064000,8.78277,8.78099,1000000,1000000
2020-08-03 07:33:14.115000,8.78277,8.78088,1000000,1000000
2020-08-03 07:33:14.377000,8.78277,8.78086,1000000,1000000
2020-08-03 07:33:17.066000,8.78287,8.78086,1000000,1000000
2020-08-03 07:33:17.167000,8.78277,8.78086,1000000,1000000
2020-08-03 07:33:17.268000,8.78287,8.78091,1000000,1000000
2020-08-03 07:33:17.469000,8.78292,8.78091,1000000,1000000
2020-08-03 07:33:17.923000,8.78296,8.78096,1000000,1000000
2020-08-03 07:33:18.024000,8.78287,8.78096,1000000,1000000
2020-08-03 07:33:18.243000,8.78306,8.78096,1000000,1000000
2020-08-03 07:33:18.293000,8.78297,8.78096,1000000,1000000
2020-08-03 07:33:18.344000,8.78306,8.78096,1000000,1000000
2020-08-03 07:33:18.753000,8.78297,8.78096,1000000,1000000
2020-08-03 07:33:18.918000,8.78306,8.78096,1000000,1000000
2020-08-03 07:33:19.277000,8.78297,8.78096,1000000,1000000
2020-08-03 07:33:19.479000,8.78306,8.78096,1000000,1000000
2020-08-03 07:33:19.738000,8.78297,8.78096,1000000,1000000
2020-08-03 07:33:20.742000,8.7829,8.78087,1000000,1000000
2020-08-03 07:33:20.935000,8.78282,8.78079,1000000,1000000
2020-08-03 07:33:21.086000,8.78282,8.78076,1000000,1000000
2020-08-03 07:33:22.606000,8.78282,8.78094,1000000,1000000
2020-08-03 07:33:22.657000,8.78306,8.781,1000000,1000000
2020-08-03 07:33:22.708000,8.78302,8.78106,1000000,1000000
2020-08-03 07:33:22.809000,8.78302,8.78121,1000000,1000000
2020-08-03 07:33:23.170000,8.78287,8.78108,1000000,1000000
2020-08-03 07:33:23.221000,8.78303,8.78108,1000000,1000000
2020-08-03 07:33:23.343000,8.78303,8.78104,1000000,1000000
2020-08-03 07:33:25.465000,8.78289,8.7809,1000000,1000000
2020-08-03 07:33:25.998000,8.78301,8.78096,1000000,1000000
2020-08-03 07:33:26.049000,8.78301,8.78104,1000000,1000000
2020-08-03 07:33:27.510000,8.78288,8.78084,1000000,1000000
2020-08-03 07:33:32.441000,8.78272,8.78074,1000000,1000000
2020-08-03 07:33:32.542000,8.78283,8.78082,1000000,1000000
2020-08-03 07:33:33.035000,8.78283,8.78079,1000000,1000000
2020-08-03 07:33:33.151000,8.78282,8.78069,1000000,1000000
2020-08-03 07:33:33.368000,8.78278,8.78073,1000000,1000000
2020-08-03 07:33:33.531000,8.78278,8.78074,1000000,1000000
2020-08-03 07:33:33.632000,8.78278,8.78073,1000000,1000000
2020-08-03 07:33:33.810000,8.78271,8.78069,1000000,1000000
2020-08-03 07:33:35.019000,8.78271,8.78065,1000000,1000000
2020-08-03 07:33:35.365000,8.78267,8.78065,1000000,1000000
2020-08-03 07:33:35.797000,8.78157,8.78044,1000000,1000000
2020-08-03 07:33:35.847000,8.78177,8.78027,1000000,1000000
2020-08-03 07:33:35.948000,8.78177,8.78043,1000000,1000000
2020-08-03 07:33:36.056000,8.78177,8.78051,1000000,1000000
2020-08-03 07:33:36.157000,8.78166,8.78051,1000000,1000000
2020-08-03 07:33:36.208000,8.78177,8.78051,1000000,1000000
2020-08-03 07:33:36.317000,8.78167,8.78051,1000000,1000000
2020-08-03 07:33:38.173000,8.78177,8.78051,1000000,1000000
2020-08-03 07:33:38.224000,8.78187,8.78051,1000000,1000000
2020-08-03 07:33:40.282000,8.78196,8.78051,1000000,1000000
2020-08-03 07:33:40.333000,8.78207,8.78066,1000000,1000000
2020-08-03 07:33:40.384000,8.78216,8.78073,1000000,1000000
2020-08-03 07:33:40.484000,8.78227,8.78081,1000000,1000000
2020-08-03 07:33:40.535000,8.78236,8.78089,1000000,1000000
2020-08-03 07:33:40.984000,8.78227,8.78089,1000000,1000000
2020-08-03 07:33:41.085000,8.78206,8.78082,1000000,1000000
2020-08-03 07:33:41.135000,8.78217,8.78082,1000000,1000000
2020-08-03 07:33:41.186000,8.78207,8.78082,1000000,1000000
2020-08-03 07:33:41.870000,8.78207,8.78076,1000000,1000000
2020-08-03 07:33:41.971000,8.78207,8.78074,1000000,1000000
2020-08-03 07:33:42.379000,8.78197,8.78074,1000000,1000000
2020-08-03 07:33:42.480000,8.78207,8.78074,1000000,1000000
2020-08-03 07:33:42.989000,8.78197,8.78074,1000000,1000000
2020-08-03 07:33:43.814000,8.78206,8.78074,1000000,1000000
2020-08-03 07:33:43.929000,8.78217,8.78074,1000000,1000000
2020-08-03 07:33:43.979000,8.78217,8.78082,1000000,1000000
2020-08-03 07:33:44.097000,8.78207,8.78082,1000000,1000000
2020-08-03 07:33:44.303000,8.78217,8.78082,1000000,1000000
2020-08-03 07:33:44.666000,8.78217,8.78081,1000000,1000000
2020-08-03 07:33:45.084000,8.78217,8.78086,1000000,1000000
2020-08-03 07:33:46.658000,8.78227,8.78098,1000000,1000000
2020-08-03 07:33:46.809000,8.78207,8.78104,1000000,1000000
2020-08-03 07:33:46.910000,8.78217,8.78096,1000000,1000000
2020-08-03 07:33:47.075000,8.78227,8.78096,1000000,1000000
2020-08-03 07:33:47.126000,8.78217,8.78096,1000000,1000000
2020-08-03 07:33:47.701000,8.78207,8.78096,1000000,1000000
2020-08-03 07:33:47.752000,8.78207,8.78089,1000000,1000000
2020-08-03 07:33:47.853000,8.78217,8.78096,1000000,1000000
2020-08-03 07:33:48.240000,8.78207,8.78096,1000000,1000000
2020-08-03 07:33:48.444000,8.78197,8.78096,1000000,1000000
2020-08-03 07:33:48.690000,8.78207,8.78096,1000000,1000000
2020-08-03 07:33:49.199000,8.78217,8.78096,1000000,1000000
2020-08-03 07:33:50.034000,8.78227,8.78096,1000000,1000000
2020-08-03 07:33:50.205000,8.78177,8.78088,1000000,1000000
2020-08-03 07:33:50.306000,8.78147,8.78088,1000000,1000000
2020-08-03 07:33:50.356000,8.78087,8.78031,1000000,1000000
2020-08-03 07:33:50.407000,8.78087,8.78017,1000000,1000000
2020-08-03 07:33:50.458000,8.78067,8.78017,1000000,1000000
2020-08-03 07:33:50.559000,8.78057,8.77933,1000000,1000000
2020-08-03 07:33:50.660000,8.78047,8.77862,1000000,1100000
2020-08-03 07:33:51.106000,8.78037,8.77854,1000000,1100000
2020-08-03 07:33:51.765000,8.78027,8.77854,1000000,1000000
2020-08-03 07:33:51.815000,8.78017,8.77854,1000000,1000000
2020-08-03 07:33:51.866000,8.78027,8.77854,1000000,1000000
2020-08-03 07:33:51.916000,8.78017,8.77817,1000000,1100000
2020-08-03 07:33:52.067000,8.78017,8.77826,1000000,1000000
2020-08-03 07:33:52.254000,8.78017,8.77831,1000000,1000000
2020-08-03 07:33:52.543000,8.78017,8.77857,1000000,1000000
2020-08-03 07:33:53.931000,8.78017,8.77859,1000000,1000000
2020-08-03 07:33:53.982000,8.78027,8.77859,1000000,1000000
2020-08-03 07:33:54.276000,8.78027,8.77832,1000000,1000000
2020-08-03 07:33:54.327000,8.78007,8.77832,1000000,1000000
2020-08-03 07:33:54.682000,8.77997,8.77832,1000000,1000000
2020-08-03 07:33:54.818000,8.78007,8.77832,1000000,1000000
2020-08-03 07:33:55.603000,8.78007,8.77858,1000000,1000000
2020-08-03 07:33:55.943000,8.78007,8.77856,1000000,1000000
2020-08-03 07:33:56.491000,8.78007,8.77855,1000000,1000000
2020-08-03 07:33:56.662000,8.78007,8.77833,1000000,1000000
2020-08-03 07:33:56.999000,8.78017,8.77833,1000000,1000000
2020-08-03 07:33:57.488000,8.78017,8.7784,1000000,1000000
2020-08-03 07:33:57.761000,8.78037,8.77844,1000000,1000000
2020-08-03 07:33:57.812000,8.78047,8.77844,1000000,1000000
2020-08-03 07:33:57.862000,8.78047,8.77851,1000000,1000000
2020-08-03 07:33:57.913000,8.78057,8.77851,1000000,1000000
2020-08-03 07:33:57.963000,8.78057,8.7787,1000000,1000000
2020-08-03 07:33:58.280000,8.78067,8.7787,1000000,1000000
2020-08-03 07:33:59.498000,8.78067,8.77873,1000000,1000000
2020-08-03 07:33:59.700000,8.78067,8.77868,1000000,1000000
2020-08-03 07:33:59.751000,8.78057,8.77868,1000000,1000000
2020-08-03 07:33:59.852000,8.78047,8.77868,1000000,1000000
2020-08-03 07:33:59.903000,8.78047,8.77858,1000000,1000000
2020-08-03 07:33:59.953000,8.78037,8.77858,1000000,1000000
2020-08-03 07:34:00.054000,8.78057,8.77858,1500000,1000000
2020-08-03 07:34:00.401000,8.78057,8.77863,1000000,1000000
2020-08-03 07:34:00.552000,8.78055,8.77863,1000000,1500000
2020-08-03 07:34:00.703000,8.78058,8.77874,1000000,1000000
2020-08-03 07:34:00.804000,8.78078,8.77903,1000000,1000000
2020-08-03 07:34:00.955000,8.78078,8.77913,1000000,1000000
2020-08-03 07:34:01.106000,8.78078,8.77904,1000000,1000000
2020-08-03 07:34:01.207000,8.78078,8.77913,1000000,1000000
2020-08-03 07:34:01.391000,8.78078,8.77904,1000000,1000000
2020-08-03 07:34:01.914000,8.78078,8.77923,1000000,1000000
2020-08-03 07:34:02.283000,8.78078,8.77903,1000000,1000000
2020-08-03 07:34:02.459000,8.7808,8.77903,1000000,1000000
2020-08-03 07:34:02.883000,8.7808,8.77913,1000000,1000000
2020-08-03 07:34:03.220000,8.7808,8.77903,1000000,1000000
2020-08-03 07:34:03.282000,8.7808,8.77893,1000000,1000000
2020-08-03 07:34:04.544000,8.7809,8.77893,1000000,1000000
2020-08-03 07:34:04.696000,8.7809,8.77923,1000000,1000000
2020-08-03 07:34:05.046000,8.7809,8.77903,1000000,1000000
2020-08-03 07:34:05.780000,8.7809,8.77913,1000000,1000000
2020-08-03 07:34:06.118000,8.7809,8.77893,1000000,1000000
2020-08-03 07:34:06.506000,8.78088,8.77893,1000000,1000000
2020-08-03 07:34:06.556000,8.78088,8.77889,1000000,1000000
2020-08-03 07:34:06.607000,8.78073,8.77893,1000000,1000000
2020-08-03 07:34:06.708000,8.78073,8.77903,1000000,1000000
2020-08-03 07:34:07.160000,8.78073,8.77893,1000000,1000000
2020-08-03 07:34:07.368000,8.78073,8.77883,1000000,1000000
2020-08-03 07:34:07.542000,8.78073,8.77894,1000000,1000000
2020-08-03 07:34:07.690000,8.78073,8.77903,1000000,1000000
2020-08-03 07:34:07.873000,8.78073,8.77894,1000000,1000000
2020-08-03 07:34:08.042000,8.78073,8.77883,1000000,1000000
2020-08-03 07:34:08.379000,8.78073,8.77873,1000000,1000000
2020-08-03 07:34:08.480000,8.78073,8.77883,1000000,1000000
2020-08-03 07:34:09.408000,8.78073,8.77893,1000000,1000000
2020-08-03 07:34:09.956000,8.78073,8.77883,1000000,1000000
2020-08-03 07:34:10.008000,8.78073,8.77903,1000000,1000000
2020-08-03 07:34:10.165000,8.7808,8.77933,1000000,1000000
2020-08-03 07:34:10.216000,8.78098,8.77944,1000000,1000000
2020-08-03 07:34:10.367000,8.78098,8.77933,1000000,1000000
2020-08-03 07:34:10.518000,8.78091,8.77933,1000000,1000000
2020-08-03 07:34:10.569000,8.78091,8.77913,1000000,1000000
2020-08-03 07:34:10.619000,8.78091,8.77923,1000000,1000000
2020-08-03 07:34:10.670000,8.78091,8.77913,1000000,1000000
2020-08-03 07:34:10.972000,8.78091,8.77923,1000000,1000000
2020-08-03 07:34:11.023000,8.78082,8.77913,1000000,1000000
2020-08-03 07:34:11.124000,8.78102,8.77903,1000000,1000000
2020-08-03 07:34:13.043000,8.7809,8.77913,1000000,1000000
2020-08-03 07:34:13.094000,8.7809,8.77903,1000000,1000000
2020-08-03 07:34:13.346000,8.7809,8.77923,1000000,1000000
2020-08-03 07:34:13.397000,8.78101,8.77923,1000000,1000000
2020-08-03 07:34:13.548000,8.78101,8.77903,1000000,1000000
2020-08-03 07:34:13.599000,8.78082,8.77903,1000000,1000000
2020-08-03 07:34:14.038000,8.78082,8.77883,1000000,1000000
2020-08-03 07:34:14.089000,8.78066,8.77883,1000000,1000000
2020-08-03 07:34:14.190000,8.78066,8.77864,1000000,1000000
2020-08-03 07:34:17.691000,8.78093,8.77886,1000000,1000000
2020-08-03 07:34:17.792000,8.78056,8.77853,1000000,1000000
2020-08-03 07:34:17.842000,8.78056,8.77844,1000000,1000000
2020-08-03 07:34:18.044000,8.78063,8.77867,1000000,1000000
2020-08-03 07:34:18.245000,8.78063,8.77855,1000000,1000000
2020-08-03 07:34:19.961000,8.78067,8.77872,1000000,1000000
2020-08-03 07:34:20.062000,8.78037,8.77858,1000000,1000000
2020-08-03 07:34:20.163000,8.78037,8.77857,1000000,1000000
2020-08-03 07:34:20.291000,8.78051,8.77857,1000000,1000000
2020-08-03 07:34:20.341000,8.7806,8.77873,1000000,1000000
2020-08-03 07:34:20.442000,8.78015,8.77873,1000000,1000000
2020-08-03 07:34:20.543000,8.77966,8.77766,1000000,1000000
2020-08-03 07:34:20.593000,8.77964,8.77766,1000000,1000000
2020-08-03 07:34:20.694000,8.77968,8.77766,1000000,1000000
2020-08-03 07:34:20.745000,8.77961,8.77766,1000000,1000000
2020-08-03 07:34:20.896000,8.77951,8.77766,1000000,1000000
2020-08-03 07:34:21.411000,8.77955,8.7774,1000000,1000000
2020-08-03 07:34:21.562000,8.77955,8.77733,1000000,1250000
2020-08-03 07:34:21.612000,8.77937,8.77725,1000000,1250000
2020-08-03 07:34:21.669000,8.77937,8.7772,1000000,1310000
2020-08-03 07:34:21.872000,8.77937,8.77715,1000000,1250000
2020-08-03 07:34:21.973000,8.77937,8.77713,1000000,1000000
2020-08-03 07:34:23.061000,8.77937,8.77705,1000000,1250000
2020-08-03 07:34:23.111000,8.77937,8.77713,1000000,1000000
2020-08-03 07:34:23.578000,8.77937,8.77719,1000000,1250000
2020-08-03 07:34:23.629000,8.77965,8.77723,1000000,1000000
2020-08-03 07:34:23.830000,8.77965,8.77733,1000000,1000000
2020-08-03 07:34:24.165000,8.77965,8.77743,1000000,1000000
2020-08-03 07:34:24.216000,8.77965,8.77737,1000000,1000000
2020-08-03 07:34:24.266000,8.77965,8.77743,1000000,1000000
2020-08-03 07:34:24.495000,8.77965,8.77746,1000000,1000000
2020-08-03 07:34:24.748000,8.77965,8.77743,1000000,1000000
2020-08-03 07:34:25.727000,8.78006,8.77823,1000000,1000000
2020-08-03 07:34:25.777000,8.78042,8.77839,1000000,1000000
2020-08-03 07:34:25.828000,8.78016,8.77839,1000000,1000000
2020-08-03 07:34:25.979000,8.77983,8.77791,1000000,1000000
2020-08-03 07:34:26.096000,8.77983,8.77777,1000000,1100000
2020-08-03 07:34:26.248000,8.77975,8.77778,1000000,1100000
2020-08-03 07:34:26.808000,8.77976,8.77766,1000000,1000000
2020-08-03 07:34:26.859000,8.77987,8.7777,1000000,1000000
2020-08-03 07:34:26.909000,8.77987,8.77773,1000000,1000000
2020-08-03 07:34:27.010000,8.77987,8.77772,1000000,1000000
2020-08-03 07:34:27.111000,8.77987,8.77773,1000000,1000000
2020-08-03 07:34:27.212000,8.77987,8.77783,1000000,1000000
2020-08-03 07:34:27.262000,8.77987,8.77764,1000000,1000000
2020-08-03 07:34:27.363000,8.77987,8.77772,1000000,1250000
2020-08-03 07:34:27.464000,8.77984,8.77767,1000000,1250000
2020-08-03 07:34:27.902000,8.7797,8.77767,1000000,1250000
2020-08-03 07:34:28.003000,8.77932,8.77753,1000000,1000000
2020-08-03 07:34:28.054000,8.77922,8.77733,1000000,1000000
2020-08-03 07:34:28.155000,8.77929,8.77733,1000000,1000000
2020-08-03 07:34:28.256000,8.77929,8.77753,1000000,1000000
2020-08-03 07:34:28.357000,8.77929,8.77733,1000000,1000000
2020-08-03 07:34:28.457000,8.77943,8.77743,1000000,1000000
2020-08-03 07:34:28.823000,8.77946,8.77743,1000000,1000000
2020-08-03 07:34:28.874000,8.77946,8.77753,1000000,1000000
2020-08-03 07:34:29.025000,8.77946,8.77763,1000000,1000000
2020-08-03 07:34:29.176000,8.77946,8.77774,1000000,1000000
2020-08-03 07:34:29.448000,8.77946,8.77793,1000000,1000000
2020-08-03 07:34:29.498000,8.77946,8.77783,1000000,1000000
2020-08-03 07:34:29.549000,8.77962,8.77783,1000000,1000000
2020-08-03 07:34:29.650000,8.77962,8.77774,1000000,1000000
2020-08-03 07:34:29.751000,8.77962,8.77773,1000000,1000000
2020-08-03 07:34:29.852000,8.77962,8.77803,1000000,1000000
2020-08-03 07:34:29.953000,8.77962,8.77813,1000000,1000000
2020-08-03 07:34:30.054000,8.77974,8.77833,1000000,1000000
2020-08-03 07:34:30.105000,8.77974,8.77803,1000000,1000000
2020-08-03 07:34:30.306000,8.77974,8.77793,1000000,1000000
2020-08-03 07:34:30.357000,8.77974,8.77803,1000000,1000000
2020-08-03 07:34:30.407000,8.77974,8.77793,1000000,1000000
2020-08-03 07:34:30.508000,8.77974,8.77803,1000000,1000000
2020-08-03 07:34:30.839000,8.77982,8.77803,1000000,1000000
2020-08-03 07:34:30.940000,8.77982,8.77793,1000000,1000000
2020-08-03 07:34:31.041000,8.77982,8.77773,1000000,1000000
2020-08-03 07:34:31.368000,8.77982,8.77803,1000000,1000000
2020-08-03 07:34:31.419000,8.77998,8.77813,1000000,1000000
2020-08-03 07:34:31.469000,8.78,8.77823,1000000,1000000
2020-08-03 07:34:31.520000,8.77999,8.77814,1000000,1000000
2020-08-03 07:34:31.570000,8.78007,8.77823,1000000,1000000
2020-08-03 07:34:31.621000,8.78007,8.77813,1000000,1000000
2020-08-03 07:34:31.833000,8.78027,8.77813,1000000,1000000
2020-08-03 07:34:32.418000,8.78027,8.77793,1000000,1500000
2020-08-03 07:34:32.552000,8.78022,8.77793,1000000,1500000
2020-08-03 07:34:32.854000,8.78021,8.77793,1000000,1500000
2020-08-03 07:34:33.813000,8.78035,8.77793,1000000,1500000
2020-08-03 07:34:33.914000,8.78036,8.77793,1000000,1120000
2020-08-03 07:34:33.964000,8.78036,8.77793,1000000,1500000
2020-08-03 07:34:34.068000,8.78036,8.77809,1000000,1000000
2020-08-03 07:34:34.367000,8.78033,8.77809,1000000,1000000
2020-08-03 07:34:34.468000,8.78045,8.77839,1000000,1000000
2020-08-03 07:34:34.676000,8.78045,8.77829,1000000,1120000
2020-08-03 07:34:34.910000,8.78053,8.77824,1000000,1500000
2020-08-03 07:34:35.263000,8.78053,8.77823,1000000,1000000
2020-08-03 07:34:35.314000,8.78092,8.77893,1000000,1000000
2020-08-03 07:34:35.364000,8.78116,8.77893,1000000,1000000
2020-08-03 07:34:35.516000,8.78116,8.77903,1000000,1000000
2020-08-03 07:34:35.566000,8.78125,8.77903,1000000,1000000
2020-08-03 07:34:35.764000,8.78128,8.77908,1000000,1000000
2020-08-03 07:34:35.915000,8.78143,8.77916,1000000,1000000
2020-08-03 07:34:35.966000,8.7813,8.77908,1000000,1000000
2020-08-03 07:34:36.141000,8.78137,8.77916,1000000,1000000
2020-08-03 07:34:36.191000,8.78154,8.77925,1000000,1000000
2020-08-03 07:34:36.242000,8.78166,8.77933,1000000,1000000
2020-08-03 07:34:36.292000,8.78173,8.78013,1000000,1000000
2020-08-03 07:34:36.343000,8.7825,8.78044,1000000,1000000
2020-08-03 07:34:36.394000,8.7825,8.78053,1000000,1000000
2020-08-03 07:34:36.444000,8.78278,8.78053,1000000,1000000
2020-08-03 07:34:36.545000,8.78292,8.78053,1000000,1000000
2020-08-03 07:34:36.596000,8.78304,8.78084,1000000,1000000
2020-08-03 07:34:36.646000,8.78304,8.78073,1000000,1000000
2020-08-03 07:34:36.697000,8.78321,8.78091,1000000,1000000
2020-08-03 07:34:36.747000,8.78323,8.78083,1000000,1000000
2020-08-03 07:34:36.848000,8.78323,8.78079,1000000,1000000
