time,ask,bid,ask_volume,bid_volume
2019-08-22 07:25:00.199000,9.61292,9.61162,1000000,1000000
2019-08-22 07:25:01.361000,9.61255,9.61125,1000000,1000000
2019-08-22 07:25:01.412000,9.61249,9.61116,1000000,1000000
2019-08-22 07:25:01.564000,9.61254,9.61121,1000000,1000000
2019-08-22 07:25:01.665000,9.61249,9.61116,1000000,1000000
2019-08-22 07:25:02.096000,9.6124,9.61107,1000000,1000000
2019-08-22 07:25:02.197000,9.61235,9.61102,1000000,1000000
2019-08-22 07:25:02.298000,9.6123,9.61097,1000000,1000000
2019-08-22 07:25:02.478000,9.61244,9.61111,1000000,1000000
2019-08-22 07:25:02.735000,9.6124,9.61107,1000000,1000000
2019-08-22 07:25:02.837000,9.61241,9.61108,1000000,1000000
2019-08-22 07:25:03.820000,9.61238,9.61104,1000000,1000000
2019-08-22 07:25:04.281000,9.61249,9.61116,1000000,1000000
2019-08-22 07:25:05.319000,9.61251,9.61118,1000000,1000000
2019-08-22 07:25:05.692000,9.61255,9.61122,1000000,1000000
2019-08-22 07:25:05.793000,9.61247,9.61113,1000000,1000000
2019-08-22 07:25:05.843000,9.61242,9.61109,1000000,1000000
2019-08-22 07:25:05.894000,9.61248,9.61114,1000000,1000000
2019-08-22 07:25:05.944000,9.61241,9.61108,1000000,1000000
2019-08-22 07:25:06.343000,9.61241,9.6111,1000000,1000000
2019-08-22 07:25:08.028000,9.61248,9.61117,1000000,1000000
2019-08-22 07:25:08.137000,9.61242,9.6111,1000000,1000000
2019-08-22 07:25:08.188000,9.61247,9.61115,1000000,1000000
2019-08-22 07:25:08.589000,9.61241,9.6111,1000000,1000000
2019-08-22 07:25:09.286000,9.61247,9.61115,1000000,1000000
2019-08-22 07:25:09.386000,9.61241,9.61109,1000000,1000000
2019-08-22 07:25:10.169000,9.61242,9.6111,1000000,1000000
2019-08-22 07:25:10.278000,9.61245,9.61109,1000000,1000000
2019-08-22 07:25:10.395000,9.6125,9.61115,1000000,1000000
2019-08-22 07:25:10.445000,9.61258,9.61122,1000000,1000000
2019-08-22 07:25:10.496000,9.61254,9.61118,1000000,1000000
2019-08-22 07:25:10.770000,9.61246,9.6111,1000000,1000000
2019-08-22 07:25:10.949000,9.61247,9.61111,1000000,1000000
2019-08-22 07:25:12.027000,9.61251,9.61118,1000000,1000000
2019-08-22 07:25:12.077000,9.61259,9.61123,1000000,1000000
2019-08-22 07:25:12.127000,9.61264,9.61128,1000000,1000000
2019-08-22 07:25:12.228000,9.61254,9.61118,1000000,1000000
2019-08-22 07:25:12.329000,9.61255,9.61119,1000000,1000000
2019-08-22 07:25:12.511000,9.61256,9.6112,1000000,1000000
2019-08-22 07:25:12.721000,9.61262,9.61126,1000000,1000000
2019-08-22 07:25:12.961000,9.6128,9.61144,1000000,1000000
2019-08-22 07:25:13.070000,9.61284,9.61148,1000000,1000000
2019-08-22 07:25:13.330000,9.61282,9.61148,1000000,1000000
2019-08-22 07:25:13.440000,9.61287,9.61153,1000000,1000000
2019-08-22 07:25:13.584000,9.61296,9.61162,1000000,1000000
2019-08-22 07:25:13.986000,9.61292,9.61158,1000000,1000000
2019-08-22 07:25:14.212000,9.61287,9.61153,1000000,1000000
2019-08-22 07:25:15.685000,9.61294,9.6116,1000000,1000000
2019-08-22 07:25:15.797000,9.61302,9.61168,1000000,1000000
2019-08-22 07:25:15.898000,9.613,9.61166,1000000,1000000
2019-08-22 07:25:16.049000,9.61322,9.61189,1000000,1000000
2019-08-22 07:25:16.164000,9.61314,9.6118,1000000,1000000
2019-08-22 07:25:16.339000,9.61318,9.61184,1000000,1000000
2019-08-22 07:25:16.689000,9.61324,9.6119,1000000,1000000
2019-08-22 07:25:17.335000,9.61325,9.61191,1000000,1000000
2019-08-22 07:25:17.436000,9.6132,9.61186,1000000,1000000
2019-08-22 07:25:17.543000,9.61297,9.61163,1000000,1000000
2019-08-22 07:25:17.949000,9.61303,9.61169,1000000,1000000
2019-08-22 07:25:18.057000,9.61298,9.61164,1000000,1000000
2019-08-22 07:25:18.187000,9.61292,9.61158,1000000,1000000
2019-08-22 07:25:18.305000,9.61296,9.61162,1000000,1000000
2019-08-22 07:25:18.831000,9.61306,9.61172,1000000,1000000
2019-08-22 07:25:19.248000,9.61296,9.61163,1000000,1000000
2019-08-22 07:25:19.819000,9.61298,9.61164,1000000,1000000
2019-08-22 07:25:19.980000,9.61292,9.61158,1000000,1000000
2019-08-22 07:25:20.474000,9.61293,9.61159,1000000,1000000
2019-08-22 07:25:20.736000,9.61293,9.61172,1000000,1000000
2019-08-22 07:25:20.904000,9.61295,9.61172,1000000,1000000
2019-08-22 07:25:20.954000,9.6129,9.61172,1000000,1000000
2019-08-22 07:25:21.422000,9.61296,9.61172,1000000,1000000
2019-08-22 07:25:21.887000,9.61292,9.61172,1000000,1000000
2019-08-22 07:25:21.999000,9.61297,9.61172,1000000,1000000
2019-08-22 07:25:22.210000,9.61292,9.61172,1000000,1000000
2019-08-22 07:25:22.621000,9.61304,9.61172,1000000,1500000
2019-08-22 07:25:22.672000,9.61329,9.61195,1000000,1000000
2019-08-22 07:25:22.722000,9.61329,9.61241,1000000,1000000
2019-08-22 07:25:22.773000,9.6138,9.61245,1000000,1000000
2019-08-22 07:25:22.874000,9.6138,9.61257,1000000,1000000
2019-08-22 07:25:23.013000,9.6138,9.61275,1000000,1000000
2019-08-22 07:25:23.466000,9.61389,9.61275,1000000,1000000
2019-08-22 07:25:23.741000,9.61389,9.61278,1000000,1000000
2019-08-22 07:25:23.950000,9.61395,9.61278,1000000,1000000
2019-08-22 07:25:24.051000,9.61407,9.61286,1000000,1000000
2019-08-22 07:25:24.101000,9.61399,9.6129,1000000,1000000
2019-08-22 07:25:24.151000,9.61402,9.6129,1000000,1000000
2019-08-22 07:25:24.202000,9.61402,9.61286,1000000,1000000
2019-08-22 07:25:24.302000,9.61402,9.61295,1000000,1000000
2019-08-22 07:25:24.428000,9.61409,9.61295,1000000,1000000
2019-08-22 07:25:24.510000,9.61413,9.61295,1000000,1000000
2019-08-22 07:25:25.167000,9.61409,9.61295,1000000,1000000
2019-08-22 07:25:25.525000,9.61409,9.61296,1000000,1000000
2019-08-22 07:25:26.243000,9.61418,9.61296,1000000,1000000
2019-08-22 07:25:26.300000,9.61424,9.61296,1000000,1000000
2019-08-22 07:25:26.463000,9.61429,9.61299,1000000,1000000
2019-08-22 07:25:26.514000,9.61429,9.61309,1000000,1000000
2019-08-22 07:25:26.565000,9.61431,9.61309,1000000,1000000
2019-08-22 07:25:26.616000,9.61425,9.61309,1000000,1000000
2019-08-22 07:25:26.767000,9.61423,9.61309,1000000,1000000
2019-08-22 07:25:26.935000,9.61414,9.61309,1000000,1000000
2019-08-22 07:25:27.036000,9.61414,9.61298,1000000,1000000
2019-08-22 07:25:27.087000,9.61404,9.61298,1000000,1000000
2019-08-22 07:25:27.278000,9.61416,9.61298,1000000,1000000
2019-08-22 07:25:27.328000,9.61409,9.61298,1000000,1000000
2019-08-22 07:25:27.429000,9.61409,9.61281,1000000,1000000
2019-08-22 07:25:27.735000,9.61415,9.61285,1000000,1000000
2019-08-22 07:25:28.099000,9.61409,9.61279,1000000,1000000
2019-08-22 07:25:28.250000,9.61409,9.61282,1000000,1000000
2019-08-22 07:25:28.580000,9.61407,9.61282,1000000,1000000
2019-08-22 07:25:28.704000,9.61394,9.61273,1000000,1000000
2019-08-22 07:25:28.771000,9.614,9.61273,1000000,1000000
2019-08-22 07:25:28.822000,9.61389,9.61273,1000000,1000000
2019-08-22 07:25:28.971000,9.61364,9.6124,1000000,1000000
2019-08-22 07:25:29.022000,9.61355,9.61232,1000000,1000000
2019-08-22 07:25:29.074000,9.61361,9.61232,1000000,1000000
2019-08-22 07:25:29.175000,9.61366,9.61235,1000000,1000000
2019-08-22 07:25:29.225000,9.6137,9.61242,1000000,1000000
2019-08-22 07:25:29.769000,9.61365,9.61239,1000000,1000000
2019-08-22 07:25:29.872000,9.6135,9.61238,1000000,1000000
2019-08-22 07:25:29.922000,9.6135,9.61222,1000000,1000000
2019-08-22 07:25:30.023000,9.61354,9.61224,1000000,1000000
2019-08-22 07:25:30.074000,9.6135,9.61222,1000000,1000000
2019-08-22 07:25:30.124000,9.61354,9.61224,1000000,1000000
2019-08-22 07:25:30.175000,9.6136,9.61229,1000000,1000000
2019-08-22 07:25:30.225000,9.61354,9.61223,1000000,1000000
2019-08-22 07:25:30.544000,9.61363,9.61233,1000000,1000000
2019-08-22 07:25:30.910000,9.61359,9.61228,1000000,1000000
2019-08-22 07:25:31.190000,9.61366,9.61235,1000000,1000000
2019-08-22 07:25:31.611000,9.6137,9.6124,1000000,1000000
2019-08-22 07:25:31.822000,9.61359,9.61229,1000000,1000000
2019-08-22 07:25:31.973000,9.61349,9.61219,1000000,1000000
2019-08-22 07:25:32.525000,9.61344,9.61214,1000000,1000000
2019-08-22 07:25:33.534000,9.61339,9.61208,1000000,1000000
2019-08-22 07:25:36.320000,9.61341,9.61211,1000000,1000000
2019-08-22 07:25:37.808000,9.61339,9.61211,1000000,1000000
2019-08-22 07:25:38.380000,9.61339,9.61219,1000000,1000000
2019-08-22 07:25:38.431000,9.61339,9.61214,1000000,1000000
2019-08-22 07:25:38.523000,9.61339,9.6122,1000000,1000000
2019-08-22 07:25:38.713000,9.61339,9.61229,1000000,1000000
2019-08-22 07:25:38.819000,9.61339,9.61242,1000000,1000000
2019-08-22 07:25:38.869000,9.61372,9.61247,1000000,1000000
2019-08-22 07:25:38.920000,9.61372,9.61242,1500000,1000000
2019-08-22 07:25:39.421000,9.61372,9.61247,1000000,1000000
2019-08-22 07:25:39.572000,9.61367,9.61236,1500000,1000000
2019-08-22 07:25:39.622000,9.61346,9.61216,1000000,1000000
2019-08-22 07:25:39.724000,9.61343,9.61216,1000000,1000000
2019-08-22 07:25:39.927000,9.61343,9.61221,1000000,1000000
2019-08-22 07:25:40.100000,9.61343,9.61234,1000000,1000000
2019-08-22 07:25:40.151000,9.61343,9.61222,1000000,1000000
2019-08-22 07:25:40.201000,9.61352,9.61235,1000000,1000000
2019-08-22 07:25:40.302000,9.61337,9.61235,1000000,1000000
2019-08-22 07:25:40.402000,9.61351,9.61235,1000000,1000000
2019-08-22 07:25:40.671000,9.61351,9.6123,1000000,1000000
2019-08-22 07:25:41.243000,9.61351,9.61225,1000000,1000000
2019-08-22 07:25:41.344000,9.6135,9.6122,1000000,1000000
2019-08-22 07:25:41.395000,9.61351,9.61236,1000000,1000000
2019-08-22 07:25:41.445000,9.61361,9.61241,1000000,1000000
2019-08-22 07:25:41.496000,9.61361,9.61238,1000000,1000000
2019-08-22 07:25:42.820000,9.61361,9.61235,1000000,1000000
2019-08-22 07:25:42.920000,9.61361,9.61239,1000000,1000000
2019-08-22 07:25:43.021000,9.61361,9.61243,1000000,1000000
2019-08-22 07:25:43.122000,9.61361,9.61238,1000000,1000000
2019-08-22 07:25:43.172000,9.61361,9.61255,1000000,1000000
2019-08-22 07:25:43.222000,9.61366,9.61255,1000000,1000000
2019-08-22 07:25:43.273000,9.61366,9.61232,1000000,1000000
2019-08-22 07:25:43.384000,9.61366,9.61221,1000000,1000000
2019-08-22 07:25:43.435000,9.61349,9.61217,1000000,1000000
2019-08-22 07:25:43.536000,9.61346,9.61217,1000000,1000000
2019-08-22 07:25:43.586000,9.61346,9.61207,1000000,1000000
2019-08-22 07:25:43.895000,9.61346,9.61212,1000000,1000000
2019-08-22 07:25:43.996000,9.61351,9.61253,1000000,1000000
2019-08-22 07:25:44.097000,9.61382,9.61253,1000000,1000000
2019-08-22 07:25:44.320000,9.61382,9.61251,1000000,1000000
2019-08-22 07:25:44.760000,9.61382,9.61256,1000000,1000000
2019-08-22 07:25:44.829000,9.61391,9.61256,1000000,1000000
2019-08-22 07:25:44.879000,9.61391,9.61262,1000000,1000000
2019-08-22 07:25:44.980000,9.61419,9.61314,1000000,1000000
2019-08-22 07:25:45.086000,9.61419,9.61334,1000000,1000000
2019-08-22 07:25:45.136000,9.61457,9.61325,1000000,1000000
2019-08-22 07:25:45.187000,9.61457,9.61345,1000000,1000000
2019-08-22 07:25:45.237000,9.61465,9.61345,1000000,1000000
2019-08-22 07:25:45.288000,9.61488,9.61345,1000000,1000000
2019-08-22 07:25:45.339000,9.61488,9.61354,1000000,1000000
2019-08-22 07:25:45.389000,9.6148,9.61333,1000000,1000000
2019-08-22 07:25:45.440000,9.61476,9.61325,1000000,1000000
2019-08-22 07:25:45.491000,9.61466,9.61323,1000000,1000000
2019-08-22 07:25:45.593000,9.61465,9.61323,1500000,1000000
2019-08-22 07:25:45.704000,9.61455,9.61323,1000000,1000000
2019-08-22 07:25:46.457000,9.61442,9.61323,1000000,1000000
2019-08-22 07:25:46.842000,9.61455,9.61353,1000000,1000000
2019-08-22 07:25:46.943000,9.61473,9.61363,1000000,1000000
2019-08-22 07:25:46.993000,9.61473,9.61373,1000000,1000000
2019-08-22 07:25:47.094000,9.6148,9.61393,1000000,1000000
2019-08-22 07:25:47.144000,9.61509,9.61393,1000000,1000000
2019-08-22 07:25:47.245000,9.61525,9.61393,1000000,1000000
2019-08-22 07:25:48.840000,9.61523,9.6137,1000000,1000000
2019-08-22 07:25:48.935000,9.61512,9.6136,1000000,1000000
2019-08-22 07:25:49.039000,9.61495,9.61363,1000000,1000000
2019-08-22 07:25:49.090000,9.61495,9.61354,1000000,1000000
2019-08-22 07:25:49.241000,9.61495,9.61345,1000000,1000000
2019-08-22 07:25:49.291000,9.61478,9.61345,1000000,1000000
2019-08-22 07:25:49.342000,9.61471,9.61319,1000000,1000000
2019-08-22 07:25:49.392000,9.61467,9.61319,1000000,1000000
2019-08-22 07:25:49.536000,9.61467,9.61333,1000000,1000000
2019-08-22 07:25:49.637000,9.61467,9.61325,1000000,1000000
2019-08-22 07:25:49.792000,9.61467,9.6132,1000000,1000000
2019-08-22 07:25:50.025000,9.61466,9.61314,1000000,1000000
2019-08-22 07:25:50.076000,9.61467,9.61322,1000000,1000000
2019-08-22 07:25:50.127000,9.61467,9.61318,1000000,1000000
2019-08-22 07:25:50.177000,9.61459,9.61318,1000000,1000000
2019-08-22 07:25:50.228000,9.61446,9.61294,1000000,1000000
2019-08-22 07:25:50.279000,9.61442,9.6129,1000000,1000000
2019-08-22 07:25:50.380000,9.61432,9.61291,1000000,1000000
2019-08-22 07:25:50.523000,9.61426,9.61296,1000000,1000000
2019-08-22 07:25:51.125000,9.61426,9.61291,1000000,1000000
2019-08-22 07:25:51.820000,9.61426,9.61293,1000000,1000000
2019-08-22 07:25:54.172000,9.61422,9.61276,1000000,1000000
2019-08-22 07:25:54.223000,9.61416,9.61265,1000000,1000000
2019-08-22 07:25:54.273000,9.61394,9.61257,1000000,1000000
2019-08-22 07:25:54.398000,9.61394,9.61266,1000000,1000000
2019-08-22 07:25:54.597000,9.61394,9.61269,1000000,1000000
2019-08-22 07:25:54.926000,9.61396,9.61269,1000000,1000000
2019-08-22 07:25:55.365000,9.61389,9.61269,1000000,1000000
2019-08-22 07:25:56.117000,9.61389,9.6126,1000000,1000000
2019-08-22 07:25:56.469000,9.6139,9.61254,1000000,1000000
2019-08-22 07:25:56.569000,9.6138,9.61228,1000000,1000000
2019-08-22 07:25:56.620000,9.61359,9.61228,1000000,1000000
2019-08-22 07:25:57.132000,9.61351,9.61228,1000000,1000000
2019-08-22 07:25:57.182000,9.61351,9.61221,1000000,1000000
2019-08-22 07:25:57.233000,9.61348,9.61221,1000000,1000000
2019-08-22 07:25:57.836000,9.61348,9.61208,1000000,1000000
2019-08-22 07:25:57.887000,9.61348,9.61219,1000000,1000000
2019-08-22 07:25:57.988000,9.61359,9.61219,1000000,1000000
2019-08-22 07:25:58.039000,9.61345,9.61219,1000000,1000000
2019-08-22 07:25:58.228000,9.61359,9.61219,1000000,1000000
2019-08-22 07:25:58.379000,9.61356,9.61219,1000000,1000000
2019-08-22 07:25:58.820000,9.61356,9.61216,1000000,1000000
2019-08-22 07:25:59.016000,9.61349,9.61216,1000000,1000000
2019-08-22 07:25:59.266000,9.61349,9.61205,1000000,1000000
2019-08-22 07:25:59.366000,9.61331,9.61184,1000000,1000000
2019-08-22 07:25:59.417000,9.61322,9.61184,1000000,1000000
2019-08-22 07:25:59.568000,9.61312,9.61184,1000000,1000000
2019-08-22 07:25:59.719000,9.61312,9.61171,1000000,1000000
2019-08-22 07:26:00.023000,9.61312,9.61183,1000000,1000000
2019-08-22 07:26:00.073000,9.61312,9.61175,1000000,1000000
2019-08-22 07:26:00.124000,9.61312,9.61162,1000000,1000000
2019-08-22 07:26:00.174000,9.61315,9.61168,1000000,1000000
2019-08-22 07:26:00.275000,9.61315,9.61173,1000000,1000000
2019-08-22 07:26:00.376000,9.61321,9.61184,1000000,1000000
2019-08-22 07:26:00.465000,9.61321,9.6118,1000000,1000000
2019-08-22 07:26:00.515000,9.61305,9.61174,1000000,1000000
2019-08-22 07:26:00.566000,9.61311,9.6117,1000000,1000000
2019-08-22 07:26:00.666000,9.61308,9.61168,1000000,1000000
2019-08-22 07:26:00.718000,9.61312,9.61168,1000000,1000000
2019-08-22 07:26:01.386000,9.61312,9.61174,1000000,1000000
2019-08-22 07:26:01.511000,9.61316,9.61187,1000000,1000000
2019-08-22 07:26:01.564000,9.61333,9.61196,1000000,1000000
2019-08-22 07:26:01.665000,9.61324,9.61186,1000000,1000000
2019-08-22 07:26:01.715000,9.61319,9.61186,1000000,1000000
2019-08-22 07:26:01.766000,9.61319,9.61173,1000000,1000000
2019-08-22 07:26:01.867000,9.61319,9.61175,1000000,1000000
2019-08-22 07:26:01.917000,9.61327,9.61175,1000000,1000000
2019-08-22 07:26:02.141000,9.61332,9.6118,1000000,1000000
2019-08-22 07:26:02.242000,9.6133,9.61181,1000000,1000000
2019-08-22 07:26:02.292000,9.61323,9.61172,1000000,1000000
2019-08-22 07:26:02.426000,9.61318,9.61168,1000000,1000000
2019-08-22 07:26:02.678000,9.61336,9.61185,1000000,1000000
2019-08-22 07:26:02.989000,9.61329,9.61185,1000000,1000000
2019-08-22 07:26:04.927000,9.61329,9.61195,1000000,1000000
2019-08-22 07:26:04.978000,9.61329,9.61185,1000000,1000000
2019-08-22 07:26:05.257000,9.61329,9.6118,1000000,1000000
2019-08-22 07:26:05.426000,9.61321,9.61169,1000000,1000000
2019-08-22 07:26:05.736000,9.61324,9.61172,1000000,1000000
2019-08-22 07:26:05.837000,9.6132,9.61169,1000000,1000000
2019-08-22 07:26:05.887000,9.61328,9.61176,1000000,1000000
2019-08-22 07:26:05.938000,9.61333,9.61182,1000000,1000000
2019-08-22 07:26:05.988000,9.61335,9.61183,1000000,1000000
2019-08-22 07:26:06.039000,9.61339,9.61188,1000000,1000000
2019-08-22 07:26:06.089000,9.61355,9.61203,1000000,1000000
2019-08-22 07:26:06.240000,9.61365,9.61213,1000000,1000000
2019-08-22 07:26:06.341000,9.61356,9.61205,1000000,1000000
2019-08-22 07:26:06.442000,9.61331,9.6118,1000000,1000000
2019-08-22 07:26:06.555000,9.61308,9.61156,1000000,1000000
2019-08-22 07:26:06.656000,9.61311,9.61162,1000000,1000000
2019-08-22 07:26:06.775000,9.61312,9.61173,1000000,1000000
2019-08-22 07:26:06.825000,9.61325,9.61183,1000000,1000000
2019-08-22 07:26:06.926000,9.61329,9.61183,1000000,1000000
2019-08-22 07:26:07.482000,9.61329,9.61178,1500000,1000000
2019-08-22 07:26:07.533000,9.61343,9.61191,1000000,1000000
2019-08-22 07:26:07.734000,9.61329,9.61191,1000000,1000000
2019-08-22 07:26:07.840000,9.61326,9.61175,1000000,1000000
2019-08-22 07:26:09.012000,9.61329,9.61181,1000000,1000000
2019-08-22 07:26:09.113000,9.61329,9.61212,1000000,1000000
2019-08-22 07:26:09.163000,9.61344,9.61214,1000000,1000000
2019-08-22 07:26:09.264000,9.61354,9.6121,1000000,1000000
2019-08-22 07:26:09.365000,9.61354,9.61204,1000000,1000000
2019-08-22 07:26:09.465000,9.6134,9.61189,1000000,1000000
2019-08-22 07:26:09.550000,9.61333,9.61182,1000000,1000000
2019-08-22 07:26:09.651000,9.6132,9.61177,1000000,1000000
2019-08-22 07:26:09.942000,9.6132,9.61182,1000000,1000000
2019-08-22 07:26:10.106000,9.6132,9.61181,1000000,1000000
2019-08-22 07:26:10.571000,9.6132,9.61176,1000000,1000000
2019-08-22 07:26:10.621000,9.6132,9.61182,1000000,1000000
2019-08-22 07:26:10.930000,9.6132,9.61175,1000000,1000000
2019-08-22 07:26:11.031000,9.61308,9.61171,1000000,1000000
2019-08-22 07:26:11.184000,9.61308,9.61185,1000000,1000000
2019-08-22 07:26:11.235000,9.61331,9.61197,1000000,1000000
2019-08-22 07:26:11.335000,9.61339,9.61197,1000000,1000000
2019-08-22 07:26:11.500000,9.61339,9.61207,1000000,1000000
2019-08-22 07:26:11.601000,9.61343,9.61208,1000000,1000000
2019-08-22 07:26:11.899000,9.61343,9.61221,1000000,1000000
2019-08-22 07:26:12.109000,9.61343,9.61225,1000000,1000000
2019-08-22 07:26:12.369000,9.61343,9.61219,1000000,1000000
2019-08-22 07:26:14.320000,9.61343,9.61217,1000000,1000000
2019-08-22 07:26:15.320000,9.61343,9.6122,1000000,1000000
2019-08-22 07:26:16.325000,9.61343,9.61212,1000000,1000000
2019-08-22 07:26:16.426000,9.61332,9.61208,1000000,1000000
2019-08-22 07:26:16.476000,9.61332,9.61198,1000000,1000000
2019-08-22 07:26:16.626000,9.61316,9.61197,1000000,1000000
2019-08-22 07:26:16.677000,9.61327,9.61197,1000000,1000000
2019-08-22 07:26:16.870000,9.61325,9.61173,1000000,1000000
2019-08-22 07:26:16.970000,9.61315,9.61173,1000000,1000000
2019-08-22 07:26:17.284000,9.61315,9.61169,1000000,1000000
2019-08-22 07:26:17.478000,9.61302,9.61169,1000000,1000000
2019-08-22 07:26:18.751000,9.61299,9.61169,1000000,1000000
2019-08-22 07:26:19.813000,9.61314,9.61169,1000000,1000000
2019-08-22 07:26:21.055000,9.61314,9.61164,1000000,1000000
2019-08-22 07:26:21.161000,9.61314,9.61171,1000000,1000000
2019-08-22 07:26:21.212000,9.61314,9.61167,1000000,1000000
2019-08-22 07:26:21.313000,9.61328,9.61187,1000000,1000000
2019-08-22 07:26:21.363000,9.6133,9.61187,1000000,1000000
2019-08-22 07:26:21.414000,9.6133,9.6118,1000000,1000000
2019-08-22 07:26:21.538000,9.61333,9.6118,1000000,1000000
2019-08-22 07:26:21.618000,9.61339,9.6119,1000000,1000000
2019-08-22 07:26:22.041000,9.61326,9.6119,1000000,1000000
2019-08-22 07:26:22.304000,9.61319,9.61168,1000000,1000000
2019-08-22 07:26:22.355000,9.61329,9.61177,1000000,1000000
2019-08-22 07:26:22.465000,9.61343,9.61191,1000000,1000000
2019-08-22 07:26:22.566000,9.61346,9.61194,1500000,1000000
2019-08-22 07:26:23.063000,9.61335,9.61183,1000000,1000000
2019-08-22 07:26:23.164000,9.61323,9.61171,1000000,1000000
2019-08-22 07:26:23.365000,9.61332,9.61181,1000000,1000000
2019-08-22 07:26:23.570000,9.61334,9.61186,1000000,1000000
2019-08-22 07:26:23.621000,9.61334,9.61184,1000000,1000000
2019-08-22 07:26:24.073000,9.61325,9.61173,1000000,1000000
2019-08-22 07:26:24.180000,9.61328,9.61178,1000000,1000000
2019-08-22 07:26:24.248000,9.61333,9.61181,1000000,1000000
2019-08-22 07:26:24.349000,9.61339,9.61188,1000000,1000000
2019-08-22 07:26:24.950000,9.61343,9.61198,1000000,1000000
2019-08-22 07:26:25.055000,9.61344,9.61198,1000000,1000000
2019-08-22 07:26:26.038000,9.61344,9.61203,1000000,1000000
2019-08-22 07:26:26.089000,9.61344,9.61192,1500000,1000000
2019-08-22 07:26:26.190000,9.61339,9.61187,1000000,1000000
2019-08-22 07:26:26.291000,9.61343,9.61192,1000000,1000000
2019-08-22 07:26:26.342000,9.61339,9.61187,1000000,1000000
2019-08-22 07:26:26.543000,9.61342,9.6119,1500000,1000000
2019-08-22 07:26:26.594000,9.6133,9.61177,1000000,1000000
2019-08-22 07:26:26.773000,9.61334,9.61182,1000000,1000000
2019-08-22 07:26:27.041000,9.6133,9.61177,1000000,1000000
2019-08-22 07:26:27.091000,9.61334,9.61182,1000000,1000000
2019-08-22 07:26:27.192000,9.61322,9.61169,1000000,1000000
2019-08-22 07:26:27.329000,9.61316,9.61164,1000000,1000000
2019-08-22 07:26:27.841000,9.61322,9.61169,1000000,1000000
2019-08-22 07:26:28.304000,9.61328,9.61178,1000000,1000000
2019-08-22 07:26:28.354000,9.61335,9.61182,1000000,1000000
2019-08-22 07:26:28.405000,9.61339,9.61187,1500000,1000000
2019-08-22 07:26:28.455000,9.61344,9.61191,1000000,1000000
2019-08-22 07:26:28.556000,9.61336,9.61184,1000000,1000000
2019-08-22 07:26:28.688000,9.61337,9.61186,1000000,1000000
2019-08-22 07:26:28.839000,9.61325,9.61174,1000000,1000000
2019-08-22 07:26:28.889000,9.61338,9.61186,1000000,1000000
2019-08-22 07:26:29.276000,9.61343,9.61192,1000000,1000000
2019-08-22 07:26:29.584000,9.61341,9.61192,1000000,1000000
2019-08-22 07:26:29.839000,9.61341,9.6119,1000000,1000000
2019-08-22 07:26:29.890000,9.61341,9.61203,1000000,1000000
2019-08-22 07:26:29.990000,9.61369,9.61224,1000000,1000000
2019-08-22 07:26:30.041000,9.61369,9.61219,1000000,1000000
2019-08-22 07:26:30.092000,9.61361,9.61209,1000000,1000000
2019-08-22 07:26:30.407000,9.61357,9.61206,1000000,1000000
2019-08-22 07:26:30.820000,9.61366,9.61214,1000000,1000000
2019-08-22 07:26:31.269000,9.61361,9.61211,1000000,1000000
2019-08-22 07:26:31.319000,9.61361,9.61209,1000000,1000000
2019-08-22 07:26:32.973000,9.61362,9.61214,1000000,1000000
2019-08-22 07:26:33.074000,9.61366,9.61214,1000000,1000000
2019-08-22 07:26:33.398000,9.61361,9.61209,1000000,1000000
2019-08-22 07:26:33.549000,9.61345,9.61193,1000000,1000000
2019-08-22 07:26:33.750000,9.6135,9.61198,1500000,1000000
2019-08-22 07:26:34.094000,9.6134,9.61198,1000000,1000000
2019-08-22 07:26:35.019000,9.6134,9.61213,1000000,1000000
2019-08-22 07:26:35.120000,9.61349,9.61213,1000000,1000000
2019-08-22 07:26:35.220000,9.6134,9.61197,1000000,1000000
2019-08-22 07:26:35.321000,9.61339,9.61197,1000000,1000000
2019-08-22 07:26:35.826000,9.61345,9.61197,1000000,1000000
2019-08-22 07:26:35.885000,9.61345,9.61203,1000000,1000000
2019-08-22 07:26:35.935000,9.61349,9.61203,1000000,1000000
2019-08-22 07:26:35.986000,9.61349,9.61199,1500000,1000000
2019-08-22 07:26:36.036000,9.61342,9.61192,1000000,1000000
2019-08-22 07:26:36.137000,9.61334,9.61187,1000000,1000000
2019-08-22 07:26:36.426000,9.61333,9.61187,1000000,1000000
2019-08-22 07:26:37.857000,9.61333,9.61188,1000000,1000000
2019-08-22 07:26:38.011000,9.61333,9.61183,1000000,1000000
2019-08-22 07:26:38.062000,9.61333,9.61188,1000000,1000000
2019-08-22 07:26:38.262000,9.6134,9.61188,1500000,1000000
2019-08-22 07:26:38.820000,9.61337,9.61185,1000000,1000000
2019-08-22 07:26:41.387000,9.6134,9.61189,1000000,1000000
2019-08-22 07:26:41.538000,9.61357,9.61213,1000000,1000000
2019-08-22 07:26:41.690000,9.61349,9.61197,1000000,1000000
2019-08-22 07:26:42.664000,9.61353,9.61202,1000000,1000000
2019-08-22 07:26:42.715000,9.61358,9.61206,1000000,1000000
2019-08-22 07:26:43.964000,9.61351,9.61199,1000000,1000000
2019-08-22 07:26:44.065000,9.61341,9.61196,1000000,1000000
2019-08-22 07:26:44.116000,9.61341,9.6119,1000000,1000000
2019-08-22 07:26:44.167000,9.61346,9.61194,1000000,1000000
2019-08-22 07:26:44.279000,9.6134,9.6119,1000000,1000000
2019-08-22 07:26:44.380000,9.61343,9.61191,1000000,1000000
2019-08-22 07:26:44.431000,9.61338,9.61188,1000000,1000000
2019-08-22 07:26:44.549000,9.61343,9.61192,1000000,1000000
2019-08-22 07:26:44.599000,9.61355,9.61204,1000000,1000000
2019-08-22 07:26:44.700000,9.61351,9.612,1000000,1000000
2019-08-22 07:26:44.801000,9.6134,9.61196,1000000,1000000
2019-08-22 07:26:44.851000,9.6134,9.61188,1000000,1500000
2019-08-22 07:26:45.319000,9.61341,9.61189,1000000,1000000
2019-08-22 07:26:45.370000,9.61333,9.61182,1000000,1000000
2019-08-22 07:26:45.470000,9.61339,9.61187,1000000,1000000
2019-08-22 07:26:45.871000,9.6133,9.61178,1000000,1000000
2019-08-22 07:26:46.802000,9.61324,9.61173,1000000,1000000
2019-08-22 07:26:46.852000,9.61332,9.6118,1000000,1000000
2019-08-22 07:26:48.212000,9.61336,9.61184,1000000,1000000
2019-08-22 07:26:48.382000,9.61332,9.6118,1000000,1000000
2019-08-22 07:26:49.479000,9.61338,9.61187,1000000,1000000
2019-08-22 07:26:49.604000,9.61338,9.61191,1000000,1000000
2019-08-22 07:26:49.705000,9.61338,9.61197,1000000,1000000
2019-08-22 07:26:49.755000,9.61338,9.61191,1000000,1000000
2019-08-22 07:26:50.083000,9.61338,9.61196,1000000,1000000
2019-08-22 07:26:50.369000,9.61338,9.612,1000000,1000000
2019-08-22 07:26:50.616000,9.61338,9.61194,1000000,1000000
2019-08-22 07:26:50.717000,9.61338,9.61189,1000000,1000000
2019-08-22 07:26:50.767000,9.61338,9.61196,1000000,1000000
2019-08-22 07:26:50.877000,9.61338,9.61189,1000000,1000000
2019-08-22 07:26:50.988000,9.61331,9.61179,1000000,1000000
2019-08-22 07:26:51.476000,9.61336,9.61184,1000000,1000000
2019-08-22 07:26:51.578000,9.61338,9.61194,1000000,1000000
2019-08-22 07:26:52.969000,9.61338,9.61186,1500000,1000000
2019-08-22 07:26:53.105000,9.61334,9.61182,1000000,1000000
2019-08-22 07:26:54.022000,9.61328,9.61175,1000000,1000000
2019-08-22 07:26:54.120000,9.61332,9.6118,1000000,1000000
2019-08-22 07:26:54.222000,9.61328,9.61175,1000000,1000000
2019-08-22 07:26:54.349000,9.61327,9.61175,1000000,1000000
2019-08-22 07:26:56.185000,9.61308,9.61162,1000000,1000000
2019-08-22 07:26:56.235000,9.61304,9.6115,1000000,1000000
2019-08-22 07:26:56.375000,9.61295,9.61144,1000000,1000000
2019-08-22 07:26:56.774000,9.61301,9.61147,1000000,1000000
2019-08-22 07:26:56.825000,9.61306,9.6116,1000000,1000000
2019-08-22 07:26:56.875000,9.61314,9.61166,1000000,1000000
2019-08-22 07:26:56.926000,9.61314,9.6117,1000000,1000000
2019-08-22 07:26:56.976000,9.61321,9.6117,1000000,1000000
2019-08-22 07:26:57.027000,9.61318,9.61164,1000000,1000000
2019-08-22 07:26:57.709000,9.61321,9.61169,1000000,1000000
2019-08-22 07:26:58.162000,9.61321,9.61173,1000000,1000000
2019-08-22 07:26:58.233000,9.61318,9.61165,1000000,1000000
2019-08-22 07:26:58.512000,9.61321,9.61169,1000000,1000000
2019-08-22 07:26:59.323000,9.61317,9.61164,1000000,1000000
2019-08-22 07:26:59.428000,9.61313,9.61159,1000000,1000000
2019-08-22 07:26:59.969000,9.61321,9.61168,1000000,1000000
2019-08-22 07:27:00.070000,9.61321,9.61167,1500000,1000000
2019-08-22 07:27:00.171000,9.61321,9.61173,1000000,1000000
2019-08-22 07:27:00.221000,9.61319,9.61165,1000000,1000000
2019-08-22 07:27:00.272000,9.61321,9.6117,1000000,1000000
2019-08-22 07:27:01.731000,9.61324,9.6117,1000000,1000000
2019-08-22 07:27:01.782000,9.61327,9.61173,1000000,1000000
2019-08-22 07:27:01.933000,9.61321,9.61177,1000000,1000000
2019-08-22 07:27:01.983000,9.61321,9.61167,1000000,1000000
2019-08-22 07:27:02.320000,9.61328,9.61174,1000000,1000000
2019-08-22 07:27:04.519000,9.61322,9.6117,1000000,1000000
2019-08-22 07:27:05.811000,9.61318,9.6117,1000000,1000000
2019-08-22 07:27:06.723000,9.61309,9.61156,1000000,1000000
2019-08-22 07:27:06.774000,9.61299,9.61155,1000000,1000000
2019-08-22 07:27:06.902000,9.61299,9.61179,1000000,1000000
2019-08-22 07:27:07.527000,9.61299,9.61173,1000000,1000000
2019-08-22 07:27:07.578000,9.6129,9.61162,1000000,1000000
2019-08-22 07:27:07.679000,9.61281,9.61162,1000000,1000000
2019-08-22 07:27:08.704000,9.61281,9.61168,1000000,1000000
2019-08-22 07:27:08.772000,9.61285,9.61168,1000000,1000000
2019-08-22 07:27:08.822000,9.61285,9.6119,1000000,1000000
2019-08-22 07:27:08.923000,9.61312,9.61186,1000000,1000000
2019-08-22 07:27:08.974000,9.61312,9.61181,1500000,1000000
2019-08-22 07:27:09.864000,9.61311,9.61181,1000000,1000000
2019-08-22 07:27:11.959000,9.6131,9.61166,1000000,1000000
2019-08-22 07:27:12.550000,9.61309,9.61165,1000000,1000000
2019-08-22 07:27:12.650000,9.61298,9.61154,1000000,1000000
2019-08-22 07:27:12.751000,9.61297,9.61161,1000000,1000000
2019-08-22 07:27:12.935000,9.61297,9.61156,1000000,1000000
2019-08-22 07:27:14.080000,9.61294,9.6115,1000000,1000000
2019-08-22 07:27:14.157000,9.61285,9.61141,1000000,1000000
2019-08-22 07:27:14.258000,9.61275,9.61131,1000000,1000000
2019-08-22 07:27:14.979000,9.61266,9.61131,1000000,1000000
2019-08-22 07:27:15.976000,9.61266,9.61136,1000000,1000000
2019-08-22 07:27:16.178000,9.61276,9.61132,1500000,1000000
2019-08-22 07:27:16.271000,9.61276,9.61144,1000000,1000000
2019-08-22 07:27:16.324000,9.61294,9.6115,1000000,1000000
2019-08-22 07:27:16.377000,9.61278,9.6115,1000000,1000000
2019-08-22 07:27:16.478000,9.61278,9.61145,1000000,1000000
2019-08-22 07:27:16.578000,9.61278,9.61137,1000000,1000000
2019-08-22 07:27:16.629000,9.61278,9.61141,1000000,1000000
2019-08-22 07:27:16.802000,9.6129,9.61146,1000000,1000000
2019-08-22 07:27:16.852000,9.6129,9.61157,1000000,1000000
2019-08-22 07:27:16.903000,9.61294,9.61153,1000000,1000000
2019-08-22 07:27:16.953000,9.61294,9.61163,1000000,1000000
2019-08-22 07:27:17.086000,9.61294,9.61164,1000000,1000000
2019-08-22 07:27:17.257000,9.61287,9.61142,1000000,1000000
2019-08-22 07:27:17.307000,9.61277,9.61135,1000000,1000000
2019-08-22 07:27:17.559000,9.61277,9.61138,1000000,1000000
2019-08-22 07:27:17.845000,9.61277,9.61139,1000000,1000000
2019-08-22 07:27:17.973000,9.61277,9.61144,1000000,1000000
2019-08-22 07:27:18.416000,9.61277,9.61149,1000000,1000000
2019-08-22 07:27:18.552000,9.61277,9.61186,1000000,1000000
2019-08-22 07:27:18.653000,9.61325,9.61201,1000000,1000000
2019-08-22 07:27:18.704000,9.61325,9.61196,1000000,1000000
2019-08-22 07:27:18.805000,9.61324,9.61191,1000000,1000000
2019-08-22 07:27:19.241000,9.61325,9.61191,1000000,1000000
2019-08-22 07:27:19.561000,9.61323,9.61179,1000000,1000000
2019-08-22 07:27:19.611000,9.61296,9.61152,1000000,1000000
2019-08-22 07:27:19.712000,9.6127,9.61131,1000000,1000000
2019-08-22 07:27:19.813000,9.61262,9.61138,1000000,1000000
2019-08-22 07:27:19.872000,9.61262,9.61132,1000000,1000000
2019-08-22 07:27:20.031000,9.61262,9.61127,1000000,1000000
2019-08-22 07:27:20.909000,9.61262,9.61122,1000000,1000000
2019-08-22 07:27:21.009000,9.61238,9.61117,1000000,1000000
2019-08-22 07:27:21.060000,9.61245,9.61117,1000000,1000000
2019-08-22 07:27:21.266000,9.61245,9.61121,1000000,1000000
2019-08-22 07:27:21.452000,9.61245,9.61115,1000000,1000000
2019-08-22 07:27:21.530000,9.61245,9.61111,1000000,1000000
2019-08-22 07:27:21.581000,9.61237,9.61121,1000000,1000000
2019-08-22 07:27:21.631000,9.61237,9.61118,1000000,1000000
2019-08-22 07:27:21.739000,9.61235,9.61118,1000000,1000000
2019-08-22 07:27:21.793000,9.61235,9.61111,1000000,1000000
2019-08-22 07:27:21.843000,9.61223,9.61111,1000000,1000000
2019-08-22 07:27:22.059000,9.61223,9.61107,1000000,1000000
2019-08-22 07:27:22.110000,9.61223,9.61083,1000000,1000000
2019-08-22 07:27:22.160000,9.61223,9.61103,1000000,1000000
2019-08-22 07:27:22.211000,9.61222,9.61078,1000000,1000000
2019-08-22 07:27:22.261000,9.61223,9.61106,1000000,1000000
2019-08-22 07:27:22.312000,9.61228,9.61106,1000000,1000000
2019-08-22 07:27:22.462000,9.61228,9.61102,1000000,1000000
2019-08-22 07:27:22.567000,9.6122,9.61098,1000000,1000000
2019-08-22 07:27:22.668000,9.6122,9.61102,1000000,1000000
2019-08-22 07:27:22.769000,9.61215,9.61102,1000000,1000000
2019-08-22 07:27:22.870000,9.61204,9.61102,1000000,1000000
2019-08-22 07:27:23.047000,9.61204,9.61106,1000000,1000000
2019-08-22 07:27:23.147000,9.61204,9.61101,1000000,1000000
2019-08-22 07:27:23.198000,9.61204,9.61096,1000000,1000000
2019-08-22 07:27:23.404000,9.61204,9.61091,1000000,1000000
2019-08-22 07:27:23.722000,9.61204,9.61096,1000000,1000000
2019-08-22 07:27:24.049000,9.61202,9.61096,1000000,1000000
2019-08-22 07:27:24.320000,9.61202,9.61097,1000000,1000000
2019-08-22 07:27:25.177000,9.61202,9.61089,1000000,1000000
2019-08-22 07:27:25.339000,9.61202,9.61084,1000000,1000000
2019-08-22 07:27:25.656000,9.61202,9.61068,1000000,1000000
2019-08-22 07:27:25.707000,9.61189,9.61032,1000000,1000000
2019-08-22 07:27:25.757000,9.61202,9.61064,1000000,1000000
2019-08-22 07:27:25.808000,9.61202,9.61059,1000000,1000000
2019-08-22 07:27:25.908000,9.61151,9.61024,1000000,1000000
2019-08-22 07:27:26.025000,9.61168,9.61024,1000000,1000000
2019-08-22 07:27:26.076000,9.61168,9.61028,1000000,1000000
2019-08-22 07:27:26.440000,9.61164,9.61028,1000000,1000000
2019-08-22 07:27:26.490000,9.61164,9.6102,1000000,1000000
2019-08-22 07:27:26.770000,9.61174,9.6103,1000000,1000000
2019-08-22 07:27:26.871000,9.61187,9.61043,1000000,1000000
2019-08-22 07:27:26.972000,9.61166,9.6103,1000000,1000000
2019-08-22 07:27:27.822000,9.61161,9.6103,1000000,1000000
2019-08-22 07:27:27.919000,9.6117,9.6103,1000000,1000000
2019-08-22 07:27:28.206000,9.6117,9.61031,1000000,1000000
2019-08-22 07:27:28.415000,9.61177,9.61033,1000000,1000000
2019-08-22 07:27:29.647000,9.61181,9.61037,1000000,1000000
2019-08-22 07:27:29.750000,9.61211,9.61067,1000000,1000000
2019-08-22 07:27:29.965000,9.61213,9.61074,1000000,1000000
2019-08-22 07:27:30.066000,9.61202,9.61064,1000000,1000000
2019-08-22 07:27:30.116000,9.61208,9.61064,1500000,1000000
2019-08-22 07:27:30.200000,9.61208,9.61076,1000000,1000000
2019-08-22 07:27:30.302000,9.61206,9.61082,1000000,1000000
2019-08-22 07:27:30.415000,9.61206,9.61081,1000000,1000000
2019-08-22 07:27:30.792000,9.61208,9.61081,1000000,1000000
2019-08-22 07:27:30.857000,9.61211,9.61081,1000000,1000000
2019-08-22 07:27:31.265000,9.61211,9.61088,1000000,1000000
2019-08-22 07:27:31.315000,9.61211,9.61078,1000000,1000000
2019-08-22 07:27:31.467000,9.61218,9.61084,1000000,1000000
2019-08-22 07:27:32.320000,9.61218,9.61082,1000000,1000000
2019-08-22 07:27:32.370000,9.61218,9.61087,1000000,1000000
2019-08-22 07:27:33.063000,9.61218,9.61082,1000000,1000000
2019-08-22 07:27:33.174000,9.61217,9.61082,1000000,1000000
2019-08-22 07:27:33.321000,9.61216,9.61073,1000000,1000000
2019-08-22 07:27:33.421000,9.61206,9.61062,1000000,1000000
2019-08-22 07:27:33.472000,9.61201,9.61058,1000000,1000000
2019-08-22 07:27:33.574000,9.612,9.61057,1000000,1000000
2019-08-22 07:27:33.675000,9.6119,9.61046,1000000,1000000
2019-08-22 07:27:33.725000,9.61195,9.61054,1000000,1000000
2019-08-22 07:27:33.789000,9.61191,9.61048,1000000,1000000
2019-08-22 07:27:34.014000,9.61197,9.61053,1000000,1000000
2019-08-22 07:27:35.899000,9.61178,9.61045,1000000,1000000
2019-08-22 07:27:35.949000,9.61144,9.61003,1000000,1500000
2019-08-22 07:27:36,9.61122,9.61003,1000000,1500000
2019-08-22 07:27:36.050000,9.61124,9.6098,1000000,1000000
2019-08-22 07:27:36.101000,9.61105,9.60969,1000000,1000000
2019-08-22 07:27:36.202000,9.61063,9.60959,1000000,1000000
2019-08-22 07:27:36.252000,9.61063,9.60941,1000000,1000000
2019-08-22 07:27:36.898000,9.61064,9.60941,1000000,1000000
2019-08-22 07:27:37.163000,9.6107,9.60941,1000000,1000000
2019-08-22 07:27:37.298000,9.61077,9.60941,1000000,1000000
2019-08-22 07:27:37.796000,9.61072,9.60941,1000000,1000000
2019-08-22 07:27:37.981000,9.6107,9.60941,1000000,1000000
2019-08-22 07:27:38.191000,9.61064,9.60941,1000000,1000000
2019-08-22 07:27:38.599000,9.61058,9.60935,1000000,1000000
2019-08-22 07:27:38.700000,9.61062,9.60935,1000000,1000000
2019-08-22 07:27:39.820000,9.61064,9.60935,1000000,1000000
2019-08-22 07:27:40.156000,9.61057,9.60935,1000000,1000000
2019-08-22 07:27:40.293000,9.61026,9.60901,1000000,1000000
2019-08-22 07:27:40.444000,9.61025,9.60901,1000000,1000000
2019-08-22 07:27:40.574000,9.61032,9.60901,1000000,1000000
2019-08-22 07:27:40.638000,9.61032,9.60903,1000000,1000000
2019-08-22 07:27:40.689000,9.61049,9.60919,1000000,1000000
2019-08-22 07:27:40.753000,9.61049,9.60925,1000000,1000000
2019-08-22 07:27:41.168000,9.61053,9.60925,1000000,1000000
2019-08-22 07:27:41.218000,9.61058,9.60935,1000000,1000000
2019-08-22 07:27:41.269000,9.61065,9.60935,1000000,1000000
2019-08-22 07:27:41.319000,9.61061,9.60934,1000000,1000000
2019-08-22 07:27:41.817000,9.61053,9.60934,1000000,1000000
2019-08-22 07:27:41.868000,9.61053,9.6092,1000000,1000000
2019-08-22 07:27:42.471000,9.61059,9.6092,1000000,1000000
2019-08-22 07:27:42.601000,9.61059,9.60926,1000000,1000000
2019-08-22 07:27:42.765000,9.61061,9.60926,1000000,1000000
2019-08-22 07:27:42.949000,9.61065,9.60926,1000000,1000000
2019-08-22 07:27:43.100000,9.61065,9.60933,1000000,1000000
2019-08-22 07:27:43.240000,9.61065,9.60941,1000000,1000000
2019-08-22 07:27:44.559000,9.6106,9.60941,1000000,1000000
2019-08-22 07:27:44.774000,9.61065,9.60941,1000000,1000000
2019-08-22 07:27:44.825000,9.61074,9.60941,1000000,1000000
2019-08-22 07:27:44.875000,9.61061,9.60941,1000000,1000000
2019-08-22 07:27:45.245000,9.61067,9.60941,1000000,1000000
2019-08-22 07:27:45.345000,9.611,9.60951,1000000,1000000
2019-08-22 07:27:45.409000,9.61096,9.60946,1000000,1000000
2019-08-22 07:27:45.460000,9.6109,9.60976,1000000,1000000
2019-08-22 07:27:45.514000,9.6109,9.60965,1000000,1000000
2019-08-22 07:27:45.615000,9.61101,9.60969,1000000,1000000
2019-08-22 07:27:45.665000,9.61087,9.60969,1000000,1000000
2019-08-22 07:27:45.838000,9.61087,9.60967,1000000,1000000
2019-08-22 07:27:45.938000,9.6111,9.60982,1000000,1000000
2019-08-22 07:27:46.091000,9.61118,9.60982,1000000,1000000
2019-08-22 07:27:46.192000,9.61113,9.60982,1000000,1000000
2019-08-22 07:27:47.811000,9.61079,9.60982,1000000,1000000
2019-08-22 07:27:47.912000,9.6108,9.60973,1000000,1000000
2019-08-22 07:27:48.053000,9.61082,9.60955,1000000,1000000
2019-08-22 07:27:48.104000,9.61077,9.60955,1000000,1000000
2019-08-22 07:27:48.722000,9.61077,9.60956,1000000,1000000
2019-08-22 07:27:48.772000,9.61093,9.60956,1000000,1000000
2019-08-22 07:27:48.823000,9.61104,9.60964,1000000,1000000
2019-08-22 07:27:48.920000,9.61099,9.60964,1000000,1000000
2019-08-22 07:27:49.022000,9.61087,9.60963,1000000,1000000
2019-08-22 07:27:49.577000,9.61093,9.60963,1000000,1000000
2019-08-22 07:27:49.769000,9.61103,9.60971,1000000,1000000
2019-08-22 07:27:49.826000,9.61099,9.60971,1000000,1000000
2019-08-22 07:27:50.174000,9.61093,9.60971,1000000,1000000
2019-08-22 07:27:50.287000,9.61091,9.60971,1000000,1000000
2019-08-22 07:27:50.451000,9.61102,9.60971,1000000,1000000
2019-08-22 07:27:50.601000,9.61102,9.60968,1000000,1000000
2019-08-22 07:27:50.954000,9.61102,9.60974,1000000,1000000
2019-08-22 07:27:51.481000,9.61103,9.60974,1000000,1000000
2019-08-22 07:27:51.827000,9.61109,9.60975,1000000,1000000
2019-08-22 07:27:51.894000,9.61109,9.60979,1000000,1000000
2019-08-22 07:27:52.063000,9.61114,9.60984,1000000,1000000
2019-08-22 07:27:52.214000,9.61124,9.60998,1000000,1000000
2019-08-22 07:27:53.422000,9.61124,9.60994,1000000,1000000
2019-08-22 07:27:53.473000,9.61099,9.60985,1000000,1000000
2019-08-22 07:27:53.523000,9.61105,9.60985,1000000,1000000
2019-08-22 07:27:53.574000,9.61107,9.60983,1000000,1000000
2019-08-22 07:27:53.675000,9.61115,9.60985,1000000,1000000
2019-08-22 07:27:54.578000,9.61127,9.60997,1000000,1000000
2019-08-22 07:27:54.679000,9.61148,9.6102,1000000,1000000
2019-08-22 07:27:54.729000,9.6115,9.6102,1000000,1000000
2019-08-22 07:27:54.780000,9.61155,9.61025,1000000,1000000
2019-08-22 07:27:55.658000,9.61159,9.61029,1000000,1000000
2019-08-22 07:27:55.895000,9.61151,9.6102,1000000,1000000
2019-08-22 07:27:56.435000,9.61149,9.6102,1000000,1000000
2019-08-22 07:27:56.822000,9.6115,9.61021,1000000,1000000
2019-08-22 07:27:58.242000,9.61159,9.61031,1000000,1000000
2019-08-22 07:27:59.094000,9.61159,9.61035,1000000,1000000
2019-08-22 07:27:59.700000,9.61152,9.61035,1000000,1000000
2019-08-22 07:27:59.750000,9.61152,9.61026,1000000,1000000
2019-08-22 07:28:00.178000,9.61143,9.61022,1000000,1000000
2019-08-22 07:28:00.279000,9.61127,9.60999,1000000,1000000
2019-08-22 07:28:00.872000,9.61108,9.60987,1000000,1000000
2019-08-22 07:28:00.973000,9.61115,9.60986,1000000,1000000
2019-08-22 07:28:01.951000,9.61122,9.60994,1000000,1000000
2019-08-22 07:28:02.052000,9.61137,9.61008,1000000,1000000
2019-08-22 07:28:02.103000,9.61139,9.61019,1000000,1000000
2019-08-22 07:28:02.153000,9.61147,9.61019,1000000,1000000
2019-08-22 07:28:02.339000,9.6114,9.61012,1000000,1000000
2019-08-22 07:28:02.490000,9.61145,9.61017,1000000,1000000
2019-08-22 07:28:03,9.61143,9.61012,1000000,1000000
2019-08-22 07:28:03.107000,9.61137,9.61007,1000000,1500000
2019-08-22 07:28:03.257000,9.61142,9.61012,1000000,1000000
2019-08-22 07:28:04.838000,9.61143,9.61013,1000000,1000000
2019-08-22 07:28:05.084000,9.61147,9.61017,1000000,1000000
2019-08-22 07:28:05.501000,9.61145,9.61017,1000000,1000000
2019-08-22 07:28:05.825000,9.6114,9.61012,1000000,1000000
2019-08-22 07:28:05.926000,9.61148,9.61019,1000000,1000000
2019-08-22 07:28:06.027000,9.61148,9.6102,1000000,1000000
2019-08-22 07:28:10.084000,9.61155,9.61027,1000000,1000000
2019-08-22 07:28:10.135000,9.6115,9.61021,1000000,1000000
2019-08-22 07:28:10.836000,9.61144,9.61016,1000000,1000000
2019-08-22 07:28:10.937000,9.61149,9.61021,1000000,1000000
2019-08-22 07:28:13.769000,9.61161,9.61033,1000000,1000000
2019-08-22 07:28:13.870000,9.61164,9.61035,1000000,1000000
2019-08-22 07:28:13.921000,9.61176,9.61108,1000000,1000000
2019-08-22 07:28:13.971000,9.61196,9.61074,1000000,1000000
2019-08-22 07:28:14.022000,9.6116,9.61074,1000000,1000000
2019-08-22 07:28:14.072000,9.6116,9.61032,1000000,1000000
2019-08-22 07:28:14.123000,9.61163,9.61035,1000000,1000000
2019-08-22 07:28:15.561000,9.61163,9.61032,1000000,1000000
2019-08-22 07:28:15.893000,9.6116,9.61032,1000000,1000000
2019-08-22 07:28:15.994000,9.61179,9.61046,1000000,1000000
2019-08-22 07:28:16.045000,9.61192,9.61061,1000000,1000000
2019-08-22 07:28:18.821000,9.61197,9.61064,1000000,1000000
2019-08-22 07:28:19.268000,9.61195,9.61064,1000000,1000000
2019-08-22 07:28:20.320000,9.61193,9.61062,1000000,1000000
2019-08-22 07:28:20.823000,9.61188,9.61057,1000000,1500000
2019-08-22 07:28:21.006000,9.61183,9.61057,1000000,1000000
2019-08-22 07:28:21.208000,9.61191,9.61057,1000000,1000000
2019-08-22 07:28:21.259000,9.61198,9.61057,1000000,1000000
2019-08-22 07:28:22.187000,9.61192,9.61057,1000000,1000000
2019-08-22 07:28:22.238000,9.61201,9.61057,1000000,1000000
2019-08-22 07:28:22.338000,9.61202,9.61067,1000000,1000000
2019-08-22 07:28:22.473000,9.61193,9.61067,1000000,1000000
2019-08-22 07:28:22.523000,9.61197,9.61067,1000000,1000000
2019-08-22 07:28:23.129000,9.61197,9.6105,1000000,1000000
2019-08-22 07:28:23.914000,9.61201,9.61056,1000000,1000000
2019-08-22 07:28:25.266000,9.61203,9.61056,1000000,1000000
2019-08-22 07:28:25.405000,9.61208,9.61064,1000000,1000000
2019-08-22 07:28:26.109000,9.61218,9.61073,1000000,1000000
2019-08-22 07:28:26.160000,9.61218,9.61077,1000000,1000000
2019-08-22 07:28:26.669000,9.61218,9.61099,1000000,1000000
2019-08-22 07:28:26.770000,9.61243,9.61099,1000000,1000000
2019-08-22 07:28:27.926000,9.61243,9.61104,1000000,1000000
2019-08-22 07:28:27.977000,9.61243,9.61099,1000000,1000000
2019-08-22 07:28:28.225000,9.6124,9.61093,1000000,1000000
2019-08-22 07:28:29.158000,9.61243,9.611,1000000,1000000
2019-08-22 07:28:29.208000,9.61252,9.61105,1500000,1000000
2019-08-22 07:28:30.816000,9.61246,9.61104,1000000,1000000
2019-08-22 07:28:30.867000,9.61241,9.61094,1000000,1000000
2019-08-22 07:28:30.970000,9.61236,9.61093,1000000,1000000
2019-08-22 07:28:31.020000,9.61242,9.61098,1000000,1000000
2019-08-22 07:28:31.121000,9.61243,9.61099,1000000,1000000
2019-08-22 07:28:31.311000,9.61249,9.61103,1000000,1000000
2019-08-22 07:28:32.180000,9.61245,9.61103,1000000,1000000
2019-08-22 07:28:32.231000,9.61232,9.61087,1000000,1000000
2019-08-22 07:28:32.281000,9.61227,9.61087,1000000,1000000
2019-08-22 07:28:32.332000,9.61221,9.61076,1000000,1000000
2019-08-22 07:28:32.750000,9.61226,9.61079,1000000,1000000
2019-08-22 07:28:33.873000,9.61231,9.61085,1000000,1000000
2019-08-22 07:28:34.822000,9.61232,9.61085,1000000,1000000
2019-08-22 07:28:36.187000,9.61228,9.61081,1000000,1000000
2019-08-22 07:28:37.057000,9.61233,9.61087,1000000,1000000
2019-08-22 07:28:37.200000,9.61223,9.61076,1000000,1500000
2019-08-22 07:28:37.301000,9.61223,9.61077,1000000,1000000
2019-08-22 07:28:39.708000,9.61233,9.61087,1000000,1000000
2019-08-22 07:28:39.844000,9.61229,9.61083,1000000,1000000
2019-08-22 07:28:40.512000,9.61225,9.61079,1000000,1000000
2019-08-22 07:28:41.691000,9.61229,9.61083,1000000,1000000
2019-08-22 07:28:42.057000,9.61224,9.61078,1000000,1000000
2019-08-22 07:28:42.217000,9.61211,9.61076,1000000,1000000
2019-08-22 07:28:42.318000,9.61211,9.61064,1000000,1000000
2019-08-22 07:28:42.490000,9.61204,9.6106,1000000,1000000
2019-08-22 07:28:42.592000,9.61191,9.6106,1000000,1000000
2019-08-22 07:28:42.642000,9.61191,9.61051,1000000,1000000
2019-08-22 07:28:42.693000,9.61181,9.61051,1000000,1000000
2019-08-22 07:28:42.743000,9.61193,9.61046,1000000,1000000
2019-08-22 07:28:42.794000,9.61187,9.61041,1000000,1000000
2019-08-22 07:28:43.027000,9.61185,9.6104,1000000,1000000
2019-08-22 07:28:43.820000,9.61185,9.61039,1000000,1000000
2019-08-22 07:28:43.963000,9.61185,9.61043,1000000,1000000
2019-08-22 07:28:44.560000,9.61185,9.61049,1000000,1000000
2019-08-22 07:28:44.611000,9.61198,9.61057,1000000,1000000
2019-08-22 07:28:44.763000,9.61201,9.61057,1000000,1000000
2019-08-22 07:28:45.014000,9.61192,9.61045,1000000,1000000
2019-08-22 07:28:45.065000,9.61134,9.61045,1000000,1000000
2019-08-22 07:28:45.115000,9.61151,9.61004,1000000,1000000
2019-08-22 07:28:45.216000,9.61105,9.60968,1000000,1000000
2019-08-22 07:28:45.266000,9.61122,9.60975,1000000,1000000
2019-08-22 07:28:45.317000,9.61125,9.60979,1000000,1000000
2019-08-22 07:28:45.468000,9.61131,9.61001,1000000,1000000
2019-08-22 07:28:45.613000,9.61131,9.61013,1000000,1000000
2019-08-22 07:28:45.968000,9.61131,9.61018,1000000,1000000
2019-08-22 07:28:46.106000,9.61139,9.61018,1000000,1000000
2019-08-22 07:28:46.376000,9.61139,9.61013,1000000,1000000
2019-08-22 07:28:47.175000,9.61133,9.61013,1000000,1000000
2019-08-22 07:28:47.225000,9.61133,9.61008,1000000,1000000
2019-08-22 07:28:47.302000,9.61133,9.61002,1000000,1000000
2019-08-22 07:28:47.352000,9.61125,9.61014,1000000,1000000
2019-08-22 07:28:47.402000,9.61153,9.61014,1000000,1000000
2019-08-22 07:28:47.503000,9.61153,9.61009,1000000,1000000
2019-08-22 07:28:47.692000,9.61151,9.61004,1000000,1500000
2019-08-22 07:28:47.807000,9.61153,9.6101,1000000,1000000
2019-08-22 07:28:47.987000,9.61153,9.61006,1500000,1000000
2019-08-22 07:28:48.357000,9.61153,9.61015,1000000,1000000
2019-08-22 07:28:48.953000,9.61146,9.61015,1000000,1000000
2019-08-22 07:28:50.352000,9.61141,9.61009,1000000,1000000
2019-08-22 07:28:50.485000,9.6114,9.61009,1000000,1000000
2019-08-22 07:28:51.047000,9.61135,9.61003,1000000,1000000
2019-08-22 07:28:51.201000,9.61134,9.61003,1000000,1000000
2019-08-22 07:28:51.321000,9.61129,9.60997,1000000,1000000
2019-08-22 07:28:51.781000,9.61121,9.6099,1000000,1000000
2019-08-22 07:28:51.921000,9.61117,9.60985,1000000,1500000
2019-08-22 07:28:52.201000,9.6111,9.60981,1000000,1000000
2019-08-22 07:28:52.352000,9.61097,9.60965,1000000,1000000
2019-08-22 07:28:52.477000,9.61102,9.60971,1000000,1000000
2019-08-22 07:28:53.561000,9.61106,9.60975,1000000,1000000
2019-08-22 07:28:55.742000,9.61101,9.6097,1000000,1000000
2019-08-22 07:28:56.309000,9.61106,9.60975,1000000,1000000
2019-08-22 07:28:56.702000,9.6111,9.60988,1000000,1000000
2019-08-22 07:28:56.803000,9.61117,9.61011,1000000,1000000
2019-08-22 07:28:56.904000,9.61142,9.61011,1000000,1500000
2019-08-22 07:28:56.955000,9.61136,9.61011,1000000,1000000
2019-08-22 07:28:57.646000,9.61139,9.61011,1000000,1000000
2019-08-22 07:28:57.746000,9.61137,9.61011,1000000,1000000
2019-08-22 07:28:58.051000,9.61143,9.61012,1000000,1000000
2019-08-22 07:28:58.101000,9.61147,9.61016,1000000,1000000
2019-08-22 07:28:58.202000,9.61141,9.61028,1000000,1000000
2019-08-22 07:28:59.321000,9.61143,9.61028,1000000,1000000
2019-08-22 07:29:00.123000,9.61148,9.61028,1000000,1000000
2019-08-22 07:29:00.174000,9.61165,9.61033,1000000,1000000
2019-08-22 07:29:00.224000,9.61157,9.61026,1000000,1000000
2019-08-22 07:29:00.433000,9.61153,9.61022,1000000,1000000
2019-08-22 07:29:01.862000,9.61157,9.61026,1000000,1000000
2019-08-22 07:29:02.213000,9.61134,9.6101,1000000,1000000
2019-08-22 07:29:02.264000,9.61148,9.61017,1000000,1000000
2019-08-22 07:29:02.417000,9.61129,9.61002,1000000,1000000
2019-08-22 07:29:02.468000,9.61125,9.60996,1000000,1000000
2019-08-22 07:29:03.074000,9.61118,9.60986,1000000,1000000
2019-08-22 07:29:03.125000,9.61113,9.60982,1000000,1500000
2019-08-22 07:29:03.255000,9.61118,9.60986,1000000,1000000
2019-08-22 07:29:03.322000,9.61123,9.60992,1000000,1000000
2019-08-22 07:29:03.455000,9.6113,9.60999,1000000,1000000
2019-08-22 07:29:03.506000,9.61121,9.60989,1000000,1000000
2019-08-22 07:29:03.556000,9.61114,9.60982,1000000,1000000
2019-08-22 07:29:03.607000,9.61114,9.60968,1000000,1000000
2019-08-22 07:29:03.707000,9.61117,9.60986,1000000,1000000
2019-08-22 07:29:05.821000,9.61118,9.60987,1000000,1000000
2019-08-22 07:29:06.018000,9.61114,9.60982,1000000,1000000
2019-08-22 07:29:06.138000,9.61132,9.61003,1000000,1000000
2019-08-22 07:29:06.189000,9.61131,9.60999,1000000,1000000
2019-08-22 07:29:06.290000,9.61121,9.6099,1000000,1000000
2019-08-22 07:29:06.340000,9.61144,9.61012,1000000,1000000
2019-08-22 07:29:06.390000,9.61154,9.61023,1000000,1000000
2019-08-22 07:29:06.647000,9.61159,9.61028,1000000,1000000
2019-08-22 07:29:06.843000,9.61222,9.60984,1000000,1000000
2019-08-22 07:29:07.115000,9.61234,9.60984,1000000,1000000
2019-08-22 07:29:07.291000,9.61228,9.60984,1000000,1000000
2019-08-22 07:29:07.342000,9.61234,9.60984,1500000,1000000
2019-08-22 07:29:07.499000,9.61234,9.60985,1000000,1000000
2019-08-22 07:29:07.942000,9.61227,9.60993,1000000,1000000
2019-08-22 07:29:08.074000,9.61217,9.60983,1000000,1000000
2019-08-22 07:29:08.208000,9.61216,9.60984,1000000,1000000
2019-08-22 07:29:09.121000,9.61217,9.60983,1000000,1000000
2019-08-22 07:29:09.222000,9.61215,9.60993,1000000,1000000
2019-08-22 07:29:09.323000,9.61227,9.60993,1500000,1000000
2019-08-22 07:29:09.800000,9.61237,9.61003,1500000,1000000
2019-08-22 07:29:09.901000,9.61237,9.61007,1000000,1000000
2019-08-22 07:29:10.019000,9.61257,9.61023,1000000,1000000
2019-08-22 07:29:10.069000,9.61218,9.61007,1000000,1000000
2019-08-22 07:29:10.120000,9.61231,9.61007,1000000,1000000
2019-08-22 07:29:10.224000,9.61231,9.60996,1000000,1000000
2019-08-22 07:29:10.343000,9.61231,9.60995,1000000,1000000
2019-08-22 07:29:10.446000,9.61241,9.60995,1000000,1000000
2019-08-22 07:29:11.473000,9.61228,9.6099,1000000,1000000
2019-08-22 07:29:11.641000,9.61229,9.60988,1000000,1000000
2019-08-22 07:29:14.159000,9.61223,9.60988,1000000,1000000
2019-08-22 07:29:14.210000,9.61223,9.60984,1000000,1000000
2019-08-22 07:29:14.282000,9.6121,9.60969,1000000,1000000
2019-08-22 07:29:15.113000,9.61195,9.60954,1000000,1000000
2019-08-22 07:29:15.264000,9.61206,9.60954,1000000,1000000
2019-08-22 07:29:15.365000,9.61189,9.60955,1000000,1000000
2019-08-22 07:29:16.856000,9.61176,9.60955,1000000,1000000
2019-08-22 07:29:16.957000,9.61157,9.60955,1000000,1000000
2019-08-22 07:29:17.007000,9.61154,9.60918,1000000,1000000
2019-08-22 07:29:17.058000,9.61143,9.60907,1000000,1000000
2019-08-22 07:29:17.880000,9.61149,9.60912,1000000,1000000
2019-08-22 07:29:19.084000,9.61147,9.60912,1000000,1000000
2019-08-22 07:29:19.134000,9.61141,9.60904,1000000,1000000
2019-08-22 07:29:19.214000,9.61134,9.60897,1000000,1000000
2019-08-22 07:29:19.934000,9.61137,9.609,1000000,1000000
2019-08-22 07:29:20.121000,9.61145,9.60908,1000000,1000000
2019-08-22 07:29:21.662000,9.61185,9.60948,1000000,1000000
2019-08-22 07:29:21.760000,9.61201,9.60963,1000000,1000000
2019-08-22 07:29:22.110000,9.61202,9.60964,1000000,1000000
2019-08-22 07:29:22.312000,9.61217,9.60989,1000000,1000000
2019-08-22 07:29:22.418000,9.61217,9.60991,1000000,1000000
2019-08-22 07:29:22.468000,9.61226,9.60991,1000000,1000000
2019-08-22 07:29:22.519000,9.61235,9.60991,1000000,1000000
2019-08-22 07:29:23.044000,9.61229,9.6098,1000000,1000000
2019-08-22 07:29:23.756000,9.61237,9.60999,1000000,1000000
2019-08-22 07:29:24.125000,9.61227,9.60999,1000000,1000000
2019-08-22 07:29:24.175000,9.61237,9.60999,1000000,1000000
2019-08-22 07:29:24.254000,9.61227,9.60999,1000000,1000000
2019-08-22 07:29:24.355000,9.61207,9.60999,1000000,1000000
2019-08-22 07:29:24.405000,9.61207,9.60983,1000000,1000000
2019-08-22 07:29:24.476000,9.61207,9.60978,1000000,1000000
2019-08-22 07:29:24.579000,9.61227,9.60996,1000000,1000000
2019-08-22 07:29:24.699000,9.61236,9.60996,1000000,1000000
2019-08-22 07:29:24.842000,9.61247,9.60996,1000000,1000000
2019-08-22 07:29:24.893000,9.61257,9.60996,1000000,1000000
2019-08-22 07:29:24.943000,9.61247,9.61016,1000000,1000000
2019-08-22 07:29:24.994000,9.61257,9.61016,1000000,1000000
2019-08-22 07:29:25.045000,9.61247,9.61016,1000000,1000000
2019-08-22 07:29:25.628000,9.61267,9.61016,1000000,1000000
2019-08-22 07:29:25.728000,9.61277,9.61047,1000000,1000000
2019-08-22 07:29:25.835000,9.61277,9.61056,1000000,1000000
2019-08-22 07:29:26.033000,9.61287,9.61056,1000000,1000000
2019-08-22 07:29:26.172000,9.61297,9.61056,1000000,1000000
2019-08-22 07:29:26.907000,9.61297,9.61054,1000000,1000000
2019-08-22 07:29:27.485000,9.61307,9.61054,1000000,1000000
2019-08-22 07:29:28.331000,9.61297,9.61054,1000000,1000000
2019-08-22 07:29:28.432000,9.61257,9.6102,1000000,1000000
2019-08-22 07:29:28.533000,9.61288,9.61022,1000000,1000000
2019-08-22 07:29:28.791000,9.61297,9.61038,1000000,1000000
2019-08-22 07:29:28.897000,9.61307,9.61038,1000000,1000000
2019-08-22 07:29:29.424000,9.61312,9.61038,1000000,1000000
2019-08-22 07:29:29.474000,9.61307,9.61038,1000000,1000000
2019-08-22 07:29:29.525000,9.61312,9.61038,1000000,1000000
2019-08-22 07:29:29.688000,9.61316,9.61063,1000000,1000000
2019-08-22 07:29:30.079000,9.61337,9.61063,1000000,1000000
2019-08-22 07:29:30.129000,9.61327,9.61065,1000000,1000000
2019-08-22 07:29:30.354000,9.61337,9.61065,1000000,1000000
2019-08-22 07:29:30.591000,9.61337,9.61063,1000000,1000000
2019-08-22 07:29:30.707000,9.61337,9.61061,1000000,1000000
2019-08-22 07:29:30.808000,9.61327,9.61061,1000000,1000000
2019-08-22 07:29:30.923000,9.61337,9.61061,1000000,1000000
2019-08-22 07:29:31.124000,9.61356,9.61064,1000000,1000000
2019-08-22 07:29:31.291000,9.61357,9.61058,1000000,1000000
2019-08-22 07:29:32.282000,9.61346,9.61058,1000000,1000000
2019-08-22 07:29:32.623000,9.61327,9.61051,1000000,1000000
2019-08-22 07:29:32.739000,9.61324,9.6105,1000000,1000000
2019-08-22 07:29:32.890000,9.61282,9.61033,1000000,1000000
2019-08-22 07:29:33.114000,9.61277,9.61033,1000000,1000000
2019-08-22 07:29:33.360000,9.6128,9.61033,1000000,1000000
2019-08-22 07:29:33.411000,9.61229,9.61042,1000000,1000000
2019-08-22 07:29:33.630000,9.61229,9.61037,1000000,1000000
2019-08-22 07:29:33.731000,9.61337,9.61047,1000000,1000000
2019-08-22 07:29:34.312000,9.61327,9.61047,1000000,1000000
2019-08-22 07:29:35.142000,9.61327,9.61044,1000000,1000000
2019-08-22 07:29:35.390000,9.61302,9.61037,1000000,1000000
2019-08-22 07:29:35.578000,9.61292,9.61031,1000000,1000000
2019-08-22 07:29:36.462000,9.6129,9.61031,1000000,1000000
2019-08-22 07:29:36.869000,9.6128,9.61031,1000000,1000000
2019-08-22 07:29:36.920000,9.6128,9.61014,1000000,1000000
2019-08-22 07:29:36.987000,9.6129,9.61014,1000000,1000000
2019-08-22 07:29:38.246000,9.61277,9.61003,1000000,1700000
2019-08-22 07:29:38.349000,9.61277,9.61003,1000000,1700000
2019-08-22 07:29:38.449000,9.6128,9.60994,1000000,1700000
2019-08-22 07:29:38.631000,9.61289,9.60994,1000000,1700000
2019-08-22 07:29:38.693000,9.61296,9.60994,1000000,1700000
2019-08-22 07:29:39.031000,9.61297,9.61009,1000000,1700000
2019-08-22 07:29:39.132000,9.61307,9.61023,1000000,1000000
2019-08-22 07:29:40.058000,9.61297,9.61023,1000000,1000000
2019-08-22 07:29:40.111000,9.61297,9.61008,1000000,1700000
2019-08-22 07:29:40.161000,9.61249,9.60912,1000000,1700000
2019-08-22 07:29:40.262000,9.61224,9.60885,1000000,1700000
2019-08-22 07:29:40.391000,9.61224,9.60885,1000000,1700000
2019-08-22 07:29:41.068000,9.61246,9.60897,1000000,1700000
2019-08-22 07:29:41.411000,9.61247,9.60933,1000000,1700000
2019-08-22 07:29:42.666000,9.61236,9.60924,1000000,1700000
2019-08-22 07:29:42.854000,9.61246,9.60944,1000000,1700000
2019-08-22 07:29:43.049000,9.61247,9.60973,1000000,1700000
2019-08-22 07:29:43.149000,9.61257,9.60983,1000000,1700000
2019-08-22 07:29:43.365000,9.61267,9.60983,1000000,1700000
2019-08-22 07:29:43.465000,9.6129,9.60993,1000000,1700000
2019-08-22 07:29:43.516000,9.61299,9.60983,1000000,1700000
2019-08-22 07:29:43.566000,9.61296,9.60984,1000000,1700000
2019-08-22 07:29:43.667000,9.61277,9.60973,1000000,1700000
2019-08-22 07:29:43.792000,9.61227,9.60943,1000000,1700000
2019-08-22 07:29:44.193000,9.61227,9.60943,1000000,1700000
2019-08-22 07:29:44.370000,9.61227,9.60943,1000000,1700000
2019-08-22 07:29:45.100000,9.61257,9.60923,1000000,1700000
2019-08-22 07:29:45.309000,9.61257,9.60923,1000000,1700000
2019-08-22 07:29:45.410000,9.61237,9.60923,1000000,1700000
2019-08-22 07:29:45.637000,9.61246,9.60934,1000000,1700000
2019-08-22 07:29:45.793000,9.61247,9.60943,1000000,1700000
2019-08-22 07:29:46.602000,9.61226,9.60914,1000000,1700000
2019-08-22 07:29:46.704000,9.61217,9.60933,1000000,1700000
2019-08-22 07:29:46.805000,9.61137,9.60853,1000000,1450000
2019-08-22 07:29:46.863000,9.61137,9.60853,1000000,1250000
2019-08-22 07:29:46.916000,9.61009,9.60431,1000000,1000000
2019-08-22 07:29:46.967000,9.60965,9.60431,1000000,1000000
2019-08-22 07:29:47.118000,9.60875,9.60383,1000000,1500000
2019-08-22 07:29:47.168000,9.60875,9.60461,1000000,1000000
2019-08-22 07:29:47.219000,9.60875,9.60364,1000000,1000000
2019-08-22 07:29:47.319000,9.60553,9.60364,4150000,1000000
2019-08-22 07:29:47.370000,9.60536,9.60293,2950000,1000000
2019-08-22 07:29:47.473000,9.612,9.60283,1200000,1000000
2019-08-22 07:29:47.574000,9.60925,9.60313,1000000,750000
2019-08-22 07:29:47.624000,9.60925,9.60233,1000000,1000000
2019-08-22 07:29:47.675000,9.60925,9.60243,1000000,1000000
2019-08-22 07:29:47.776000,9.60681,9.60363,1000000,750000
2019-08-22 07:29:47.826000,9.60681,9.60354,1000000,1000000
2019-08-22 07:29:47.877000,9.60777,9.60393,1000000,1000000
2019-08-22 07:29:47.962000,9.60777,9.60373,1000000,1000000
2019-08-22 07:29:48.063000,9.60777,9.60363,1000000,1000000
2019-08-22 07:29:48.113000,9.60777,9.60373,1000000,1000000
2019-08-22 07:29:48.312000,9.60777,9.60363,1000000,1000000
2019-08-22 07:29:48.469000,9.60792,9.60363,1000000,1000000
2019-08-22 07:29:48.927000,9.60792,9.60383,1000000,1000000
2019-08-22 07:29:49.121000,9.60792,9.60394,1000000,1000000
2019-08-22 07:29:49.663000,9.60799,9.60394,1000000,1000000
2019-08-22 07:29:50.020000,9.60799,9.60363,1000000,1000000
2019-08-22 07:29:50.294000,9.60799,9.5986,1000000,1500000
2019-08-22 07:29:50.426000,9.60799,9.60363,1000000,750000
2019-08-22 07:29:50.598000,9.60799,9.60353,1000000,1000000
2019-08-22 07:29:50.789000,9.60821,9.60353,1000000,1000000
2019-08-22 07:29:51.001000,9.60821,9.60363,1000000,1000000
2019-08-22 07:29:51.051000,9.60873,9.60373,1000000,1000000
2019-08-22 07:29:51.186000,9.60878,9.60373,1000000,1000000
2019-08-22 07:29:51.238000,9.60878,9.60353,1000000,1000000
2019-08-22 07:29:51.344000,9.60878,9.60363,1000000,1000000
2019-08-22 07:29:52.263000,9.60866,9.60363,1000000,1000000
2019-08-22 07:29:52.359000,9.60866,9.60353,1000000,1000000
2019-08-22 07:29:52.426000,9.60866,9.60333,1000000,1000000
2019-08-22 07:29:53.260000,9.60856,9.60333,1000000,1000000
2019-08-22 07:29:54.357000,9.60862,9.60333,1000000,1000000
2019-08-22 07:29:54.589000,9.60869,9.60333,1000000,1000000
2019-08-22 07:29:54.639000,9.60898,9.60408,1000000,1000000
2019-08-22 07:29:54.715000,9.60927,9.60408,1000000,1000000
2019-08-22 07:29:54.816000,9.60954,9.60435,1000000,1000000
2019-08-22 07:29:55.221000,9.60937,9.60593,1000000,1000000
2019-08-22 07:29:55.322000,9.60994,9.60694,1000000,1000000
2019-08-22 07:29:55.423000,9.60994,9.60673,1000000,1000000
2019-08-22 07:29:55.474000,9.61035,9.60673,1000000,1000000
2019-08-22 07:29:55.525000,9.61035,9.60703,1000000,1000000
2019-08-22 07:29:55.677000,9.61027,9.60613,1000000,1000000
2019-08-22 07:29:55.809000,9.61035,9.60514,1000000,1000000
2019-08-22 07:29:55.930000,9.61004,9.60466,1000000,1000000
2019-08-22 07:29:55.981000,9.60957,9.60373,1000000,1000000
2019-08-22 07:29:56.081000,9.60943,9.60373,1000000,1000000
2019-08-22 07:29:56.351000,9.609,9.60373,1000000,1000000
2019-08-22 07:29:57.314000,9.6085,9.60373,1000000,1000000
2019-08-22 07:29:58.340000,9.6085,9.60483,1000000,1000000
2019-08-22 07:29:58.445000,9.60842,9.60493,1000000,1000000
2019-08-22 07:29:58.539000,9.60859,9.60493,1000000,1000000
2019-08-22 07:29:59.421000,9.60832,9.60493,1000000,1000000
2019-08-22 07:29:59.570000,9.60832,9.60494,1000000,1000000
2019-08-22 07:29:59.712000,9.60832,9.60353,1000000,1000000
2019-08-22 07:29:59.763000,9.60795,9.60343,1000000,1000000
2019-08-22 07:29:59.992000,9.60795,9.60263,1000000,1000000
2019-08-22 07:30:00.052000,9.60795,9.60253,1000000,1000000
2019-08-22 07:30:00.103000,9.60688,9.60143,1000000,1000000
2019-08-22 07:30:00.216000,9.60564,9.60024,1000000,1000000
2019-08-22 07:30:00.317000,9.60301,9.59987,1000000,1000000
2019-08-22 07:30:00.419000,9.60301,9.59913,1000000,1000000
2019-08-22 07:30:00.490000,9.60301,9.59943,1000000,1000000
2019-08-22 07:30:00.592000,9.60291,9.59943,1000000,750000
2019-08-22 07:30:00.695000,9.60291,9.59983,1000000,750000
2019-08-22 07:30:00.745000,9.60356,9.59983,1000000,750000
2019-08-22 07:30:00.865000,9.60388,9.59973,1000000,750000
2019-08-22 07:30:00.965000,9.60388,9.59963,1000000,1000000
2019-08-22 07:30:01.066000,9.60388,9.59785,1000000,1000000
2019-08-22 07:30:01.117000,9.60361,9.59764,1000000,750000
2019-08-22 07:30:01.230000,9.60082,9.59764,1000000,750000
2019-08-22 07:30:01.281000,9.60082,9.59253,1000000,1500000
2019-08-22 07:30:01.381000,9.60099,9.59298,1000000,1000000
2019-08-22 07:30:01.436000,9.60079,9.59298,1000000,1000000
2019-08-22 07:30:01.536000,9.6003,9.59154,1000000,1000000
2019-08-22 07:30:01.587000,9.6003,9.59143,1000000,1000000
2019-08-22 07:30:01.666000,9.6003,9.59103,1000000,1000000
2019-08-22 07:30:01.716000,9.59808,9.59343,1000000,750000
2019-08-22 07:30:01.767000,9.59808,9.59333,1000000,750000
2019-08-22 07:30:01.878000,9.59853,9.59333,1000000,750000
2019-08-22 07:30:01.929000,9.59719,9.59323,1000000,1000000
2019-08-22 07:30:02.051000,9.59695,9.59333,1000000,1000000
2019-08-22 07:30:02.175000,9.59695,9.59383,1000000,1000000
2019-08-22 07:30:02.228000,9.59741,9.59363,1000000,1000000
2019-08-22 07:30:02.278000,9.59741,9.59413,1000000,1000000
2019-08-22 07:30:02.334000,9.59741,9.59333,1000000,1000000
2019-08-22 07:30:02.434000,9.59741,9.59263,1000000,1000000
2019-08-22 07:30:02.485000,9.59779,9.59143,5120000,1250000
2019-08-22 07:30:02.608000,9.59886,9.59163,1000000,1250000
2019-08-22 07:30:02.709000,9.60198,9.59143,1000000,1000000
2019-08-22 07:30:02.809000,9.6033,9.59133,1000000,1000000
2019-08-22 07:30:02.860000,9.6033,9.59123,1000000,1000000
2019-08-22 07:30:02.985000,9.60406,9.59029,1000000,1000000
2019-08-22 07:30:03.037000,9.60406,9.59003,1000000,1000000
2019-08-22 07:30:03.142000,9.60107,9.59223,1000000,1000000
2019-08-22 07:30:03.243000,9.60097,9.59213,750000,1000000
2019-08-22 07:30:03.369000,9.60176,9.59264,1000000,1000000
2019-08-22 07:30:03.420000,9.60147,9.59233,1000000,1000000
2019-08-22 07:30:03.480000,9.60107,9.59223,1000000,1000000
2019-08-22 07:30:03.581000,9.60066,9.59289,1000000,1000000
2019-08-22 07:30:03.764000,9.59927,9.59288,1000000,1000000
2019-08-22 07:30:03.874000,9.59927,9.59213,1000000,1000000
2019-08-22 07:30:03.925000,9.59917,9.59203,1000000,1000000
2019-08-22 07:30:04.491000,9.59906,9.59194,1000000,1000000
2019-08-22 07:30:04.541000,9.59917,9.59203,1000000,1000000
2019-08-22 07:30:04.592000,9.59907,9.59193,1000000,1000000
2019-08-22 07:30:04.752000,9.59742,9.59193,1000000,1000000
2019-08-22 07:30:04.818000,9.59763,9.59193,1000000,1000000
2019-08-22 07:30:04.868000,9.59742,9.59193,1000000,1000000
2019-08-22 07:30:04.969000,9.59742,9.59203,1000000,1000000
2019-08-22 07:30:05.120000,9.60067,9.59343,1500000,1000000
2019-08-22 07:30:05.254000,9.59848,9.59343,1000000,1000000
2019-08-22 07:30:05.305000,9.59874,9.59333,1000000,1000000
2019-08-22 07:30:05.355000,9.59874,9.59343,1000000,1000000
2019-08-22 07:30:05.506000,9.59834,9.59273,1000000,1000000
2019-08-22 07:30:05.644000,9.59894,9.59353,1000000,1000000
2019-08-22 07:30:05.778000,9.59872,9.59313,1000000,1000000
2019-08-22 07:30:05.879000,9.59873,9.59353,1000000,1000000
2019-08-22 07:30:05.929000,9.59873,9.59313,1000000,1000000
2019-08-22 07:30:05.980000,9.59873,9.59323,1000000,1000000
2019-08-22 07:30:06.030000,9.59894,9.59323,1000000,1000000
2019-08-22 07:30:06.095000,9.59894,9.59343,1000000,1000000
2019-08-22 07:30:06.244000,9.59873,9.59373,1000000,1000000
2019-08-22 07:30:06.294000,9.59971,9.59373,1000000,1000000
2019-08-22 07:30:06.431000,9.59906,9.59373,1000000,1000000
2019-08-22 07:30:06.583000,9.59922,9.59473,1000000,1000000
2019-08-22 07:30:06.633000,9.59922,9.59373,1000000,1000000
2019-08-22 07:30:06.733000,9.5997,9.59373,1000000,1000000
2019-08-22 07:30:06.806000,9.5997,9.59383,1000000,1000000
2019-08-22 07:30:06.957000,9.59921,9.59334,1000000,950000
2019-08-22 07:30:07.007000,9.59942,9.59343,1000000,950000
2019-08-22 07:30:07.145000,9.59906,9.59333,1000000,950000
2019-08-22 07:30:07.245000,9.60187,9.59333,1250000,950000
2019-08-22 07:30:07.296000,9.59907,9.59333,1000000,950000
2019-08-22 07:30:07.411000,9.60147,9.59323,1000000,950000
2019-08-22 07:30:07.462000,9.60157,9.59333,1000000,950000
2019-08-22 07:30:07.513000,9.599,9.59633,1000000,1000000
2019-08-22 07:30:07.663000,9.59995,9.59633,1500000,1000000
2019-08-22 07:30:07.714000,9.59991,9.59633,1000000,1000000
2019-08-22 07:30:07.815000,9.59996,9.59633,1000000,1000000
2019-08-22 07:30:07.941000,9.6008,9.59443,1000000,1000000
2019-08-22 07:30:07.993000,9.60112,9.59424,1000000,1000000
2019-08-22 07:30:08.386000,9.60076,9.59378,1000000,1000000
2019-08-22 07:30:08.522000,9.60076,9.59563,1000000,1000000
2019-08-22 07:30:08.623000,9.60017,9.59574,1000000,1000000
2019-08-22 07:30:08.724000,9.60021,9.59803,1000000,750000
2019-08-22 07:30:08.825000,9.60099,9.59713,1000000,1000000
2019-08-22 07:30:08.875000,9.60099,9.59863,1000000,1000000
2019-08-22 07:30:08.926000,9.60192,9.59903,1000000,1000000
2019-08-22 07:30:08.976000,9.60192,9.59913,1000000,1000000
2019-08-22 07:30:09.027000,9.60327,9.59903,1000000,1000000
2019-08-22 07:30:09.077000,9.60337,9.59913,1000000,1000000
2019-08-22 07:30:09.188000,9.60327,9.59903,1000000,1000000
2019-08-22 07:30:09.239000,9.60367,9.59913,1000000,1000000
2019-08-22 07:30:09.289000,9.60337,9.59943,1000000,1000000
2019-08-22 07:30:09.390000,9.60417,9.59953,1000000,1000000
2019-08-22 07:30:09.491000,9.60432,9.59765,1000000,1000000
2019-08-22 07:30:09.703000,9.60381,9.59734,1000000,1000000
2019-08-22 07:30:09.804000,9.60355,9.59734,1000000,1000000
2019-08-22 07:30:09.854000,9.60415,9.59733,1000000,1000000
2019-08-22 07:30:09.905000,9.60381,9.59743,1000000,1000000
2019-08-22 07:30:10.231000,9.60381,9.59733,1000000,1000000
2019-08-22 07:30:10.282000,9.60381,9.59743,1000000,1000000
2019-08-22 07:30:10.424000,9.60381,9.59753,1000000,1000000
2019-08-22 07:30:10.475000,9.60381,9.59733,1000000,1000000
2019-08-22 07:30:10.525000,9.60378,9.59733,1000000,1000000
2019-08-22 07:30:10.626000,9.60326,9.59723,1000000,1000000
2019-08-22 07:30:10.730000,9.60326,9.59733,1000000,1000000
2019-08-22 07:30:10.845000,9.60326,9.59734,1000000,1000000
2019-08-22 07:30:10.952000,9.60326,9.59733,1000000,1000000
2019-08-22 07:30:11.322000,9.60326,9.59734,1000000,1000000
2019-08-22 07:30:11.426000,9.60312,9.59734,1000000,1000000
2019-08-22 07:30:11.519000,9.60325,9.59734,1000000,1000000
2019-08-22 07:30:11.771000,9.60325,9.59723,1000000,1000000
2019-08-22 07:30:11.821000,9.60325,9.59833,1000000,1000000
2019-08-22 07:30:11.872000,9.60325,9.59733,1000000,1000000
2019-08-22 07:30:12.047000,9.60325,9.59723,1000000,1000000
2019-08-22 07:30:12.199000,9.60363,9.59753,1000000,1000000
2019-08-22 07:30:12.400000,9.60363,9.59773,1000000,1000000
2019-08-22 07:30:12.501000,9.60363,9.59793,1000000,1000000
2019-08-22 07:30:12.572000,9.60363,9.59783,1000000,1000000
2019-08-22 07:30:12.672000,9.60363,9.59773,1000000,1000000
2019-08-22 07:30:12.773000,9.60363,9.59763,1000000,1000000
2019-08-22 07:30:12.824000,9.60363,9.59773,1000000,1000000
2019-08-22 07:30:12.975000,9.60363,9.59813,1000000,1000000
2019-08-22 07:30:13.270000,9.604,9.59813,1000000,1000000
2019-08-22 07:30:13.646000,9.604,9.59873,1000000,1000000
2019-08-22 07:30:13.813000,9.60404,9.59873,1000000,1000000
2019-08-22 07:30:14.292000,9.60404,9.59893,1000000,1000000
2019-08-22 07:30:14.415000,9.60382,9.59893,1000000,1000000
2019-08-22 07:30:14.516000,9.60365,9.59893,1000000,1000000
2019-08-22 07:30:14.617000,9.60365,9.59823,1000000,1000000
2019-08-22 07:30:14.667000,9.60365,9.59864,1000000,1000000
2019-08-22 07:30:14.800000,9.60365,9.59813,1000000,1000000
2019-08-22 07:30:14.850000,9.60363,9.59813,1000000,1000000
2019-08-22 07:30:14.958000,9.60348,9.59813,1000000,1000000
2019-08-22 07:30:15.009000,9.603,9.59763,1000000,1000000
2019-08-22 07:30:15.060000,9.603,9.59706,1000000,1000000
2019-08-22 07:30:15.111000,9.60294,9.59733,1000000,1000000
2019-08-22 07:30:15.261000,9.60277,9.59733,1000000,1000000
2019-08-22 07:30:15.362000,9.60292,9.59763,1000000,1000000
2019-08-22 07:30:15.412000,9.60281,9.59684,1000000,1000000
2019-08-22 07:30:15.463000,9.60275,9.59723,1000000,1000000
2019-08-22 07:30:15.541000,9.60275,9.59713,1000000,1000000
2019-08-22 07:30:15.592000,9.60303,9.59823,1000000,1000000
2019-08-22 07:30:15.647000,9.60345,9.59813,1000000,1000000
2019-08-22 07:30:15.697000,9.60314,9.59804,1000000,1000000
2019-08-22 07:30:15.748000,9.60314,9.59793,1000000,1000000
2019-08-22 07:30:15.798000,9.60197,9.59793,1000000,1000000
2019-08-22 07:30:15.848000,9.60213,9.59793,1000000,1000000
2019-08-22 07:30:15.899000,9.60213,9.59783,1000000,1000000
2019-08-22 07:30:15.949000,9.60178,9.59783,1000000,1000000
2019-08-22 07:30:16,9.60178,9.59773,1000000,1000000
2019-08-22 07:30:16.152000,9.60178,9.59783,1000000,1000000
2019-08-22 07:30:16.361000,9.60178,9.59743,1000000,1000000
2019-08-22 07:30:16.613000,9.60126,9.59683,1000000,1000000
2019-08-22 07:30:16.700000,9.60126,9.59693,1000000,1000000
2019-08-22 07:30:17.055000,9.60126,9.59773,1000000,1000000
2019-08-22 07:30:17.105000,9.60126,9.59723,1000000,1000000
2019-08-22 07:30:17.224000,9.60205,9.597,1000000,1000000
2019-08-22 07:30:17.275000,9.60302,9.59926,1000000,1000000
2019-08-22 07:30:17.376000,9.6039,9.59742,1000000,1200000
2019-08-22 07:30:17.476000,9.60417,9.59791,1000000,1000000
2019-08-22 07:30:17.527000,9.60431,9.59845,1000000,1000000
2019-08-22 07:30:18.189000,9.60481,9.59932,1000000,1000000
2019-08-22 07:30:18.290000,9.60541,9.60048,1000000,1000000
2019-08-22 07:30:18.340000,9.60479,9.59882,1000000,1000000
2019-08-22 07:30:18.391000,9.60479,9.59846,1000000,1200000
2019-08-22 07:30:18.567000,9.60479,9.59846,1000000,1000000
2019-08-22 07:30:19.664000,9.60558,9.59953,1000000,1000000
2019-08-22 07:30:19.765000,9.60568,9.60345,1000000,1000000
2019-08-22 07:30:19.816000,9.60671,9.60345,1500000,1000000
2019-08-22 07:30:19.917000,9.60619,9.60266,1000000,1000000
2019-08-22 07:30:19.967000,9.60603,9.60266,1000000,1000000
2019-08-22 07:30:20.089000,9.6052,9.60178,1000000,150000
2019-08-22 07:30:20.189000,9.6052,9.59829,1000000,1500000
2019-08-22 07:30:20.240000,9.6052,9.59829,1000000,1000000
2019-08-22 07:30:20.478000,9.6052,9.59941,1000000,1000000
2019-08-22 07:30:20.538000,9.60589,9.59941,1000000,1000000
2019-08-22 07:30:20.588000,9.60586,9.59941,1000000,1000000
2019-08-22 07:30:20.736000,9.60676,9.60132,1500000,1000000
2019-08-22 07:30:20.786000,9.60461,9.59915,1000000,1000000
2019-08-22 07:30:20.837000,9.60461,9.59915,1000000,1200000
2019-08-22 07:30:20.888000,9.60495,9.59878,1000000,1200000
2019-08-22 07:30:20.939000,9.60495,9.59878,1000000,1000000
2019-08-22 07:30:21.040000,9.60514,9.59878,1000000,1000000
2019-08-22 07:30:21.091000,9.6051,9.59799,1000000,1000000
2019-08-22 07:30:21.142000,9.6051,9.59804,1000000,1000000
2019-08-22 07:30:21.283000,9.6051,9.59812,1000000,1000000
2019-08-22 07:30:21.385000,9.6051,9.59799,1000000,1000000
2019-08-22 07:30:21.485000,9.6051,9.59836,1000000,1000000
2019-08-22 07:30:21.993000,9.6051,9.59852,1000000,1000000
2019-08-22 07:30:22.115000,9.6051,9.59861,1000000,1000000
2019-08-22 07:30:22.229000,9.60607,9.59908,1000000,1000000
2019-08-22 07:30:23.921000,9.60607,9.59913,1000000,1000000
2019-08-22 07:30:24.058000,9.60607,9.59917,1000000,1000000
2019-08-22 07:30:24.209000,9.60632,9.60046,1000000,1000000
2019-08-22 07:30:24.260000,9.60731,9.60046,1000000,1000000
2019-08-22 07:30:26.321000,9.607,9.60046,1000000,1000000
2019-08-22 07:30:26.472000,9.607,9.60106,1000000,1000000
2019-08-22 07:30:26.613000,9.607,9.60253,1000000,1000000
2019-08-22 07:30:26.664000,9.60825,9.60283,1500000,1000000
2019-08-22 07:30:26.764000,9.60782,9.60391,1000000,1000000
2019-08-22 07:30:26.815000,9.60869,9.60391,1000000,1000000
2019-08-22 07:30:26.945000,9.60642,9.60107,1000000,750000
2019-08-22 07:30:26.996000,9.60899,9.60033,1500000,1000000
2019-08-22 07:30:27.098000,9.60899,9.60033,1500000,1000000
2019-08-22 07:30:27.199000,9.60829,9.60033,1000000,1000000
2019-08-22 07:30:27.349000,9.6083,9.60069,1000000,1000000
2019-08-22 07:30:27.544000,9.60827,9.60069,1000000,1000000
2019-08-22 07:30:27.855000,9.60827,9.60098,1000000,1000000
2019-08-22 07:30:27.906000,9.6086,9.60098,1000000,1000000
2019-08-22 07:30:28.006000,9.6086,9.59717,1000000,1000000
2019-08-22 07:30:28.057000,9.60849,9.59637,1000000,1000000
2019-08-22 07:30:28.145000,9.60838,9.59637,1000000,1000000
2019-08-22 07:30:28.246000,9.60797,9.59617,1000000,1500000
2019-08-22 07:30:28.296000,9.60797,9.59617,1000000,1500000
2019-08-22 07:30:28.397000,9.60787,9.59617,1000000,1000000
2019-08-22 07:30:28.498000,9.60797,9.59617,1000000,1000000
2019-08-22 07:30:28.556000,9.60796,9.59528,1000000,1000000
2019-08-22 07:30:29.220000,9.60545,9.59388,1000000,1000000
2019-08-22 07:30:29.339000,9.60545,9.59387,1000000,1500000
2019-08-22 07:30:29.440000,9.60703,9.60194,1200000,1000000
2019-08-22 07:30:29.541000,9.60703,9.60248,1000000,1000000
2019-08-22 07:30:29.591000,9.60799,9.60064,1000000,150000
2019-08-22 07:30:29.642000,9.60824,9.60064,150000,150000
2019-08-22 07:30:29.742000,9.61065,9.59535,1500000,1000000
2019-08-22 07:30:29.793000,9.61065,9.59513,1500000,1500000
2019-08-22 07:30:29.893000,9.60945,9.59565,1000000,1500000
2019-08-22 07:30:29.944000,9.60984,9.59394,1000000,1500000
2019-08-22 07:30:30.092000,9.61058,9.59606,1000000,1000000
2019-08-22 07:30:30.142000,9.61046,9.59609,1000000,1000000
2019-08-22 07:30:30.192000,9.61155,9.59705,1000000,1000000
2019-08-22 07:30:30.293000,9.61101,9.59689,1000000,1000000
2019-08-22 07:30:30.394000,9.61129,9.59814,1000000,1000000
2019-08-22 07:30:30.544000,9.61026,9.59935,1000000,1000000
2019-08-22 07:30:30.666000,9.61049,9.60369,1000000,1000000
2019-08-22 07:30:30.768000,9.61288,9.60238,1200000,370000
2019-08-22 07:30:30.819000,9.61138,9.5991,1000000,750000
2019-08-22 07:30:30.869000,9.61093,9.59997,1000000,1000000
2019-08-22 07:30:30.970000,9.61074,9.5996,1000000,370000
2019-08-22 07:30:31.071000,9.61133,9.59895,1000000,750000
2019-08-22 07:30:31.187000,9.61233,9.5992,1000000,750000
2019-08-22 07:30:31.238000,9.61055,9.60089,1000000,370000
2019-08-22 07:30:31.290000,9.61134,9.60089,1000000,370000
2019-08-22 07:30:31.391000,9.6119,9.60088,1000000,370000
2019-08-22 07:30:31.493000,9.6119,9.6009,1000000,370000
2019-08-22 07:30:31.594000,9.61119,9.6009,1000000,370000
2019-08-22 07:30:31.695000,9.61119,9.60091,1000000,370000
2019-08-22 07:30:31.746000,9.61119,9.60024,1000000,750000
2019-08-22 07:30:31.900000,9.61142,9.59765,1000000,1500000
2019-08-22 07:30:32.172000,9.61142,9.59765,1000000,1500000
2019-08-22 07:30:32.323000,9.61173,9.60736,1000000,1000000
2019-08-22 07:30:32.450000,9.61151,9.60619,1000000,1000000
2019-08-22 07:30:32.501000,9.61242,9.60534,1500000,1000000
2019-08-22 07:30:32.601000,9.61251,9.60343,1000000,1200000
2019-08-22 07:30:32.652000,9.61251,9.60376,1000000,1000000
2019-08-22 07:30:32.752000,9.61251,9.60343,1000000,1000000
2019-08-22 07:30:32.803000,9.61251,9.60357,1000000,1000000
2019-08-22 07:30:32.917000,9.61299,9.60503,1000000,1000000
2019-08-22 07:30:33.018000,9.6131,9.60431,1500000,1000000
2019-08-22 07:30:33.120000,9.6131,9.60463,1500000,1000000
2019-08-22 07:30:33.221000,9.61259,9.60482,1000000,1000000
2019-08-22 07:30:33.498000,9.61259,9.60438,1000000,1000000
2019-08-22 07:30:33.549000,9.61236,9.60438,1000000,1000000
2019-08-22 07:30:33.720000,9.61159,9.60438,1000000,1000000
2019-08-22 07:30:34.122000,9.61131,9.60441,1000000,1000000
2019-08-22 07:30:34.517000,9.61111,9.60441,1000000,1000000
2019-08-22 07:30:34.721000,9.61059,9.60441,1000000,1000000
2019-08-22 07:30:35.341000,9.60946,9.60441,1000000,1000000
2019-08-22 07:30:35.469000,9.61192,9.60492,1500000,1000000
2019-08-22 07:30:35.570000,9.61037,9.60492,1000000,1000000
2019-08-22 07:30:35.734000,9.6097,9.60492,1000000,1000000
2019-08-22 07:30:35.883000,9.60948,9.60492,1000000,1000000
2019-08-22 07:30:36.190000,9.60948,9.60429,1000000,1000000
2019-08-22 07:30:36.291000,9.60949,9.60443,1000000,1000000
2019-08-22 07:30:36.341000,9.60981,9.60443,1500000,1000000
2019-08-22 07:30:36.392000,9.60981,9.60481,1500000,1000000
2019-08-22 07:30:36.523000,9.60981,9.60473,1000000,1000000
2019-08-22 07:30:36.694000,9.60981,9.60454,1000000,1000000
2019-08-22 07:30:36.937000,9.60982,9.60454,1000000,1000000
2019-08-22 07:30:36.995000,9.60982,9.60463,1000000,1000000
2019-08-22 07:30:37.146000,9.60991,9.60463,1000000,1000000
2019-08-22 07:30:37.566000,9.60997,9.60463,1000000,1000000
2019-08-22 07:30:37.616000,9.60946,9.60419,1000000,1000000
2019-08-22 07:30:38.327000,9.60969,9.60448,1000000,1000000
2019-08-22 07:30:38.429000,9.60995,9.60452,1000000,1000000
2019-08-22 07:30:38.536000,9.60986,9.60458,1000000,1000000
2019-08-22 07:30:38.813000,9.61006,9.60494,1000000,1000000
2019-08-22 07:30:39.028000,9.61024,9.60531,1000000,1000000
2019-08-22 07:30:39.355000,9.61035,9.60531,1000000,1000000
2019-08-22 07:30:40.942000,9.6107,9.60556,1000000,1000000
2019-08-22 07:30:41.227000,9.6107,9.60582,1000000,1000000
2019-08-22 07:30:41.328000,9.61131,9.60655,1000000,1000000
2019-08-22 07:30:41.429000,9.61171,9.60742,1000000,1000000
2019-08-22 07:30:41.529000,9.61198,9.60742,1000000,1000000
2019-08-22 07:30:41.580000,9.61187,9.60742,1000000,1000000
2019-08-22 07:30:41.696000,9.61107,9.60742,1000000,1000000
2019-08-22 07:30:41.797000,9.61097,9.6077,1000000,1000000
2019-08-22 07:30:41.939000,9.61087,9.6077,1000000,1000000
2019-08-22 07:30:42.114000,9.61057,9.6077,1000000,1000000
2019-08-22 07:30:42.215000,9.61047,9.6077,1000000,1000000
2019-08-22 07:30:42.424000,9.61057,9.6077,1000000,1000000
2019-08-22 07:30:42.788000,9.61047,9.6077,1000000,1000000
2019-08-22 07:30:43.184000,9.61047,9.60747,1000000,1000000
2019-08-22 07:30:43.265000,9.61057,9.60747,1000000,1000000
2019-08-22 07:30:43.977000,9.61161,9.60747,1000000,1000000
2019-08-22 07:30:44.122000,9.61056,9.60747,1000000,1000000
2019-08-22 07:30:44.298000,9.61067,9.60747,1000000,1000000
2019-08-22 07:30:44.688000,9.61067,9.60765,1000000,1000000
2019-08-22 07:30:44.738000,9.61087,9.60765,1000000,1000000
2019-08-22 07:30:44.788000,9.61067,9.60765,1000000,1000000
2019-08-22 07:30:45.022000,9.61077,9.60765,1000000,1000000
2019-08-22 07:30:45.360000,9.61097,9.60765,1000000,1000000
2019-08-22 07:30:45.461000,9.61087,9.60765,1000000,1000000
2019-08-22 07:30:45.888000,9.61097,9.60765,1000000,1000000
2019-08-22 07:30:46.168000,9.61097,9.6078,1000000,1000000
2019-08-22 07:30:46.369000,9.61087,9.6078,1000000,1000000
2019-08-22 07:30:46.688000,9.61107,9.6078,1000000,1000000
2019-08-22 07:30:46.889000,9.61086,9.60822,1000000,1000000
2019-08-22 07:30:46.990000,9.61117,9.60894,1000000,1000000
2019-08-22 07:30:47.094000,9.61137,9.60882,1000000,1000000
2019-08-22 07:30:47.145000,9.61126,9.60882,1000000,1000000
2019-08-22 07:30:47.246000,9.61117,9.60882,1000000,1000000
2019-08-22 07:30:47.438000,9.61127,9.60882,1000000,1000000
2019-08-22 07:30:47.489000,9.61117,9.60882,1000000,1000000
2019-08-22 07:30:47.639000,9.61107,9.60882,1000000,1000000
2019-08-22 07:30:48.529000,9.61166,9.60882,1000000,1000000
2019-08-22 07:30:48.681000,9.61167,9.60882,1000000,1000000
2019-08-22 07:30:48.736000,9.61167,9.60889,1000000,1000000
2019-08-22 07:30:48.859000,9.61157,9.60889,1000000,1000000
2019-08-22 07:30:48.960000,9.61177,9.60945,1000000,1000000
2019-08-22 07:30:49.061000,9.61187,9.61012,1000000,1000000
2019-08-22 07:30:49.162000,9.61197,9.6103,1000000,1000000
2019-08-22 07:30:49.489000,9.61207,9.6103,1000000,1000000
2019-08-22 07:30:49.940000,9.61197,9.6103,1000000,1000000
2019-08-22 07:30:50.144000,9.61197,9.61038,1000000,1000000
2019-08-22 07:30:50.289000,9.61206,9.61038,1000000,1000000
2019-08-22 07:30:50.706000,9.61237,9.61038,1000000,1000000
2019-08-22 07:30:50.962000,9.61227,9.61038,1000000,1000000
2019-08-22 07:30:51.113000,9.61217,9.6103,1000000,1000000
2019-08-22 07:30:51.164000,9.61247,9.6103,1000000,1000000
2019-08-22 07:30:51.343000,9.61247,9.61021,1000000,1000000
2019-08-22 07:30:51.444000,9.61247,9.61017,1000000,1000000
2019-08-22 07:30:51.495000,9.61247,9.61081,1000000,1000000
2019-08-22 07:30:51.709000,9.61237,9.61081,1000000,1000000
2019-08-22 07:30:51.856000,9.61237,9.6106,1000000,1000000
2019-08-22 07:30:51.906000,9.61207,9.6106,1000000,1000000
2019-08-22 07:30:51.957000,9.61247,9.6106,1500000,1000000
2019-08-22 07:30:52.132000,9.61247,9.61062,1500000,1000000
2019-08-22 07:30:52.564000,9.61237,9.61062,1000000,1000000
2019-08-22 07:30:52.615000,9.61251,9.61058,1000000,1000000
2019-08-22 07:30:52.989000,9.61255,9.61074,1000000,1000000
2019-08-22 07:30:53.451000,9.61227,9.61074,1000000,1000000
2019-08-22 07:30:53.502000,9.61227,9.61064,1000000,1000000
2019-08-22 07:30:53.552000,9.61265,9.61133,1000000,1000000
2019-08-22 07:30:53.603000,9.61251,9.61077,1000000,1000000
2019-08-22 07:30:53.703000,9.6124,9.61065,1000000,1000000
2019-08-22 07:30:53.754000,9.61265,9.61043,1000000,1500000
2019-08-22 07:30:53.854000,9.61293,9.61054,1000000,1000000
2019-08-22 07:30:53.955000,9.6132,9.61068,1000000,1000000
2019-08-22 07:30:54.065000,9.61336,9.61056,1000000,1000000
2019-08-22 07:30:54.116000,9.61336,9.61061,1000000,1000000
2019-08-22 07:30:54.266000,9.61336,9.61068,1000000,1000000
2019-08-22 07:30:54.317000,9.61336,9.61066,1000000,1000000
2019-08-22 07:30:54.418000,9.61277,9.61051,1000000,1000000
2019-08-22 07:30:54.568000,9.61277,9.61005,1000000,1000000
2019-08-22 07:30:54.728000,9.61277,9.61011,1000000,1000000
2019-08-22 07:30:54.890000,9.61277,9.61005,1000000,1500000
2019-08-22 07:30:55.392000,9.61277,9.61011,1000000,1000000
2019-08-22 07:30:55.442000,9.61277,9.61007,1000000,1000000
2019-08-22 07:30:56.108000,9.61277,9.61005,1000000,1000000
2019-08-22 07:30:56.159000,9.61287,9.61005,1000000,1500000
2019-08-22 07:30:56.209000,9.61336,9.61173,1500000,1000000
2019-08-22 07:30:56.310000,9.61383,9.61209,1000000,1000000
2019-08-22 07:30:56.410000,9.61332,9.61209,1000000,1000000
2019-08-22 07:30:56.529000,9.61327,9.61133,1000000,1000000
2019-08-22 07:30:56.630000,9.61333,9.61113,1000000,1000000
2019-08-22 07:30:56.730000,9.61312,9.61103,1000000,1000000
2019-08-22 07:30:56.906000,9.61334,9.61103,1000000,1000000
2019-08-22 07:30:57.011000,9.61318,9.61103,1000000,1000000
2019-08-22 07:30:57.112000,9.61331,9.61113,1000000,1000000
2019-08-22 07:30:57.342000,9.61319,9.61113,1000000,1000000
2019-08-22 07:30:57.392000,9.61338,9.61113,1000000,1000000
2019-08-22 07:30:57.443000,9.6134,9.61113,1000000,1000000
2019-08-22 07:30:57.493000,9.61322,9.61113,1000000,1000000
2019-08-22 07:30:57.617000,9.61322,9.61103,1000000,1000000
2019-08-22 07:30:58.959000,9.61331,9.61103,1000000,1000000
2019-08-22 07:30:59.010000,9.61344,9.61133,1000000,1000000
2019-08-22 07:30:59.061000,9.6135,9.61133,1000000,1000000
2019-08-22 07:30:59.161000,9.61363,9.61154,1000000,1000000
2019-08-22 07:30:59.224000,9.61368,9.61154,1000000,1000000
2019-08-22 07:30:59.274000,9.61378,9.61173,1000000,1000000
2019-08-22 07:30:59.416000,9.61402,9.61228,1000000,1000000
2019-08-22 07:30:59.519000,9.61397,9.61193,1000000,1000000
2019-08-22 07:31:00.137000,9.61402,9.61198,1000000,1000000
2019-08-22 07:31:00.277000,9.61416,9.61212,1000000,1000000
2019-08-22 07:31:00.378000,9.61416,9.61211,1000000,1000000
2019-08-22 07:31:00.480000,9.61485,9.61273,1000000,1000000
2019-08-22 07:31:00.581000,9.61527,9.61301,1000000,1000000
2019-08-22 07:31:00.631000,9.61527,9.61351,1000000,1000000
2019-08-22 07:31:00.682000,9.6163,9.61388,1200000,1000000
2019-08-22 07:31:00.789000,9.6163,9.61393,1000000,1000000
2019-08-22 07:31:00.839000,9.6163,9.6141,1000000,1000000
2019-08-22 07:31:00.889000,9.61693,9.6141,1200000,1000000
2019-08-22 07:31:00.940000,9.61702,9.61423,1000000,1000000
2019-08-22 07:31:01.091000,9.61697,9.61417,1000000,1000000
2019-08-22 07:31:01.336000,9.61707,9.61424,1000000,1000000
2019-08-22 07:31:01.648000,9.61708,9.61424,1000000,1000000
2019-08-22 07:31:01.757000,9.61716,9.6143,1000000,1000000
2019-08-22 07:31:01.808000,9.61717,9.61435,1000000,1000000
2019-08-22 07:31:01.959000,9.61717,9.6146,1000000,1000000
2019-08-22 07:31:02.194000,9.61705,9.6142,1000000,1000000
2019-08-22 07:31:02.245000,9.6171,9.61424,1000000,1000000
2019-08-22 07:31:02.295000,9.61705,9.6142,1000000,1000000
2019-08-22 07:31:02.863000,9.61707,9.61421,1000000,1000000
2019-08-22 07:31:03.137000,9.61677,9.61403,1000000,1000000
2019-08-22 07:31:03.263000,9.61678,9.61403,1000000,1000000
2019-08-22 07:31:03.414000,9.61685,9.61403,1000000,1000000
2019-08-22 07:31:03.551000,9.61691,9.61406,1000000,1000000
2019-08-22 07:31:03.601000,9.61702,9.61417,1000000,1000000
2019-08-22 07:31:03.703000,9.61727,9.61441,1000000,1000000
2019-08-22 07:31:03.822000,9.61723,9.61443,1000000,1000000
2019-08-22 07:31:04.202000,9.61728,9.61448,1500000,1000000
2019-08-22 07:31:04.316000,9.61728,9.6145,1500000,1000000
2019-08-22 07:31:04.775000,9.61742,9.61464,1000000,1000000
2019-08-22 07:31:04.949000,9.61753,9.61477,1000000,1000000
2019-08-22 07:31:05.050000,9.6175,9.61477,1000000,1000000
2019-08-22 07:31:05.480000,9.61752,9.61491,1000000,1000000
2019-08-22 07:31:05.581000,9.61754,9.61507,1000000,1000000
2019-08-22 07:31:05.682000,9.61779,9.61529,1000000,1000000
2019-08-22 07:31:05.733000,9.6177,9.61523,1000000,1000000
2019-08-22 07:31:05.783000,9.61786,9.61531,1000000,1000000
2019-08-22 07:31:05.834000,9.61801,9.61554,1000000,1000000
2019-08-22 07:31:05.962000,9.61806,9.61555,1000000,1000000
2019-08-22 07:31:06.068000,9.61812,9.61559,1000000,1000000
2019-08-22 07:31:06.120000,9.61835,9.61582,1000000,1000000
2019-08-22 07:31:06.221000,9.61846,9.61595,1000000,1000000
2019-08-22 07:31:06.296000,9.61841,9.61589,1000000,1000000
2019-08-22 07:31:06.524000,9.61841,9.6159,1000000,1000000
2019-08-22 07:31:06.575000,9.61846,9.61595,1000000,1000000
2019-08-22 07:31:06.708000,9.61847,9.61598,1500000,1000000
2019-08-22 07:31:06.859000,9.61869,9.61641,1000000,1000000
2019-08-22 07:31:06.909000,9.61873,9.61622,1000000,1000000
2019-08-22 07:31:07.040000,9.6188,9.61629,1000000,1000000
2019-08-22 07:31:07.150000,9.61887,9.61643,1000000,1000000
2019-08-22 07:31:07.327000,9.61887,9.61638,1000000,1000000
2019-08-22 07:31:07.378000,9.61847,9.61622,1000000,1000000
2019-08-22 07:31:07.428000,9.61875,9.61625,1000000,1000000
2019-08-22 07:31:07.479000,9.61888,9.61636,1000000,1000000
2019-08-22 07:31:07.529000,9.61894,9.61644,1000000,1000000
2019-08-22 07:31:07.579000,9.619,9.61649,1000000,1000000
2019-08-22 07:31:07.774000,9.61903,9.6165,1000000,1000000
2019-08-22 07:31:08.228000,9.61886,9.6165,1000000,1000000
2019-08-22 07:31:08.379000,9.61847,9.61604,1000000,1000000
2019-08-22 07:31:08.802000,9.61847,9.61607,1000000,1000000
2019-08-22 07:31:09.017000,9.61847,9.61608,1000000,1000000
2019-08-22 07:31:09.067000,9.61847,9.61599,1000000,1000000
2019-08-22 07:31:09.409000,9.61847,9.61603,1000000,1000000
2019-08-22 07:31:09.647000,9.61847,9.61606,1000000,1000000
2019-08-22 07:31:09.698000,9.61847,9.61603,1000000,1000000
2019-08-22 07:31:09.777000,9.61847,9.61601,1000000,1000000
2019-08-22 07:31:09.828000,9.61839,9.61587,1000000,1500000
2019-08-22 07:31:09.928000,9.61833,9.61587,1000000,1000000
2019-08-22 07:31:09.979000,9.6184,9.61589,1000000,1000000
2019-08-22 07:31:10.099000,9.61835,9.61587,1000000,1000000
2019-08-22 07:31:10.281000,9.61834,9.61587,1000000,1000000
2019-08-22 07:31:10.539000,9.61828,9.61587,1000000,1000000
2019-08-22 07:31:10.590000,9.61812,9.61561,1000000,1000000
2019-08-22 07:31:10.640000,9.61805,9.61554,1000000,1000000
2019-08-22 07:31:10.741000,9.6179,9.61537,1000000,1000000
2019-08-22 07:31:10.807000,9.61805,9.61537,1000000,1000000
2019-08-22 07:31:10.858000,9.6181,9.61556,1000000,1000000
2019-08-22 07:31:10.987000,9.61819,9.61565,1000000,1000000
2019-08-22 07:31:11.088000,9.61831,9.61579,1000000,1000000
2019-08-22 07:31:11.189000,9.61837,9.61684,1000000,1000000
2019-08-22 07:31:11.290000,9.61837,9.61689,1000000,1000000
2019-08-22 07:31:11.456000,9.61837,9.61694,1000000,1000000
2019-08-22 07:31:11.506000,9.61867,9.61687,1000000,1000000
2019-08-22 07:31:11.838000,9.61867,9.61692,1000000,1000000
2019-08-22 07:31:12.002000,9.61867,9.61758,1000000,1000000
2019-08-22 07:31:12.118000,9.61867,9.61767,1000000,1000000
2019-08-22 07:31:12.219000,9.61876,9.61767,1000000,1000000
2019-08-22 07:31:12.270000,9.61917,9.61767,1000000,1000000
2019-08-22 07:31:12.391000,9.61917,9.6176,1000000,1000000
2019-08-22 07:31:12.442000,9.61917,9.6174,1500000,1000000
2019-08-22 07:31:12.543000,9.61917,9.61747,1000000,1000000
2019-08-22 07:31:12.593000,9.61895,9.61683,1000000,1000000
2019-08-22 07:31:12.643000,9.61827,9.61663,1000000,1000000
2019-08-22 07:31:12.694000,9.61807,9.61628,1000000,1000000
2019-08-22 07:31:12.795000,9.61807,9.6158,1000000,1000000
2019-08-22 07:31:12.926000,9.61807,9.6156,1000000,1000000
2019-08-22 07:31:13.063000,9.61817,9.6156,1000000,1000000
2019-08-22 07:31:13.113000,9.61807,9.6156,1000000,1000000
2019-08-22 07:31:13.164000,9.61807,9.61557,1000000,1000000
2019-08-22 07:31:13.308000,9.61827,9.61553,1000000,1000000
2019-08-22 07:31:13.482000,9.61833,9.61559,1000000,1000000
2019-08-22 07:31:13.626000,9.6186,9.616,1000000,1000000
2019-08-22 07:31:13.728000,9.61879,9.61588,1000000,1000000
2019-08-22 07:31:13.778000,9.61877,9.61588,1000000,1000000
2019-08-22 07:31:13.889000,9.61873,9.61582,1000000,1000000
2019-08-22 07:31:14.465000,9.61867,9.61582,1000000,1000000
2019-08-22 07:31:14.797000,9.61848,9.61577,1000000,1000000
2019-08-22 07:31:15.038000,9.61851,9.61577,1000000,1000000
2019-08-22 07:31:15.265000,9.61848,9.61577,1000000,1000000
2019-08-22 07:31:15.394000,9.6185,9.61577,1000000,1000000
2019-08-22 07:31:15.495000,9.61817,9.61577,1000000,1000000
2019-08-22 07:31:15.676000,9.61832,9.61577,1000000,1000000
2019-08-22 07:31:15.737000,9.6183,9.61577,1000000,1000000
2019-08-22 07:31:15.788000,9.6185,9.61591,1500000,1000000
2019-08-22 07:31:15.889000,9.61838,9.6158,1000000,1000000
2019-08-22 07:31:16.421000,9.61833,9.61575,1000000,1000000
2019-08-22 07:31:16.745000,9.61833,9.61584,1000000,1000000
2019-08-22 07:31:17.480000,9.61824,9.61584,1000000,1000000
2019-08-22 07:31:17.648000,9.61824,9.61597,1000000,1000000
2019-08-22 07:31:17.712000,9.61845,9.61602,1000000,1000000
2019-08-22 07:31:17.762000,9.61817,9.61601,1000000,1000000
2019-08-22 07:31:17.863000,9.61827,9.61646,1000000,1000000
2019-08-22 07:31:17.964000,9.6185,9.6163,1000000,1000000
2019-08-22 07:31:18.015000,9.61806,9.61628,1000000,1000000
2019-08-22 07:31:18.066000,9.61824,9.61625,1000000,1000000
2019-08-22 07:31:18.166000,9.61834,9.61623,1000000,1000000
2019-08-22 07:31:18.217000,9.61817,9.61619,1000000,1000000
2019-08-22 07:31:18.318000,9.61817,9.61611,1000000,1000000
2019-08-22 07:31:18.368000,9.61814,9.61623,1000000,1000000
2019-08-22 07:31:18.470000,9.61814,9.61641,1000000,1000000
2019-08-22 07:31:18.521000,9.61868,9.61653,1000000,1000000
2019-08-22 07:31:18.767000,9.619,9.61665,1000000,1000000
2019-08-22 07:31:18.889000,9.619,9.6167,1000000,1000000
2019-08-22 07:31:19.107000,9.619,9.61663,1000000,1000000
2019-08-22 07:31:19.158000,9.619,9.61654,1000000,1000000
2019-08-22 07:31:19.259000,9.61889,9.61653,1000000,1000000
2019-08-22 07:31:19.484000,9.61889,9.61655,1000000,1000000
2019-08-22 07:31:19.669000,9.61889,9.61648,1000000,1000000
2019-08-22 07:31:19.789000,9.61889,9.61644,1000000,1000000
2019-08-22 07:31:19.890000,9.61889,9.61638,1000000,1000000
2019-08-22 07:31:19.958000,9.61889,9.61648,1000000,1000000
2019-08-22 07:31:20.009000,9.61889,9.61639,1000000,1000000
2019-08-22 07:31:20.153000,9.61889,9.61628,1000000,1000000
2019-08-22 07:31:20.203000,9.61864,9.61616,1000000,1000000
2019-08-22 07:31:20.313000,9.61853,9.61616,1000000,1000000
2019-08-22 07:31:20.531000,9.61853,9.61622,1000000,1000000
2019-08-22 07:31:20.681000,9.61854,9.61622,1000000,1000000
2019-08-22 07:31:21.455000,9.61854,9.61617,1000000,1000000
2019-08-22 07:31:21.556000,9.61854,9.61616,1000000,1000000
2019-08-22 07:31:21.977000,9.61854,9.61608,1000000,1000000
2019-08-22 07:31:22.678000,9.61854,9.61616,1000000,1000000
2019-08-22 07:31:23.100000,9.61853,9.61616,1000000,1000000
2019-08-22 07:31:23.249000,9.61843,9.61595,1000000,1000000
2019-08-22 07:31:23.347000,9.61838,9.6159,1000000,1000000
2019-08-22 07:31:23.448000,9.61796,9.61548,1000000,1000000
2019-08-22 07:31:23.598000,9.61753,9.61505,1000000,1000000
2019-08-22 07:31:23.737000,9.61748,9.61505,1000000,1000000
2019-08-22 07:31:24.405000,9.61747,9.61505,1000000,1000000
2019-08-22 07:31:24.607000,9.61747,9.615,1500000,1000000
2019-08-22 07:31:24.658000,9.61747,9.61541,1000000,1000000
2019-08-22 07:31:24.708000,9.61755,9.61541,1000000,1000000
2019-08-22 07:31:25.013000,9.61755,9.61524,1000000,1000000
2019-08-22 07:31:25.234000,9.61755,9.61518,1000000,1000000
2019-08-22 07:31:25.285000,9.61755,9.61513,1000000,1000000
2019-08-22 07:31:25.417000,9.61755,9.61508,1000000,1000000
2019-08-22 07:31:25.569000,9.61755,9.61499,1000000,1000000
2019-08-22 07:31:25.670000,9.61735,9.61516,1000000,1000000
2019-08-22 07:31:25.770000,9.61754,9.61527,1000000,1000000
2019-08-22 07:31:25.967000,9.61754,9.6152,1000000,1000000
2019-08-22 07:31:26.178000,9.61754,9.61523,1000000,1000000
2019-08-22 07:31:26.847000,9.61754,9.61528,1000000,1000000
2019-08-22 07:31:27.283000,9.61754,9.61529,1000000,1000000
2019-08-22 07:31:27.414000,9.61751,9.61511,1000000,1000000
2019-08-22 07:31:27.464000,9.61751,9.61525,1000000,1000000
2019-08-22 07:31:27.639000,9.61751,9.61519,1000000,1000000
2019-08-22 07:31:28.606000,9.61751,9.61524,1000000,1000000
2019-08-22 07:31:30.783000,9.6174,9.61524,1000000,1000000
2019-08-22 07:31:31.195000,9.6174,9.6153,1000000,1000000
2019-08-22 07:31:31.296000,9.6174,9.6155,1000000,1000000
2019-08-22 07:31:31.346000,9.61755,9.6155,1000000,1000000
2019-08-22 07:31:31.633000,9.61755,9.61505,1000000,1000000
2019-08-22 07:31:31.684000,9.6166,9.61489,1000000,1000000
2019-08-22 07:31:31.785000,9.61594,9.61392,1000000,1000000
2019-08-22 07:31:31.885000,9.61603,9.61394,1000000,1000000
2019-08-22 07:31:31.986000,9.61614,9.61394,1000000,1000000
2019-08-22 07:31:32.037000,9.61622,9.61394,1000000,1000000
2019-08-22 07:31:32.088000,9.61617,9.6139,1000000,1000000
2019-08-22 07:31:32.189000,9.61643,9.61442,1000000,1000000
2019-08-22 07:31:32.298000,9.61636,9.61432,1000000,1000000
2019-08-22 07:31:32.348000,9.61614,9.61421,1000000,1000000
2019-08-22 07:31:32.399000,9.61611,9.61402,1000000,1000000
2019-08-22 07:31:32.449000,9.61616,9.61413,1000000,1000000
2019-08-22 07:31:32.550000,9.61634,9.6143,1000000,1000000
2019-08-22 07:31:32.650000,9.6162,9.61376,1000000,1000000
2019-08-22 07:31:32.701000,9.61608,9.61363,1000000,1000000
2019-08-22 07:31:32.751000,9.61585,9.61359,1000000,1000000
2019-08-22 07:31:32.953000,9.61586,9.6136,1000000,1000000
2019-08-22 07:31:33.004000,9.61599,9.61363,1000000,1000000
2019-08-22 07:31:33.104000,9.61615,9.61363,1000000,1000000
2019-08-22 07:31:33.155000,9.61615,9.61415,1000000,1000000
2019-08-22 07:31:33.306000,9.61626,9.61415,1000000,1000000
2019-08-22 07:31:33.801000,9.61625,9.61402,1000000,1000000
2019-08-22 07:31:34,9.61619,9.61396,1000000,1000000
2019-08-22 07:31:34.175000,9.61619,9.61398,1000000,1000000
2019-08-22 07:31:35.321000,9.61626,9.61399,1000000,1000000
2019-08-22 07:31:35.511000,9.61623,9.61394,1000000,1000000
2019-08-22 07:31:35.562000,9.61618,9.61389,1000000,1000000
2019-08-22 07:31:35.711000,9.61608,9.61385,1000000,1000000
2019-08-22 07:31:36.323000,9.61608,9.6139,1000000,1000000
2019-08-22 07:31:37.113000,9.61608,9.61339,1000000,1000000
2019-08-22 07:31:39.256000,9.61607,9.61339,1000000,1000000
2019-08-22 07:31:39.372000,9.61607,9.61341,1000000,1000000
2019-08-22 07:31:39.636000,9.61587,9.61339,1000000,1000000
2019-08-22 07:31:40.010000,9.61584,9.61339,1000000,1000000
2019-08-22 07:31:40.496000,9.61579,9.61334,1000000,1000000
2019-08-22 07:31:40.547000,9.61599,9.61336,1000000,1000000
2019-08-22 07:31:41.108000,9.61594,9.61331,1000000,1000000
2019-08-22 07:31:41.238000,9.61588,9.61325,1000000,1000000
2019-08-22 07:31:41.707000,9.61568,9.61305,1000000,1000000
2019-08-22 07:31:41.808000,9.61567,9.61305,1000000,1000000
2019-08-22 07:31:42.628000,9.61567,9.6131,1000000,1000000
2019-08-22 07:31:42.779000,9.61567,9.61319,1000000,1000000
2019-08-22 07:31:42.917000,9.61582,9.61319,1000000,1000000
2019-08-22 07:31:43.034000,9.61577,9.61314,1000000,1000000
2019-08-22 07:31:43.186000,9.6157,9.6131,1000000,1000000
2019-08-22 07:31:43.237000,9.61567,9.61304,1000000,1000000
2019-08-22 07:31:43.724000,9.61562,9.61299,1000000,1000000
2019-08-22 07:31:43.825000,9.61557,9.61294,1000000,1000000
2019-08-22 07:31:44.569000,9.61537,9.61294,1000000,1000000
2019-08-22 07:31:44.724000,9.61537,9.6129,1000000,1000000
2019-08-22 07:31:44.899000,9.61537,9.61292,1000000,1000000
2019-08-22 07:31:45.138000,9.61535,9.61291,1000000,1000000
2019-08-22 07:31:45.267000,9.61537,9.61293,1000000,1000000
2019-08-22 07:31:45.403000,9.61517,9.61275,1000000,1000000
2019-08-22 07:31:45.454000,9.61523,9.61275,1000000,1000000
2019-08-22 07:31:45.504000,9.61517,9.61281,1000000,1000000
2019-08-22 07:31:45.554000,9.61517,9.61277,1000000,1000000
2019-08-22 07:31:45.605000,9.61517,9.61272,1000000,1000000
2019-08-22 07:31:45.656000,9.61517,9.61275,1000000,1000000
2019-08-22 07:31:45.706000,9.61523,9.61275,1000000,1000000
2019-08-22 07:31:46.410000,9.61517,9.61275,1000000,1000000
2019-08-22 07:31:46.804000,9.61512,9.61273,1000000,1000000
2019-08-22 07:31:46.855000,9.61517,9.61275,1000000,1000000
2019-08-22 07:31:47.196000,9.61514,9.61341,1000000,1000000
2019-08-22 07:31:47.247000,9.61517,9.61276,1000000,1000000
2019-08-22 07:31:49.822000,9.61517,9.61274,1000000,1000000
2019-08-22 07:31:49.899000,9.61517,9.61272,1000000,1000000
2019-08-22 07:31:49.951000,9.61517,9.61258,1500000,1000000
2019-08-22 07:31:50.287000,9.61517,9.6126,1500000,1000000
2019-08-22 07:31:50.388000,9.61507,9.61271,1000000,1000000
2019-08-22 07:31:50.510000,9.61506,9.61268,1000000,1000000
2019-08-22 07:31:50.687000,9.61507,9.61276,1000000,1000000
