time,ask,bid,ask_volume,bid_volume
2020-11-05 08:25:01.673000,8.75471,8.75301,1750000,1000000
2020-11-05 08:25:01.724000,8.75481,8.75313,1750000,1000000
2020-11-05 08:25:01.825000,8.75495,8.75327,1750000,1000000
2020-11-05 08:25:02.045000,8.75503,8.75335,1750000,1000000
2020-11-05 08:25:02.095000,8.75496,8.75323,1750000,1000000
2020-11-05 08:25:02.878000,8.75489,8.75321,1750000,1000000
2020-11-05 08:25:02.928000,8.7546,8.75294,1500000,1000000
2020-11-05 08:25:03.029000,8.75446,8.75278,1750000,1000000
2020-11-05 08:25:04.781000,8.75446,8.75283,1750000,1000000
2020-11-05 08:25:04.831000,8.75446,8.75278,1750000,1000000
2020-11-05 08:25:04.882000,8.75454,8.75281,1750000,1000000
2020-11-05 08:25:04.983000,8.75467,8.75294,1750000,1000000
2020-11-05 08:25:05.033000,8.75452,8.7528,1750000,1000000
2020-11-05 08:25:05.084000,8.75425,8.75264,1000000,1000000
2020-11-05 08:25:05.315000,8.75397,8.75239,1000000,1000000
2020-11-05 08:25:05.575000,8.75397,8.75239,1750000,1000000
2020-11-05 08:25:08.749000,8.75397,8.75239,1250000,1000000
2020-11-05 08:25:08.799000,8.75371,8.7524,1000000,1000000
2020-11-05 08:25:09.609000,8.75371,8.75249,1000000,1000000
2020-11-05 08:25:09.989000,8.75371,8.7524,1000000,1000000
2020-11-05 08:25:10.202000,8.75371,8.7525,1000000,1000000
2020-11-05 08:25:10.303000,8.7537,8.75253,1000000,1000000
2020-11-05 08:25:11.562000,8.75371,8.75248,1000000,1000000
2020-11-05 08:25:13.342000,8.75367,8.75248,1000000,1000000
2020-11-05 08:25:13.393000,8.75367,8.75239,1000000,1000000
2020-11-05 08:25:13.494000,8.75336,8.75184,1000000,1000000
2020-11-05 08:25:13.595000,8.75294,8.75115,1000000,1000000
2020-11-05 08:25:13.696000,8.75249,8.75066,1000000,1000000
2020-11-05 08:25:13.797000,8.75201,8.75049,1000000,1000000
2020-11-05 08:25:13.847000,8.75201,8.75043,1000000,1000000
2020-11-05 08:25:13.898000,8.75201,8.75055,1000000,1000000
2020-11-05 08:25:14.233000,8.75201,8.75023,1000000,1000000
2020-11-05 08:25:14.284000,8.75181,8.75024,1000000,1000000
2020-11-05 08:25:14.720000,8.7518,8.75002,1000000,1000000
2020-11-05 08:25:14.771000,8.75181,8.75003,1000000,1000000
2020-11-05 08:25:14.822000,8.75181,8.74999,1000000,1000000
2020-11-05 08:25:14.978000,8.75181,8.75005,1000000,1000000
2020-11-05 08:25:15.090000,8.75181,8.7503,1000000,1000000
2020-11-05 08:25:15.141000,8.75181,8.75019,1000000,1000000
2020-11-05 08:25:15.192000,8.75181,8.75031,1000000,1000000
2020-11-05 08:25:16.583000,8.75171,8.75031,1000000,1000000
2020-11-05 08:25:16.948000,8.75171,8.75025,1000000,1000000
2020-11-05 08:25:16.999000,8.75171,8.7502,1000000,1000000
2020-11-05 08:25:17.154000,8.75171,8.75021,1000000,1000000
2020-11-05 08:25:18.734000,8.7516,8.75022,1000000,1000000
2020-11-05 08:25:18.983000,8.75164,8.75034,1000000,1000000
2020-11-05 08:25:19.034000,8.75269,8.75045,1750000,1000000
2020-11-05 08:25:19.084000,8.7528,8.75052,1750000,1000000
2020-11-05 08:25:19.517000,8.7525,8.75041,1500000,1000000
2020-11-05 08:25:19.568000,8.7525,8.75043,1500000,1000000
2020-11-05 08:25:19.957000,8.7525,8.75041,1500000,1000000
2020-11-05 08:25:20.008000,8.75248,8.75046,1500000,1000000
2020-11-05 08:25:20.159000,8.75267,8.75069,1500000,1000000
2020-11-05 08:25:20.499000,8.75287,8.75063,1750000,1000000
2020-11-05 08:25:20.651000,8.75267,8.75066,1500000,1000000
2020-11-05 08:25:20.987000,8.75287,8.75062,1750000,1000000
2020-11-05 08:25:21.189000,8.75287,8.75082,1500000,1000000
2020-11-05 08:25:22.029000,8.75267,8.75074,1500000,1000000
2020-11-05 08:25:22.130000,8.75277,8.75062,1500000,1000000
2020-11-05 08:25:22.230000,8.75277,8.75062,1000000,1000000
2020-11-05 08:25:22.319000,8.75267,8.75062,1000000,1000000
2020-11-05 08:25:22.955000,8.75237,8.75058,1000000,1000000
2020-11-05 08:25:23.006000,8.75246,8.75037,1000000,1000000
2020-11-05 08:25:23.107000,8.75267,8.75054,1250000,1000000
2020-11-05 08:25:23.208000,8.75247,8.75047,1000000,1000000
2020-11-05 08:25:23.392000,8.75237,8.75047,1000000,1000000
2020-11-05 08:25:23.544000,8.75237,8.75044,1000000,1000000
2020-11-05 08:25:23.595000,8.75207,8.75016,1000000,1000000
2020-11-05 08:25:23.645000,8.75207,8.7501,1000000,1000000
2020-11-05 08:25:23.797000,8.75227,8.7501,1000000,1000000
2020-11-05 08:25:23.848000,8.75237,8.7501,1000000,1000000
2020-11-05 08:25:23.898000,8.75247,8.75037,1000000,1000000
2020-11-05 08:25:23.949000,8.75237,8.75013,1000000,1000000
2020-11-05 08:25:24.050000,8.75217,8.7501,1000000,1000000
2020-11-05 08:25:24.251000,8.75237,8.7501,1000000,1000000
2020-11-05 08:25:24.453000,8.75243,8.7501,1000000,1000000
2020-11-05 08:25:24.553000,8.75237,8.75013,1000000,1000000
2020-11-05 08:25:24.654000,8.75227,8.75013,1000000,1000000
2020-11-05 08:25:24.879000,8.75227,8.75011,1000000,1000000
2020-11-05 08:25:24.989000,8.75237,8.75011,1250000,1000000
2020-11-05 08:25:25.040000,8.75247,8.75013,1750000,1000000
2020-11-05 08:25:25.141000,8.75257,8.75039,1750000,1000000
2020-11-05 08:25:25.510000,8.75217,8.7503,1000000,1000000
2020-11-05 08:25:25.560000,8.75227,8.75022,1000000,1000000
2020-11-05 08:25:25.611000,8.75227,8.75016,1000000,1000000
2020-11-05 08:25:26.017000,8.75187,8.75003,1000000,1000000
2020-11-05 08:25:26.067000,8.75227,8.74993,1500000,1000000
2020-11-05 08:25:26.118000,8.75217,8.75014,1000000,1000000
2020-11-05 08:25:26.955000,8.75207,8.75014,1000000,1000000
2020-11-05 08:25:27.005000,8.75197,8.75001,1000000,1000000
2020-11-05 08:25:27.056000,8.75197,8.74998,1000000,1000000
2020-11-05 08:25:27.107000,8.75217,8.74998,1000000,1000000
2020-11-05 08:25:27.157000,8.75217,8.75001,1000000,1000000
2020-11-05 08:25:27.510000,8.75207,8.75001,1000000,1000000
2020-11-05 08:25:27.566000,8.75217,8.75001,1000000,1000000
2020-11-05 08:25:27.667000,8.75217,8.75009,1000000,1000000
2020-11-05 08:25:27.768000,8.75217,8.75008,1000000,1000000
2020-11-05 08:25:27.919000,8.75227,8.75009,1000000,1000000
2020-11-05 08:25:29.396000,8.75206,8.7501,1000000,1000000
2020-11-05 08:25:29.500000,8.75217,8.75009,1000000,1000000
2020-11-05 08:25:29.551000,8.75207,8.75015,1000000,1000000
2020-11-05 08:25:30.059000,8.75197,8.75015,1000000,1000000
2020-11-05 08:25:30.110000,8.75207,8.75015,1000000,1000000
2020-11-05 08:25:30.454000,8.75227,8.75028,1000000,1000000
2020-11-05 08:25:30.925000,8.75237,8.75054,1000000,1000000
2020-11-05 08:25:31.026000,8.75237,8.7505,1000000,1000000
2020-11-05 08:25:31.177000,8.75237,8.75056,1000000,1000000
2020-11-05 08:25:31.322000,8.75247,8.75056,1000000,1000000
2020-11-05 08:25:31.545000,8.75237,8.75056,1000000,1000000
2020-11-05 08:25:31.999000,8.75227,8.75056,1000000,1000000
2020-11-05 08:25:32.049000,8.75207,8.75035,1000000,1000000
2020-11-05 08:25:32.201000,8.75217,8.75035,1000000,1000000
2020-11-05 08:25:32.302000,8.75207,8.75026,1000000,1000000
2020-11-05 08:25:32.653000,8.75217,8.75026,1000000,1000000
2020-11-05 08:25:32.704000,8.75227,8.75026,1000000,1000000
2020-11-05 08:25:32.805000,8.75217,8.75026,1000000,1000000
2020-11-05 08:25:32.926000,8.75227,8.75026,1000000,1000000
2020-11-05 08:25:33.077000,8.75237,8.75041,1000000,1000000
2020-11-05 08:25:33.279000,8.75227,8.75041,1000000,1000000
2020-11-05 08:25:33.380000,8.75237,8.7505,1000000,1000000
2020-11-05 08:25:33.604000,8.75236,8.75044,1000000,1000000
2020-11-05 08:25:33.655000,8.75227,8.75043,1000000,1000000
2020-11-05 08:25:33.756000,8.75217,8.75028,1000000,1000000
2020-11-05 08:25:34.211000,8.75207,8.75028,1000000,1000000
2020-11-05 08:25:34.262000,8.75197,8.75017,1000000,1000000
2020-11-05 08:25:34.363000,8.75217,8.75019,1000000,1000000
2020-11-05 08:25:34.413000,8.75207,8.75026,1000000,1000000
2020-11-05 08:25:34.464000,8.75207,8.75019,1000000,1000000
2020-11-05 08:25:34.565000,8.75217,8.75019,1000000,1000000
2020-11-05 08:25:34.666000,8.75227,8.75019,1000000,1000000
2020-11-05 08:25:34.781000,8.75217,8.75019,1000000,1000000
2020-11-05 08:25:34.882000,8.75197,8.7501,1000000,1000000
2020-11-05 08:25:34.983000,8.75187,8.7501,1000000,1000000
2020-11-05 08:25:35.033000,8.75197,8.7501,1000000,1000000
2020-11-05 08:25:35.199000,8.75187,8.7501,1000000,1000000
2020-11-05 08:25:35.825000,8.75197,8.7501,1000000,1000000
2020-11-05 08:25:35.916000,8.75207,8.7501,1000000,1000000
2020-11-05 08:25:36.017000,8.75197,8.7501,1000000,1000000
2020-11-05 08:25:36.209000,8.75207,8.7501,1000000,1000000
2020-11-05 08:25:36.310000,8.75197,8.7501,1000000,1000000
2020-11-05 08:25:36.469000,8.75167,8.7501,1000000,1000000
2020-11-05 08:25:37.871000,8.75157,8.7501,1000000,1000000
2020-11-05 08:25:38.710000,8.75167,8.7501,1000000,1000000
2020-11-05 08:25:38.972000,8.75187,8.7501,1000000,1000000
2020-11-05 08:25:39.723000,8.75187,8.75012,1000000,1000000
2020-11-05 08:25:39.980000,8.75197,8.75019,1000000,1000000
2020-11-05 08:25:40.031000,8.7516,8.75011,1000000,1000000
2020-11-05 08:25:40.081000,8.75161,8.75005,1000000,1000000
2020-11-05 08:25:40.132000,8.75161,8.75002,1000000,1000000
2020-11-05 08:25:40.810000,8.75161,8.75008,1000000,1000000
2020-11-05 08:25:41.011000,8.75141,8.74998,1000000,1000000
2020-11-05 08:25:41.112000,8.75137,8.74943,1500000,1000000
2020-11-05 08:25:41.214000,8.75081,8.74943,1000000,1000000
2020-11-05 08:25:41.315000,8.75081,8.74937,1000000,1000000
2020-11-05 08:25:42.544000,8.75081,8.74945,1000000,1000000
2020-11-05 08:25:43.240000,8.75081,8.74934,1000000,1000000
2020-11-05 08:25:43.647000,8.75071,8.74934,1000000,1000000
2020-11-05 08:25:45.546000,8.75071,8.74931,1000000,1000000
2020-11-05 08:25:45.597000,8.75071,8.74936,1000000,1000000
2020-11-05 08:25:45.698000,8.75071,8.7495,1000000,1000000
2020-11-05 08:25:46.660000,8.7507,8.74946,1000000,1000000
2020-11-05 08:25:46.761000,8.7507,8.74932,1000000,1000000
2020-11-05 08:25:47.091000,8.75077,8.74918,1000000,1000000
2020-11-05 08:25:47.191000,8.75031,8.74866,1000000,1000000
2020-11-05 08:25:47.242000,8.75031,8.74868,1000000,1000000
2020-11-05 08:25:47.293000,8.75031,8.74857,1000000,1000000
2020-11-05 08:25:47.343000,8.75031,8.74864,1000000,1000000
2020-11-05 08:25:47.398000,8.75031,8.74858,1000000,1000000
2020-11-05 08:25:48.295000,8.74991,8.74858,1000000,1000000
2020-11-05 08:25:48.396000,8.74991,8.74851,1000000,1000000
2020-11-05 08:25:48.447000,8.74991,8.74846,1000000,1000000
2020-11-05 08:25:48.497000,8.74991,8.74852,1000000,1000000
2020-11-05 08:25:48.658000,8.75031,8.74857,1000000,1000000
2020-11-05 08:25:48.709000,8.75031,8.7486,1000000,1000000
2020-11-05 08:25:48.860000,8.75031,8.7479,1000000,1000000
2020-11-05 08:25:48.910000,8.75031,8.74784,1000000,1000000
2020-11-05 08:25:48.961000,8.75031,8.7479,1000000,1000000
2020-11-05 08:25:49.062000,8.75031,8.74783,1000000,1500000
2020-11-05 08:25:49.112000,8.74994,8.7479,1250000,1250000
2020-11-05 08:25:49.314000,8.75031,8.74889,1000000,1000000
2020-11-05 08:25:49.365000,8.75031,8.74887,1000000,1000000
2020-11-05 08:25:49.415000,8.7503,8.7489,1000000,1000000
2020-11-05 08:25:49.466000,8.75031,8.74862,1000000,1000000
2020-11-05 08:25:49.567000,8.75031,8.7486,1000000,1000000
2020-11-05 08:25:49.930000,8.75031,8.7487,1000000,1000000
2020-11-05 08:25:50.156000,8.75047,8.74881,1000000,1000000
2020-11-05 08:25:50.307000,8.75047,8.74893,1000000,1000000
2020-11-05 08:25:50.905000,8.75077,8.74894,1000000,1000000
2020-11-05 08:25:50.956000,8.75,8.74908,1000000,1000000
2020-11-05 08:25:51.006000,8.75001,8.74896,1000000,1000000
2020-11-05 08:25:51.057000,8.75001,8.74898,1000000,1000000
2020-11-05 08:25:51.107000,8.75001,8.74886,1000000,1000000
2020-11-05 08:25:51.158000,8.75001,8.749,1000000,1000000
2020-11-05 08:25:51.208000,8.75004,8.74882,1000000,1000000
2020-11-05 08:25:51.259000,8.75041,8.7488,1000000,1000000
2020-11-05 08:25:51.309000,8.75004,8.74885,1000000,1000000
2020-11-05 08:25:51.463000,8.75001,8.74885,1000000,1000000
2020-11-05 08:25:51.716000,8.75001,8.74876,1000000,1000000
2020-11-05 08:25:51.927000,8.75001,8.74864,1000000,1000000
2020-11-05 08:25:52.134000,8.75001,8.74862,1000000,1000000
2020-11-05 08:25:52.235000,8.74981,8.7487,1000000,1000000
2020-11-05 08:25:52.336000,8.74981,8.74869,1000000,1000000
2020-11-05 08:25:53.836000,8.74981,8.7487,1000000,1000000
2020-11-05 08:25:54.222000,8.74984,8.7487,1000000,1000000
2020-11-05 08:25:54.273000,8.7499,8.74886,1000000,1000000
2020-11-05 08:25:54.323000,8.74991,8.74878,1000000,1000000
2020-11-05 08:25:54.930000,8.74991,8.74871,1000000,1000000
2020-11-05 08:25:55.494000,8.7499,8.7488,1000000,1000000
2020-11-05 08:25:55.545000,8.74991,8.74875,1000000,1000000
2020-11-05 08:25:55.596000,8.74991,8.74881,1000000,1000000
2020-11-05 08:25:55.796000,8.74991,8.74878,1000000,1000000
2020-11-05 08:25:55.846000,8.74991,8.74886,1000000,1000000
2020-11-05 08:25:56.082000,8.74991,8.74897,1000000,1000000
2020-11-05 08:25:56.234000,8.75011,8.74904,1000000,1000000
2020-11-05 08:25:56.335000,8.75011,8.749,1000000,1000000
2020-11-05 08:25:56.842000,8.75011,8.74902,1000000,1000000
2020-11-05 08:25:56.944000,8.75014,8.74953,1000000,1000000
2020-11-05 08:25:56.994000,8.75041,8.74953,1000000,1000000
2020-11-05 08:25:57.045000,8.75041,8.7496,1000000,1000000
2020-11-05 08:25:57.147000,8.75044,8.74972,1000000,1000000
2020-11-05 08:25:57.198000,8.75063,8.74973,1250000,1000000
2020-11-05 08:25:57.249000,8.75091,8.74972,1000000,1000000
2020-11-05 08:25:57.350000,8.7509,8.74961,1000000,1000000
2020-11-05 08:25:57.400000,8.75091,8.74964,1000000,1000000
2020-11-05 08:25:57.539000,8.75091,8.74978,1000000,1000000
2020-11-05 08:25:58.024000,8.75094,8.74978,1250000,1000000
2020-11-05 08:25:58.125000,8.75111,8.74978,1000000,1000000
2020-11-05 08:25:59.100000,8.7511,8.74978,1000000,1000000
2020-11-05 08:25:59.151000,8.75111,8.74984,1000000,1000000
2020-11-05 08:25:59.352000,8.75111,8.74982,1000000,1000000
2020-11-05 08:25:59.453000,8.75111,8.74996,1000000,1000000
2020-11-05 08:25:59.705000,8.7511,8.75002,1000000,1000000
2020-11-05 08:25:59.806000,8.75111,8.75,1000000,1000000
2020-11-05 08:25:59.907000,8.75111,8.75002,1000000,1000000
2020-11-05 08:26:00.008000,8.75111,8.74998,1000000,1000000
2020-11-05 08:26:00.059000,8.75114,8.75006,1250000,1000000
2020-11-05 08:26:00.160000,8.75114,8.74996,1250000,1000000
2020-11-05 08:26:00.211000,8.75113,8.75003,1250000,1000000
2020-11-05 08:26:00.363000,8.75113,8.75004,1250000,1000000
2020-11-05 08:26:00.464000,8.75114,8.75,1250000,1000000
2020-11-05 08:26:00.622000,8.75114,8.74992,1250000,1000000
2020-11-05 08:26:01.470000,8.75114,8.75,1250000,1000000
2020-11-05 08:26:01.773000,8.75114,8.74989,1250000,1000000
2020-11-05 08:26:01.824000,8.75114,8.75009,1250000,1000000
2020-11-05 08:26:01.925000,8.75114,8.75017,1250000,1000000
2020-11-05 08:26:01.975000,8.75114,8.75007,1250000,1000000
2020-11-05 08:26:02.026000,8.75114,8.7501,1250000,1000000
2020-11-05 08:26:02.076000,8.75131,8.75011,1000000,1000000
2020-11-05 08:26:02.177000,8.75131,8.75021,1000000,1000000
2020-11-05 08:26:02.278000,8.75131,8.75024,1000000,1000000
2020-11-05 08:26:02.328000,8.75131,8.75012,1000000,1000000
2020-11-05 08:26:02.379000,8.75131,8.75009,1000000,1000000
2020-11-05 08:26:02.480000,8.75131,8.74996,1000000,1000000
2020-11-05 08:26:02.581000,8.75131,8.74975,1000000,1000000
2020-11-05 08:26:02.631000,8.75131,8.74983,1000000,1000000
2020-11-05 08:26:02.732000,8.75131,8.74982,1000000,1000000
2020-11-05 08:26:02.833000,8.75131,8.74973,1000000,1000000
2020-11-05 08:26:02.934000,8.7513,8.7496,1000000,1000000
2020-11-05 08:26:03.087000,8.75091,8.74959,1000000,1000000
2020-11-05 08:26:03.148000,8.75091,8.74954,1000000,1000000
2020-11-05 08:26:03.199000,8.75091,8.74967,1000000,1000000
2020-11-05 08:26:03.250000,8.75091,8.74962,1000000,1000000
2020-11-05 08:26:03.300000,8.75091,8.74968,1000000,1000000
2020-11-05 08:26:03.351000,8.75091,8.74958,1000000,1000000
2020-11-05 08:26:03.401000,8.75091,8.74961,1000000,1000000
2020-11-05 08:26:03.502000,8.75091,8.74945,1000000,1000000
2020-11-05 08:26:03.553000,8.75091,8.74941,1000000,1000000
2020-11-05 08:26:03.603000,8.75091,8.74959,1000000,1000000
2020-11-05 08:26:03.708000,8.75091,8.74943,1000000,1000000
2020-11-05 08:26:03.758000,8.75091,8.74954,1000000,1000000
2020-11-05 08:26:03.859000,8.75091,8.74955,1000000,1000000
2020-11-05 08:26:03.910000,8.75091,8.74947,1000000,1000000
2020-11-05 08:26:03.960000,8.75091,8.74949,1000000,1000000
2020-11-05 08:26:04.061000,8.75091,8.74951,1000000,1000000
2020-11-05 08:26:04.359000,8.75091,8.74961,1000000,1000000
2020-11-05 08:26:05.637000,8.75091,8.74976,1000000,1000000
2020-11-05 08:26:05.746000,8.75091,8.74982,1000000,1000000
2020-11-05 08:26:07.098000,8.75091,8.74972,1000000,1000000
2020-11-05 08:26:07.334000,8.75091,8.74986,1000000,1000000
2020-11-05 08:26:07.485000,8.75091,8.74992,1000000,1000000
2020-11-05 08:26:07.535000,8.75104,8.75001,1000000,1000000
2020-11-05 08:26:07.586000,8.75103,8.74998,1000000,1000000
2020-11-05 08:26:07.687000,8.75104,8.75015,1000000,1000000
2020-11-05 08:26:07.852000,8.7514,8.75023,1000000,1000000
2020-11-05 08:26:07.903000,8.75141,8.75017,1000000,1000000
2020-11-05 08:26:08.004000,8.75141,8.75018,1000000,1000000
2020-11-05 08:26:08.105000,8.75177,8.75016,1750000,1000000
2020-11-05 08:26:08.264000,8.75177,8.75005,1750000,1000000
2020-11-05 08:26:08.895000,8.75177,8.74997,1750000,1000000
2020-11-05 08:26:10.146000,8.75177,8.74997,1750000,1000000
2020-11-05 08:26:10.660000,8.75187,8.75006,1750000,1000000
2020-11-05 08:26:10.912000,8.75197,8.7502,1750000,1000000
2020-11-05 08:26:11.956000,8.75187,8.7502,1750000,1000000
2020-11-05 08:26:12.693000,8.75187,8.75013,1750000,1000000
2020-11-05 08:26:12.845000,8.75187,8.75006,1750000,1000000
2020-11-05 08:26:13.642000,8.75197,8.75013,1750000,1000000
2020-11-05 08:26:13.743000,8.75207,8.75022,1750000,1000000
2020-11-05 08:26:13.954000,8.75217,8.75022,1750000,1000000
2020-11-05 08:26:14.059000,8.75217,8.75022,1750000,1000000
2020-11-05 08:26:15.332000,8.75227,8.75048,1750000,1000000
2020-11-05 08:26:15.433000,8.75212,8.75032,1750000,1000000
2020-11-05 08:26:15.484000,8.75212,8.75026,1750000,1000000
2020-11-05 08:26:15.638000,8.75203,8.75019,1750000,1000000
2020-11-05 08:26:15.991000,8.75196,8.7502,1750000,1000000
2020-11-05 08:26:16.911000,8.75192,8.75014,1750000,1000000
2020-11-05 08:26:17.556000,8.75199,8.75022,1750000,1000000
2020-11-05 08:26:17.991000,8.752,8.75021,1750000,1000000
2020-11-05 08:26:18.147000,8.75193,8.75013,1750000,1000000
2020-11-05 08:26:18.449000,8.75201,8.75027,1750000,1000000
2020-11-05 08:26:19.140000,8.75227,8.75057,1750000,1000000
2020-11-05 08:26:19.190000,8.75232,8.75057,1750000,1000000
2020-11-05 08:26:19.241000,8.75245,8.75065,1750000,1000000
2020-11-05 08:26:19.662000,8.75253,8.75079,1750000,1000000
2020-11-05 08:26:19.763000,8.75258,8.7508,1750000,1000000
2020-11-05 08:26:20.163000,8.75257,8.7508,1750000,1000000
2020-11-05 08:26:20.270000,8.75257,8.7508,1750000,1000000
2020-11-05 08:26:21.911000,8.75256,8.75076,1750000,1000000
2020-11-05 08:26:21.962000,8.75248,8.75066,1750000,1000000
2020-11-05 08:26:22.012000,8.75252,8.75075,1750000,1000000
2020-11-05 08:26:22.214000,8.75252,8.75075,1500000,1000000
2020-11-05 08:26:23.327000,8.75264,8.75084,1750000,1000000
2020-11-05 08:26:23.428000,8.75267,8.75111,1750000,1000000
2020-11-05 08:26:23.528000,8.75279,8.75102,1750000,1000000
2020-11-05 08:26:23.629000,8.75282,8.751,1750000,1000000
2020-11-05 08:26:23.831000,8.75294,8.75107,1750000,1000000
2020-11-05 08:26:23.881000,8.75267,8.75114,1750000,1000000
2020-11-05 08:26:23.932000,8.75277,8.75117,1000000,1000000
2020-11-05 08:26:24.033000,8.75267,8.75117,1000000,1000000
2020-11-05 08:26:24.397000,8.75267,8.75109,1000000,1000000
2020-11-05 08:26:24.904000,8.75266,8.7511,1500000,1000000
2020-11-05 08:26:25.005000,8.75257,8.75088,1750000,1000000
2020-11-05 08:26:25.106000,8.75249,8.7508,1120000,1000000
2020-11-05 08:26:25.257000,8.75244,8.75072,1000000,1000000
2020-11-05 08:26:25.548000,8.75226,8.75052,1000000,1000000
2020-11-05 08:26:26.104000,8.75226,8.75052,1500000,1000000
2020-11-05 08:26:26.222000,8.75226,8.75052,1750000,1000000
2020-11-05 08:26:26.684000,8.75239,8.75064,1750000,1000000
2020-11-05 08:26:27.105000,8.75227,8.75058,1750000,1000000
2020-11-05 08:26:27.307000,8.75227,8.75052,1750000,1000000
2020-11-05 08:26:27.407000,8.75219,8.75049,1750000,1000000
2020-11-05 08:26:28.047000,8.75191,8.75049,1000000,1000000
2020-11-05 08:26:28.325000,8.75191,8.75051,1000000,1000000
2020-11-05 08:26:28.428000,8.75191,8.75068,1000000,1000000
2020-11-05 08:26:28.478000,8.75191,8.75065,1000000,1000000
2020-11-05 08:26:28.529000,8.75191,8.7508,1000000,1000000
2020-11-05 08:26:28.688000,8.75191,8.75085,1000000,1000000
2020-11-05 08:26:29.113000,8.75194,8.75085,1250000,1000000
2020-11-05 08:26:29.164000,8.75211,8.75088,1000000,1000000
2020-11-05 08:26:29.637000,8.75211,8.751,1000000,1000000
2020-11-05 08:26:29.843000,8.75211,8.7509,1000000,1000000
2020-11-05 08:26:30.941000,8.75211,8.75089,1000000,1000000
2020-11-05 08:26:31.042000,8.75204,8.75089,1250000,1000000
2020-11-05 08:26:31.198000,8.75204,8.75084,1250000,1000000
2020-11-05 08:26:31.617000,8.75204,8.75082,1250000,1000000
2020-11-05 08:26:31.668000,8.75203,8.75077,1250000,1000000
2020-11-05 08:26:31.718000,8.75201,8.75084,1000000,1000000
2020-11-05 08:26:31.820000,8.75201,8.75088,1000000,1000000
2020-11-05 08:26:32.136000,8.75201,8.75082,1000000,1000000
2020-11-05 08:26:32.237000,8.75201,8.75083,1000000,1000000
2020-11-05 08:26:32.337000,8.75201,8.7508,1000000,1000000
2020-11-05 08:26:32.441000,8.75201,8.75075,1000000,1000000
2020-11-05 08:26:32.491000,8.75201,8.7508,1000000,1000000
2020-11-05 08:26:32.592000,8.752,8.7508,1000000,1000000
2020-11-05 08:26:32.693000,8.75201,8.75085,1000000,1000000
2020-11-05 08:26:32.794000,8.75221,8.75085,1000000,1000000
2020-11-05 08:26:33.227000,8.75221,8.75086,1000000,1000000
2020-11-05 08:26:33.752000,8.75266,8.75087,1000000,1000000
2020-11-05 08:26:33.803000,8.7522,8.75087,1000000,1000000
2020-11-05 08:26:34.167000,8.75221,8.751,1000000,1000000
2020-11-05 08:26:35.097000,8.75221,8.75107,1000000,1000000
2020-11-05 08:26:35.198000,8.75221,8.75102,1000000,1000000
2020-11-05 08:26:35.755000,8.75224,8.75119,1250000,1000000
2020-11-05 08:26:35.806000,8.75241,8.75119,1000000,1000000
2020-11-05 08:26:35.907000,8.75241,8.75113,1000000,1000000
2020-11-05 08:26:36.175000,8.75241,8.75116,1000000,1000000
2020-11-05 08:26:37.193000,8.75241,8.75127,1000000,1000000
2020-11-05 08:26:37.410000,8.75241,8.75125,1000000,1000000
2020-11-05 08:26:37.460000,8.75241,8.75128,1000000,1000000
2020-11-05 08:26:37.756000,8.75241,8.75129,1000000,1000000
2020-11-05 08:26:37.806000,8.75241,8.75127,1000000,1000000
2020-11-05 08:26:37.857000,8.75241,8.75134,1000000,1000000
2020-11-05 08:26:37.908000,8.75241,8.75132,1000000,1000000
2020-11-05 08:26:37.958000,8.7524,8.75137,1000000,1000000
2020-11-05 08:26:38.009000,8.75251,8.7513,1000000,1000000
2020-11-05 08:26:38.426000,8.75251,8.75133,1000000,1000000
2020-11-05 08:26:38.477000,8.75251,8.75126,1000000,1000000
2020-11-05 08:26:38.578000,8.75251,8.75139,1000000,1000000
2020-11-05 08:26:38.730000,8.75251,8.75145,1000000,1000000
2020-11-05 08:26:38.831000,8.75251,8.75136,1000000,1000000
2020-11-05 08:26:38.882000,8.7525,8.75149,1000000,1000000
2020-11-05 08:26:38.933000,8.75251,8.75137,1000000,1000000
2020-11-05 08:26:38.984000,8.75251,8.75144,1000000,1000000
2020-11-05 08:26:39.034000,8.75251,8.75142,1000000,1000000
2020-11-05 08:26:39.084000,8.75251,8.75131,1000000,1000000
2020-11-05 08:26:39.135000,8.75251,8.75137,1000000,1000000
2020-11-05 08:26:39.236000,8.75251,8.75142,1000000,1000000
2020-11-05 08:26:39.286000,8.75251,8.75135,1000000,1000000
2020-11-05 08:26:39.337000,8.75251,8.75144,1000000,1000000
2020-11-05 08:26:39.387000,8.75251,8.75138,1000000,1000000
2020-11-05 08:26:39.438000,8.75251,8.75148,1000000,1000000
2020-11-05 08:26:39.489000,8.75251,8.75144,1000000,1000000
2020-11-05 08:26:39.740000,8.75251,8.75146,1000000,1000000
2020-11-05 08:26:39.791000,8.75281,8.75152,1000000,1000000
2020-11-05 08:26:39.920000,8.75281,8.75151,1000000,1000000
2020-11-05 08:26:40.057000,8.75281,8.75164,1000000,1000000
2020-11-05 08:26:40.108000,8.7528,8.75158,1000000,1000000
2020-11-05 08:26:40.158000,8.75284,8.75165,1250000,1000000
2020-11-05 08:26:40.259000,8.75301,8.7517,1000000,1000000
2020-11-05 08:26:40.920000,8.75301,8.75188,1000000,1000000
2020-11-05 08:26:41.245000,8.75301,8.75174,1000000,1000000
2020-11-05 08:26:41.346000,8.75301,8.7515,1000000,1000000
2020-11-05 08:26:41.396000,8.75271,8.75152,1000000,1000000
2020-11-05 08:26:41.497000,8.75271,8.75156,1000000,1000000
2020-11-05 08:26:42.196000,8.75271,8.75134,1000000,1000000
2020-11-05 08:26:42.297000,8.75271,8.75129,1000000,1000000
2020-11-05 08:26:42.400000,8.75265,8.75129,1000000,1000000
2020-11-05 08:26:42.501000,8.75251,8.7512,1000000,1000000
2020-11-05 08:26:42.908000,8.7525,8.75126,1000000,1000000
2020-11-05 08:26:42.958000,8.75315,8.75127,1750000,1000000
2020-11-05 08:26:43.174000,8.7533,8.75148,1750000,1000000
2020-11-05 08:26:43.275000,8.75329,8.75141,1750000,1000000
2020-11-05 08:26:43.426000,8.75337,8.75149,1750000,1000000
2020-11-05 08:26:44.307000,8.75346,8.75162,1750000,1000000
2020-11-05 08:26:44.409000,8.75368,8.75184,1750000,1000000
2020-11-05 08:26:44.460000,8.75368,8.75184,1750000,1000000
2020-11-05 08:26:44.575000,8.75375,8.75192,1750000,1000000
2020-11-05 08:26:45.448000,8.75374,8.75193,1750000,1000000
2020-11-05 08:26:45.581000,8.75383,8.75204,1750000,1000000
2020-11-05 08:26:46.708000,8.75394,8.75207,1750000,1000000
2020-11-05 08:26:47.027000,8.75398,8.75211,1750000,1000000
2020-11-05 08:26:47.430000,8.75399,8.7521,1750000,1000000
2020-11-05 08:26:47.547000,8.75398,8.75211,1750000,1000000
2020-11-05 08:26:47.651000,8.75408,8.75219,1750000,1000000
2020-11-05 08:26:47.752000,8.75435,8.75241,1750000,1000000
2020-11-05 08:26:48.426000,8.75435,8.75241,1750000,1000000
2020-11-05 08:26:48.533000,8.75434,8.75242,1750000,1000000
2020-11-05 08:26:48.747000,8.7545,8.75251,1750000,1000000
2020-11-05 08:26:48.903000,8.75457,8.75259,1750000,1000000
2020-11-05 08:26:49.004000,8.75481,8.75287,1750000,1000000
2020-11-05 08:26:49.055000,8.75481,8.75287,1750000,1000000
2020-11-05 08:26:49.156000,8.75488,8.75296,1750000,1000000
2020-11-05 08:26:49.257000,8.755,8.75301,1750000,1000000
2020-11-05 08:26:49.970000,8.75531,8.75331,1750000,1000000
2020-11-05 08:26:50.020000,8.75531,8.75331,1750000,1000000
2020-11-05 08:26:50.071000,8.75523,8.75324,1750000,1000000
2020-11-05 08:26:50.172000,8.75529,8.75333,1750000,1000000
2020-11-05 08:26:50.354000,8.75533,8.75341,1750000,1000000
2020-11-05 08:26:50.772000,8.75546,8.75346,1750000,1000000
2020-11-05 08:26:50.822000,8.75545,8.75341,1750000,1000000
2020-11-05 08:26:51.024000,8.75555,8.7536,1750000,1000000
2020-11-05 08:26:51.125000,8.75562,8.75363,1750000,1000000
2020-11-05 08:26:51.284000,8.75534,8.7534,1750000,1000000
2020-11-05 08:26:51.520000,8.75547,8.75349,1750000,1000000
2020-11-05 08:26:51.571000,8.7554,8.75346,1750000,1000000
2020-11-05 08:26:51.622000,8.75554,8.75355,1750000,1000000
2020-11-05 08:26:51.978000,8.75554,8.75355,1750000,1000000
2020-11-05 08:26:52.079000,8.7556,8.7535,1750000,1000000
2020-11-05 08:26:52.331000,8.75543,8.75355,1750000,1000000
2020-11-05 08:26:52.432000,8.75553,8.75355,1750000,1000000
2020-11-05 08:26:52.542000,8.75554,8.7535,1750000,1000000
2020-11-05 08:26:52.643000,8.75519,8.75325,1750000,1000000
2020-11-05 08:26:52.694000,8.75535,8.75341,1750000,1000000
2020-11-05 08:26:52.795000,8.75561,8.75362,1750000,1000000
2020-11-05 08:26:52.896000,8.75562,8.75363,1750000,1000000
2020-11-05 08:26:53.269000,8.75565,8.75371,1750000,1000000
2020-11-05 08:26:53.780000,8.75557,8.75371,1750000,1000000
2020-11-05 08:26:53.931000,8.75547,8.75363,1750000,1000000
2020-11-05 08:26:53.982000,8.75546,8.75359,1750000,1000000
2020-11-05 08:26:54.834000,8.75559,8.75366,1750000,1000000
2020-11-05 08:26:54.985000,8.75573,8.75379,1750000,1000000
2020-11-05 08:26:55.112000,8.75564,8.75371,1750000,1000000
2020-11-05 08:26:55.967000,8.75568,8.75384,1750000,1000000
2020-11-05 08:26:56.068000,8.75583,8.75394,1750000,1000000
2020-11-05 08:26:56.170000,8.75596,8.75401,1750000,1000000
2020-11-05 08:26:56.852000,8.75596,8.75401,1750000,1000000
2020-11-05 08:26:56.952000,8.75595,8.75402,1750000,1000000
2020-11-05 08:26:57.483000,8.75568,8.75385,1750000,1000000
2020-11-05 08:26:57.534000,8.75569,8.7538,1750000,1000000
2020-11-05 08:26:57.635000,8.7556,8.75371,1750000,1000000
2020-11-05 08:26:57.736000,8.75551,8.7536,1750000,1000000
2020-11-05 08:26:57.837000,8.75552,8.75359,1750000,1000000
2020-11-05 08:26:57.967000,8.75545,8.7535,1750000,1000000
2020-11-05 08:26:58.356000,8.75538,8.75355,1750000,1000000
2020-11-05 08:26:58.407000,8.75544,8.75353,1750000,1000000
2020-11-05 08:26:59.504000,8.75523,8.75334,1750000,1000000
2020-11-05 08:26:59.842000,8.75523,8.75334,1750000,1000000
2020-11-05 08:26:59.948000,8.75537,8.75343,1750000,1000000
2020-11-05 08:27:00.053000,8.7553,8.75341,1750000,1000000
2020-11-05 08:27:00.916000,8.75546,8.75352,1750000,1000000
2020-11-05 08:27:01.122000,8.75538,8.75349,1750000,1000000
2020-11-05 08:27:01.777000,8.75529,8.7534,1750000,1000000
2020-11-05 08:27:01.878000,8.75514,8.75327,1750000,1000000
2020-11-05 08:27:01.978000,8.75507,8.75312,1750000,1000000
2020-11-05 08:27:02.239000,8.75497,8.75299,2250000,1000000
2020-11-05 08:27:02.290000,8.75476,8.75285,1750000,1000000
2020-11-05 08:27:02.340000,8.75479,8.75277,1750000,1000000
2020-11-05 08:27:02.607000,8.75466,8.7527,2250000,1000000
2020-11-05 08:27:02.708000,8.75474,8.75271,1750000,1000000
2020-11-05 08:27:02.926000,8.75474,8.75271,1750000,1000000
2020-11-05 08:27:02.976000,8.75411,8.75263,1000000,1000000
2020-11-05 08:27:03.078000,8.75411,8.75257,1000000,1000000
2020-11-05 08:27:03.129000,8.75411,8.75265,1000000,1000000
2020-11-05 08:27:03.280000,8.75411,8.75263,1000000,1000000
2020-11-05 08:27:03.381000,8.75411,8.75271,1000000,1000000
2020-11-05 08:27:03.431000,8.75411,8.75261,1000000,1000000
2020-11-05 08:27:03.482000,8.75411,8.75264,1000000,1000000
2020-11-05 08:27:03.583000,8.75411,8.75262,1000000,1000000
2020-11-05 08:27:03.683000,8.75411,8.75259,1000000,1000000
2020-11-05 08:27:03.827000,8.75411,8.75255,1000000,1000000
2020-11-05 08:27:03.878000,8.75411,8.75265,1000000,1000000
2020-11-05 08:27:04.343000,8.75411,8.75267,1000000,1000000
2020-11-05 08:27:04.444000,8.75411,8.75286,1000000,1000000
2020-11-05 08:27:04.494000,8.75411,8.75277,1000000,1000000
2020-11-05 08:27:04.545000,8.75411,8.75271,1000000,1000000
2020-11-05 08:27:04.691000,8.75411,8.75265,1000000,1000000
2020-11-05 08:27:05.094000,8.754,8.75266,1000000,1000000
2020-11-05 08:27:06.026000,8.75401,8.75258,1000000,1000000
2020-11-05 08:27:06.299000,8.75401,8.75271,1000000,1000000
2020-11-05 08:27:06.400000,8.75401,8.75277,1000000,1000000
2020-11-05 08:27:06.450000,8.75401,8.75273,1000000,1000000
2020-11-05 08:27:07.388000,8.75421,8.75273,1000000,1000000
2020-11-05 08:27:08.549000,8.75421,8.75268,1000000,1000000
2020-11-05 08:27:09.370000,8.75411,8.75268,1000000,1000000
2020-11-05 08:27:10.046000,8.75411,8.75258,1000000,1000000
2020-11-05 08:27:10.147000,8.75371,8.7524,1000000,1000000
2020-11-05 08:27:10.248000,8.75371,8.75261,1000000,1000000
2020-11-05 08:27:10.299000,8.75371,8.75249,1000000,1000000
2020-11-05 08:27:10.349000,8.75371,8.75251,1000000,1000000
2020-11-05 08:27:10.400000,8.75371,8.7524,1000000,1000000
2020-11-05 08:27:10.501000,8.75371,8.75252,1000000,1000000
2020-11-05 08:27:10.551000,8.75371,8.75245,1000000,1000000
2020-11-05 08:27:10.602000,8.75371,8.7524,1000000,1000000
2020-11-05 08:27:10.652000,8.75371,8.75246,1000000,1000000
2020-11-05 08:27:10.753000,8.75371,8.7524,1000000,1000000
2020-11-05 08:27:10.804000,8.75371,8.75249,1000000,1000000
2020-11-05 08:27:10.854000,8.75371,8.75242,1000000,1000000
2020-11-05 08:27:10.905000,8.75371,8.7524,1000000,1000000
2020-11-05 08:27:10.955000,8.75371,8.75245,1000000,1000000
2020-11-05 08:27:11.056000,8.75371,8.7525,1000000,1000000
2020-11-05 08:27:11.107000,8.75371,8.75247,1000000,1000000
2020-11-05 08:27:11.308000,8.75371,8.75251,1000000,1000000
2020-11-05 08:27:11.409000,8.75371,8.75265,1000000,1000000
2020-11-05 08:27:11.560000,8.75371,8.75264,1000000,1000000
2020-11-05 08:27:12.131000,8.75401,8.75269,1250000,1000000
2020-11-05 08:27:12.182000,8.75401,8.75264,1000000,1000000
2020-11-05 08:27:12.232000,8.75401,8.7529,1000000,1000000
2020-11-05 08:27:12.283000,8.75401,8.75277,1000000,1000000
2020-11-05 08:27:13.019000,8.75401,8.75275,1000000,1000000
2020-11-05 08:27:13.337000,8.75401,8.75271,1000000,1000000
2020-11-05 08:27:13.387000,8.75401,8.75277,1000000,1000000
2020-11-05 08:27:15.053000,8.75401,8.75267,1000000,1000000
2020-11-05 08:27:15.652000,8.75397,8.75267,1000000,1000000
2020-11-05 08:27:15.753000,8.75396,8.75251,1000000,1000000
2020-11-05 08:27:15.864000,8.75397,8.75236,1000000,1000000
2020-11-05 08:27:16.128000,8.75385,8.75236,1000000,1000000
2020-11-05 08:27:16.279000,8.75357,8.75206,1000000,1000000
2020-11-05 08:27:16.330000,8.75357,8.75196,1000000,1000000
2020-11-05 08:27:16.380000,8.75331,8.75202,1000000,1000000
2020-11-05 08:27:16.481000,8.75331,8.75188,1000000,1000000
2020-11-05 08:27:16.532000,8.75317,8.75182,1000000,1000000
2020-11-05 08:27:16.776000,8.75331,8.75182,1000000,1000000
2020-11-05 08:27:17.366000,8.75311,8.75186,1000000,1000000
2020-11-05 08:27:17.467000,8.75311,8.75206,1000000,1000000
2020-11-05 08:27:17.568000,8.75311,8.75208,1000000,1000000
2020-11-05 08:27:17.619000,8.75311,8.75197,1000000,1000000
2020-11-05 08:27:17.669000,8.75311,8.75206,1000000,1000000
2020-11-05 08:27:17.771000,8.75311,8.75203,1000000,1000000
2020-11-05 08:27:17.872000,8.75311,8.75209,1000000,1000000
2020-11-05 08:27:17.922000,8.75351,8.75212,1000000,1000000
2020-11-05 08:27:18.914000,8.75351,8.75227,1000000,1000000
2020-11-05 08:27:19.015000,8.75351,8.75243,1000000,1000000
2020-11-05 08:27:19.217000,8.75351,8.7525,1000000,1000000
2020-11-05 08:27:19.387000,8.75354,8.7525,1250000,1000000
2020-11-05 08:27:19.438000,8.7536,8.75251,1000000,1000000
2020-11-05 08:27:19.648000,8.75361,8.75252,1000000,1000000
2020-11-05 08:27:19.699000,8.75361,8.75247,1000000,1000000
2020-11-05 08:27:19.750000,8.75361,8.7526,1000000,1000000
2020-11-05 08:27:19.801000,8.75391,8.75262,1250000,1000000
2020-11-05 08:27:19.852000,8.75391,8.75263,1000000,1000000
2020-11-05 08:27:19.902000,8.75391,8.75269,1000000,1000000
2020-11-05 08:27:19.953000,8.75391,8.75259,1000000,1000000
2020-11-05 08:27:20.218000,8.75391,8.75257,1000000,1000000
2020-11-05 08:27:20.775000,8.75371,8.75261,1000000,1000000
2020-11-05 08:27:20.826000,8.7537,8.75256,1000000,1000000
2020-11-05 08:27:20.877000,8.75371,8.75257,1000000,1000000
2020-11-05 08:27:20.927000,8.75371,8.75252,1000000,1000000
2020-11-05 08:27:22.412000,8.75371,8.75259,1000000,1000000
2020-11-05 08:27:22.463000,8.75371,8.75254,1000000,1000000
2020-11-05 08:27:22.564000,8.75371,8.75255,1000000,1000000
2020-11-05 08:27:22.664000,8.75371,8.75253,1000000,1000000
2020-11-05 08:27:22.715000,8.7537,8.75266,1000000,1000000
2020-11-05 08:27:22.816000,8.75401,8.753,1000000,1000000
2020-11-05 08:27:22.917000,8.75401,8.75291,1000000,1000000
2020-11-05 08:27:22.967000,8.75401,8.75294,1000000,1000000
2020-11-05 08:27:23.068000,8.75401,8.75282,1000000,1000000
2020-11-05 08:27:24.180000,8.75401,8.7528,1000000,1000000
2020-11-05 08:27:24.382000,8.75421,8.75293,1000000,1000000
2020-11-05 08:27:24.433000,8.75421,8.75288,1000000,1000000
2020-11-05 08:27:24.778000,8.75421,8.7529,1000000,1000000
2020-11-05 08:27:24.879000,8.75421,8.75306,1000000,1000000
2020-11-05 08:27:24.980000,8.75421,8.75314,1000000,1000000
2020-11-05 08:27:25.030000,8.75421,8.7531,1000000,1000000
2020-11-05 08:27:25.081000,8.75421,8.75316,1000000,1000000
2020-11-05 08:27:25.132000,8.75421,8.75312,1000000,1000000
2020-11-05 08:27:25.233000,8.75421,8.75327,1000000,1000000
2020-11-05 08:27:25.334000,8.75421,8.75326,1000000,1000000
2020-11-05 08:27:25.384000,8.75421,8.75322,1000000,1000000
2020-11-05 08:27:25.435000,8.75421,8.75331,1000000,1000000
2020-11-05 08:27:25.485000,8.75421,8.75329,1000000,1000000
2020-11-05 08:27:25.586000,8.75421,8.75325,1000000,1000000
2020-11-05 08:27:25.826000,8.75421,8.75316,1000000,1000000
2020-11-05 08:27:25.877000,8.7542,8.75327,1000000,1000000
2020-11-05 08:27:25.927000,8.7542,8.75321,1000000,1000000
2020-11-05 08:27:25.978000,8.75461,8.75333,1000000,1000000
2020-11-05 08:27:26.028000,8.75461,8.75337,1000000,1000000
2020-11-05 08:27:26.129000,8.7546,8.75361,1000000,1000000
2020-11-05 08:27:26.230000,8.75501,8.7538,1000000,1000000
2020-11-05 08:27:26.281000,8.75501,8.75376,1000000,1000000
2020-11-05 08:27:26.701000,8.75521,8.7539,1000000,1000000
2020-11-05 08:27:26.752000,8.75521,8.75381,1000000,1000000
2020-11-05 08:27:27.696000,8.75501,8.75384,1000000,1000000
2020-11-05 08:27:27.747000,8.75501,8.75376,1000000,1000000
2020-11-05 08:27:27.848000,8.75501,8.75357,1000000,1000000
2020-11-05 08:27:27.999000,8.75501,8.75367,1000000,1000000
2020-11-05 08:27:28.100000,8.75501,8.75387,1000000,1000000
2020-11-05 08:27:28.201000,8.75501,8.75383,1000000,1000000
2020-11-05 08:27:28.251000,8.75501,8.75388,1000000,1000000
2020-11-05 08:27:28.302000,8.75501,8.75384,1000000,1000000
2020-11-05 08:27:28.746000,8.75501,8.75392,1000000,1000000
2020-11-05 08:27:29.219000,8.755,8.75411,1000000,1000000
2020-11-05 08:27:29.682000,8.75501,8.75415,1000000,1000000
2020-11-05 08:27:29.732000,8.75521,8.75421,1000000,1000000
2020-11-05 08:27:29.783000,8.75521,8.7541,1000000,1000000
2020-11-05 08:27:29.834000,8.75521,8.75401,1000000,1000000
2020-11-05 08:27:30.403000,8.75521,8.75388,1000000,1000000
2020-11-05 08:27:30.453000,8.75521,8.75398,1000000,1000000
2020-11-05 08:27:30.555000,8.75521,8.754,1000000,1000000
2020-11-05 08:27:30.807000,8.75521,8.75413,1000000,1000000
2020-11-05 08:27:31.183000,8.75617,8.75422,1750000,1000000
2020-11-05 08:27:31.550000,8.75617,8.75421,1750000,1000000
2020-11-05 08:27:31.675000,8.75521,8.75425,1000000,1000000
2020-11-05 08:27:31.898000,8.75521,8.75416,1000000,1000000
2020-11-05 08:27:32.263000,8.7554,8.75435,1000000,1000000
2020-11-05 08:27:32.414000,8.7554,8.7541,1000000,1000000
2020-11-05 08:27:32.515000,8.7554,8.75398,1000000,1000000
2020-11-05 08:27:32.716000,8.7554,8.75386,1000000,1000000
2020-11-05 08:27:32.817000,8.75537,8.75387,1000000,1000000
2020-11-05 08:27:33.145000,8.75536,8.75386,1000000,1000000
2020-11-05 08:27:33.246000,8.7552,8.75374,1000000,1000000
2020-11-05 08:27:33.347000,8.7552,8.75375,1000000,1000000
2020-11-05 08:27:33.448000,8.7552,8.75383,1000000,1000000
2020-11-05 08:27:35.283000,8.75518,8.75383,1000000,1000000
2020-11-05 08:27:36.455000,8.75517,8.75364,1000000,1000000
2020-11-05 08:27:36.505000,8.75518,8.75373,1000000,1000000
2020-11-05 08:27:38.313000,8.75518,8.75399,1000000,1000000
2020-11-05 08:27:38.417000,8.75523,8.75447,1750000,1000000
2020-11-05 08:27:38.467000,8.75523,8.75444,1250000,1000000
2020-11-05 08:27:38.518000,8.75522,8.75452,1250000,1000000
2020-11-05 08:27:38.569000,8.75523,8.75448,1250000,1000000
2020-11-05 08:27:38.670000,8.75558,8.7545,1000000,1000000
2020-11-05 08:27:38.720000,8.75557,8.75455,1000000,1000000
2020-11-05 08:27:38.872000,8.75558,8.75467,1000000,1000000
2020-11-05 08:27:38.973000,8.75608,8.75472,1000000,1000000
2020-11-05 08:27:39.124000,8.75608,8.75467,1000000,1000000
2020-11-05 08:27:39.423000,8.75608,8.75478,1000000,1000000
2020-11-05 08:27:39.991000,8.75626,8.75489,1000000,1000000
2020-11-05 08:27:40.473000,8.75627,8.75466,1500000,1000000
2020-11-05 08:27:40.683000,8.75627,8.75458,1000000,1000000
2020-11-05 08:27:40.835000,8.75627,8.75446,1750000,1000000
2020-11-05 08:27:40.955000,8.75589,8.75446,1000000,1000000
2020-11-05 08:27:41.106000,8.75589,8.75452,1000000,1000000
2020-11-05 08:27:41.403000,8.75589,8.75451,1000000,1000000
2020-11-05 08:27:41.454000,8.75589,8.75445,1000000,1000000
2020-11-05 08:27:41.605000,8.75588,8.75468,1000000,1000000
2020-11-05 08:27:41.656000,8.75589,8.75458,1000000,1000000
2020-11-05 08:27:42.581000,8.75589,8.75475,1000000,1000000
2020-11-05 08:27:42.631000,8.75588,8.75471,1000000,1000000
2020-11-05 08:27:42.834000,8.75618,8.75471,1250000,1000000
2020-11-05 08:27:42.885000,8.75618,8.75481,1000000,1000000
2020-11-05 08:27:43.776000,8.75617,8.75485,1000000,1000000
2020-11-05 08:27:43.983000,8.75618,8.75477,1000000,1000000
2020-11-05 08:27:44.033000,8.75618,8.75481,1000000,1000000
2020-11-05 08:27:44.084000,8.75618,8.75471,1000000,1000000
2020-11-05 08:27:44.185000,8.75618,8.75458,1000000,1000000
2020-11-05 08:27:44.592000,8.75617,8.75466,1000000,1000000
2020-11-05 08:27:44.693000,8.75622,8.7553,1500000,1000000
2020-11-05 08:27:44.743000,8.75622,8.75523,1000000,1000000
2020-11-05 08:27:44.794000,8.75622,8.75495,1000000,1000000
2020-11-05 08:27:44.845000,8.75647,8.75488,1250000,1000000
2020-11-05 08:27:44.896000,8.75647,8.75488,1000000,1000000
2020-11-05 08:27:45.047000,8.75667,8.75488,1000000,1000000
2020-11-05 08:27:45.148000,8.75669,8.75488,1000000,1000000
2020-11-05 08:27:45.199000,8.75667,8.75488,1000000,1000000
2020-11-05 08:27:45.465000,8.75669,8.75488,1000000,1000000
2020-11-05 08:27:45.566000,8.75617,8.75481,1000000,1000000
2020-11-05 08:27:45.617000,8.75597,8.75455,1000000,1000000
2020-11-05 08:27:45.668000,8.75597,8.75434,1750000,1000000
2020-11-05 08:27:46.054000,8.75587,8.75434,1000000,1000000
2020-11-05 08:27:46.158000,8.75587,8.75426,1000000,1000000
2020-11-05 08:27:46.462000,8.75597,8.75426,1750000,1000000
2020-11-05 08:27:46.513000,8.75597,8.75477,1750000,1000000
2020-11-05 08:27:46.614000,8.75665,8.75497,1750000,1000000
2020-11-05 08:27:46.665000,8.75667,8.755,1750000,1000000
2020-11-05 08:27:46.715000,8.75667,8.75506,1750000,1000000
2020-11-05 08:27:46.816000,8.75637,8.75505,1000000,1000000
2020-11-05 08:27:46.917000,8.75637,8.75496,1000000,1000000
2020-11-05 08:27:47.123000,8.75637,8.7549,1000000,1000000
2020-11-05 08:27:47.174000,8.75637,8.75482,1000000,1000000
2020-11-05 08:27:47.225000,8.75637,8.75476,1000000,1000000
2020-11-05 08:27:48.483000,8.75637,8.75492,1000000,1000000
2020-11-05 08:27:48.584000,8.75647,8.75492,1750000,1000000
2020-11-05 08:27:48.685000,8.75597,8.75472,1000000,1000000
2020-11-05 08:27:48.735000,8.75597,8.75465,1000000,1000000
2020-11-05 08:27:48.963000,8.75637,8.75465,1750000,1000000
2020-11-05 08:27:49.013000,8.75637,8.75472,1750000,1000000
2020-11-05 08:27:49.152000,8.75627,8.75472,1000000,1000000
2020-11-05 08:27:49.203000,8.75647,8.75472,1750000,1000000
2020-11-05 08:27:49.434000,8.75627,8.75472,1000000,1000000
2020-11-05 08:27:49.586000,8.75627,8.75472,1750000,1000000
2020-11-05 08:27:50.313000,8.75637,8.75487,1750000,1000000
2020-11-05 08:27:50.571000,8.75636,8.75488,1750000,1000000
2020-11-05 08:27:51.696000,8.75617,8.75473,1000000,1000000
2020-11-05 08:27:51.746000,8.75607,8.75471,1000000,1000000
2020-11-05 08:27:51.900000,8.75617,8.75471,1000000,1000000
2020-11-05 08:27:52.202000,8.75627,8.75474,1000000,1000000
2020-11-05 08:27:52.253000,8.75607,8.75474,1000000,1000000
2020-11-05 08:27:53.250000,8.75617,8.75481,1000000,1000000
2020-11-05 08:27:53.301000,8.75607,8.75481,1000000,1000000
2020-11-05 08:27:53.416000,8.75587,8.75472,1000000,1000000
2020-11-05 08:27:54.856000,8.75597,8.75472,1000000,1000000
2020-11-05 08:27:55.820000,8.75587,8.75464,1000000,1000000
2020-11-05 08:27:55.871000,8.75577,8.75451,1000000,1000000
2020-11-05 08:27:55.922000,8.75566,8.75436,1000000,1000000
2020-11-05 08:27:56.073000,8.75577,8.75435,1000000,1000000
2020-11-05 08:27:56.186000,8.75577,8.75436,1000000,1000000
2020-11-05 08:27:56.388000,8.75577,8.75442,1000000,1000000
2020-11-05 08:27:56.489000,8.75557,8.75429,1000000,1000000
2020-11-05 08:27:57.016000,8.75547,8.75429,1000000,1000000
2020-11-05 08:27:57.067000,8.75547,8.75406,1000000,1000000
2020-11-05 08:27:57.117000,8.75517,8.75398,1000000,1000000
2020-11-05 08:27:57.168000,8.75516,8.75384,1000000,1000000
2020-11-05 08:27:57.319000,8.75517,8.75385,1000000,1000000
2020-11-05 08:27:57.369000,8.75557,8.75392,1750000,1000000
2020-11-05 08:27:58.372000,8.75526,8.75393,1000000,1000000
2020-11-05 08:27:58.711000,8.75507,8.75392,1000000,1000000
2020-11-05 08:27:58.957000,8.75507,8.7539,1000000,1000000
2020-11-05 08:27:59.188000,8.75517,8.7539,1000000,1000000
2020-11-05 08:27:59.289000,8.75516,8.75421,1000000,1000000
2020-11-05 08:27:59.441000,8.75517,8.75421,1000000,1000000
2020-11-05 08:27:59.542000,8.75557,8.75414,1750000,1000000
2020-11-05 08:27:59.642000,8.75557,8.75397,1750000,1000000
2020-11-05 08:27:59.693000,8.75527,8.75397,1000000,1000000
2020-11-05 08:27:59.744000,8.75547,8.75397,1750000,1000000
2020-11-05 08:28:01.320000,8.75577,8.75385,1750000,1000000
2020-11-05 08:28:01.421000,8.75537,8.75384,1750000,1000000
2020-11-05 08:28:01.706000,8.75537,8.75384,1250000,1000000
2020-11-05 08:28:01.807000,8.75537,8.75384,1000000,1000000
2020-11-05 08:28:02.146000,8.75537,8.75384,1500000,1000000
2020-11-05 08:28:02.247000,8.75546,8.75385,1750000,1000000
2020-11-05 08:28:03.632000,8.75527,8.75361,1750000,1000000
2020-11-05 08:28:04.135000,8.75577,8.75379,1750000,1000000
2020-11-05 08:28:04.185000,8.75577,8.75379,1750000,1000000
2020-11-05 08:28:04.286000,8.75577,8.75385,1750000,1000000
2020-11-05 08:28:04.511000,8.75587,8.75405,1750000,1000000
2020-11-05 08:28:04.561000,8.75557,8.75392,1750000,1000000
2020-11-05 08:28:04.612000,8.75557,8.75384,1750000,1000000
2020-11-05 08:28:05.392000,8.75557,8.75399,1750000,1000000
2020-11-05 08:28:05.442000,8.75557,8.7539,1750000,1000000
2020-11-05 08:28:05.543000,8.75557,8.75384,1750000,1000000
2020-11-05 08:28:05.978000,8.75547,8.75371,1750000,1000000
2020-11-05 08:28:06.029000,8.75525,8.75371,1000000,1000000
2020-11-05 08:28:06.079000,8.75514,8.75356,1000000,1000000
2020-11-05 08:28:06.130000,8.75511,8.75356,1000000,1000000
2020-11-05 08:28:06.881000,8.75511,8.75349,1000000,1000000
2020-11-05 08:28:07.283000,8.75507,8.75349,1000000,1000000
2020-11-05 08:28:07.334000,8.75511,8.75349,1000000,1000000
2020-11-05 08:28:07.871000,8.75506,8.7535,1000000,1000000
2020-11-05 08:28:07.989000,8.75507,8.75348,1000000,1000000
2020-11-05 08:28:08.146000,8.75511,8.75348,1000000,1000000
2020-11-05 08:28:08.197000,8.75471,8.75348,1000000,1000000
2020-11-05 08:28:08.247000,8.75471,8.75342,1000000,1000000
2020-11-05 08:28:08.298000,8.75471,8.7535,1000000,1000000
2020-11-05 08:28:08.399000,8.75471,8.75338,1000000,1000000
2020-11-05 08:28:09.065000,8.75471,8.75345,1000000,1000000
2020-11-05 08:28:09.216000,8.75471,8.75343,1000000,1000000
2020-11-05 08:28:09.267000,8.7547,8.7536,1000000,1000000
2020-11-05 08:28:09.367000,8.75471,8.75356,1000000,1000000
2020-11-05 08:28:09.418000,8.75471,8.75353,1000000,1000000
2020-11-05 08:28:09.468000,8.75471,8.75359,1000000,1000000
2020-11-05 08:28:11.848000,8.75471,8.75351,1000000,1000000
2020-11-05 08:28:12.211000,8.75461,8.75351,1000000,1000000
2020-11-05 08:28:12.807000,8.75461,8.75337,1000000,1000000
2020-11-05 08:28:13.705000,8.75461,8.75329,1000000,1000000
2020-11-05 08:28:13.756000,8.75461,8.75337,1000000,1000000
2020-11-05 08:28:13.967000,8.7546,8.75339,1000000,1000000
2020-11-05 08:28:14.219000,8.75471,8.75341,1000000,1000000
2020-11-05 08:28:14.383000,8.75471,8.75355,1000000,1000000
2020-11-05 08:28:15.895000,8.75471,8.75371,1000000,1000000
2020-11-05 08:28:15.946000,8.75501,8.7537,1000000,1000000
2020-11-05 08:28:16.047000,8.75501,8.75362,1000000,1000000
2020-11-05 08:28:16.148000,8.7548,8.75368,1000000,1000000
2020-11-05 08:28:16.198000,8.75481,8.75354,1000000,1000000
2020-11-05 08:28:17.058000,8.7548,8.75348,1000000,1000000
2020-11-05 08:28:17.983000,8.75481,8.75363,1000000,1000000
2020-11-05 08:28:18.034000,8.75481,8.75358,1000000,1000000
2020-11-05 08:28:18.134000,8.75481,8.7535,1000000,1000000
2020-11-05 08:28:18.430000,8.75471,8.75347,1000000,1000000
2020-11-05 08:28:18.633000,8.75471,8.75346,1000000,1000000
2020-11-05 08:28:18.684000,8.75471,8.75309,1000000,1000000
2020-11-05 08:28:18.734000,8.75421,8.75317,1000000,1000000
2020-11-05 08:28:18.835000,8.75421,8.753,1000000,1000000
2020-11-05 08:28:18.936000,8.75421,8.75299,1000000,1000000
2020-11-05 08:28:19.239000,8.75417,8.75284,1000000,1000000
2020-11-05 08:28:19.340000,8.75417,8.75264,1000000,1000000
2020-11-05 08:28:19.390000,8.75387,8.75256,1000000,1000000
2020-11-05 08:28:19.441000,8.75391,8.75236,1000000,1000000
2020-11-05 08:28:19.491000,8.75387,8.75236,1000000,1000000
2020-11-05 08:28:19.592000,8.75367,8.75236,1000000,1000000
2020-11-05 08:28:19.643000,8.75377,8.75236,1000000,1000000
2020-11-05 08:28:19.744000,8.75367,8.75236,1000000,1000000
2020-11-05 08:28:19.795000,8.75377,8.75238,1000000,1000000
2020-11-05 08:28:19.897000,8.75341,8.75223,1000000,1000000
2020-11-05 08:28:21.123000,8.75367,8.75223,1750000,1000000
2020-11-05 08:28:21.174000,8.75357,8.75223,1000000,1000000
2020-11-05 08:28:21.391000,8.75357,8.75228,1000000,1000000
2020-11-05 08:28:21.442000,8.75367,8.75228,1750000,1000000
2020-11-05 08:28:21.820000,8.75357,8.7522,1000000,1000000
2020-11-05 08:28:21.871000,8.75347,8.75205,1000000,1000000
2020-11-05 08:28:22.202000,8.75357,8.75205,1000000,1000000
2020-11-05 08:28:22.313000,8.75367,8.75227,1750000,1000000
2020-11-05 08:28:22.464000,8.75367,8.75234,1750000,1000000
2020-11-05 08:28:22.565000,8.75346,8.75236,1000000,1000000
2020-11-05 08:28:22.666000,8.75406,8.75265,1750000,1000000
2020-11-05 08:28:22.717000,8.75377,8.75264,1000000,1000000
2020-11-05 08:28:22.767000,8.75387,8.75264,1000000,1000000
2020-11-05 08:28:22.905000,8.75397,8.75264,1000000,1000000
2020-11-05 08:28:22.955000,8.75376,8.75265,1000000,1000000
2020-11-05 08:28:23.056000,8.75377,8.75266,1000000,1000000
2020-11-05 08:28:23.157000,8.75386,8.75267,1000000,1000000
2020-11-05 08:28:23.208000,8.75377,8.75266,1000000,1000000
2020-11-05 08:28:23.440000,8.75387,8.75266,1000000,1000000
2020-11-05 08:28:23.739000,8.75377,8.75266,1000000,1000000
2020-11-05 08:28:23.789000,8.75387,8.75266,1000000,1000000
2020-11-05 08:28:24.091000,8.75377,8.75266,1000000,1000000
2020-11-05 08:28:24.751000,8.75387,8.75266,1000000,1000000
2020-11-05 08:28:24.920000,8.75397,8.7528,1000000,1000000
2020-11-05 08:28:25.072000,8.75387,8.7528,1000000,1000000
2020-11-05 08:28:25.122000,8.75397,8.75267,1000000,1000000
2020-11-05 08:28:26.283000,8.75387,8.75267,1000000,1000000
2020-11-05 08:28:26.384000,8.75377,8.75267,1000000,1000000
2020-11-05 08:28:26.484000,8.75377,8.75265,1000000,1000000
2020-11-05 08:28:26.585000,8.75356,8.75229,1000000,1000000
2020-11-05 08:28:26.736000,8.75327,8.75213,1000000,1000000
2020-11-05 08:28:26.837000,8.75337,8.75222,1000000,1000000
2020-11-05 08:28:27.123000,8.75347,8.75222,1000000,1000000
2020-11-05 08:28:27.986000,8.75357,8.75222,1000000,1000000
2020-11-05 08:28:28.188000,8.75347,8.75222,1000000,1000000
2020-11-05 08:28:28.618000,8.75357,8.75222,1000000,1000000
2020-11-05 08:28:28.719000,8.75387,8.7523,1750000,1000000
2020-11-05 08:28:29.256000,8.75356,8.75231,1000000,1000000
2020-11-05 08:28:29.357000,8.75347,8.7523,1000000,1000000
2020-11-05 08:28:30.031000,8.75357,8.7523,1000000,1000000
2020-11-05 08:28:30.132000,8.75397,8.7523,1750000,1000000
2020-11-05 08:28:30.233000,8.75397,8.75238,1750000,1000000
2020-11-05 08:28:30.334000,8.75386,8.75268,1750000,1000000
2020-11-05 08:28:30.385000,8.75387,8.75267,1250000,1000000
2020-11-05 08:28:30.486000,8.75387,8.75267,1000000,1000000
2020-11-05 08:28:30.815000,8.75397,8.75267,1000000,1000000
2020-11-05 08:28:31.308000,8.75387,8.75267,1000000,1000000
2020-11-05 08:28:31.548000,8.75397,8.75267,1000000,1000000
2020-11-05 08:28:31.959000,8.75387,8.75267,1000000,1000000
2020-11-05 08:28:32.070000,8.75397,8.75267,1000000,1000000
2020-11-05 08:28:33.008000,8.75407,8.75267,1000000,1000000
2020-11-05 08:28:34.063000,8.75407,8.75294,1000000,1000000
2020-11-05 08:28:34.164000,8.75407,8.75338,1000000,1000000
2020-11-05 08:28:34.279000,8.75407,8.75287,1000000,1000000
2020-11-05 08:28:34.784000,8.75396,8.75288,1000000,1000000
2020-11-05 08:28:34.935000,8.75417,8.75287,1000000,1000000
2020-11-05 08:28:35.036000,8.75417,8.7535,1000000,1000000
2020-11-05 08:28:35.086000,8.75513,8.7535,1750000,1000000
2020-11-05 08:28:35.137000,8.75407,8.7535,1000000,1000000
2020-11-05 08:28:35.241000,8.75406,8.75291,1000000,1250000
2020-11-05 08:28:35.442000,8.75467,8.75371,1750000,1000000
2020-11-05 08:28:35.543000,8.75456,8.75379,1000000,1000000
2020-11-05 08:28:36.100000,8.75476,8.7538,1000000,1000000
2020-11-05 08:28:36.403000,8.75467,8.75379,1000000,1000000
2020-11-05 08:28:36.655000,8.75477,8.75379,1000000,1000000
2020-11-05 08:28:36.841000,8.75467,8.75379,1000000,1000000
2020-11-05 08:28:37.135000,8.75477,8.75379,1000000,1000000
2020-11-05 08:28:37.248000,8.75457,8.75379,1000000,1000000
2020-11-05 08:28:37.299000,8.75467,8.75379,1000000,1000000
2020-11-05 08:28:37.500000,8.75487,8.75379,1750000,1000000
2020-11-05 08:28:37.775000,8.75486,8.75372,1750000,1000000
2020-11-05 08:28:37.826000,8.75477,8.75334,1000000,1000000
2020-11-05 08:28:37.927000,8.75487,8.75307,1750000,1000000
2020-11-05 08:28:37.977000,8.75487,8.75307,1750000,1000000
2020-11-05 08:28:38.136000,8.75486,8.75316,1750000,1000000
2020-11-05 08:28:38.287000,8.75525,8.75339,1750000,1000000
2020-11-05 08:28:38.452000,8.75522,8.75337,1750000,1000000
2020-11-05 08:28:38.553000,8.75521,8.75325,1750000,1000000
2020-11-05 08:28:38.944000,8.75536,8.75346,1750000,1000000
2020-11-05 08:28:38.995000,8.75536,8.75346,1750000,1000000
2020-11-05 08:28:39.198000,8.75507,8.7533,1750000,1000000
2020-11-05 08:28:39.299000,8.75515,8.75325,1750000,1000000
2020-11-05 08:28:39.922000,8.75514,8.75323,1750000,1000000
2020-11-05 08:28:39.972000,8.7553,8.7534,1750000,1000000
2020-11-05 08:28:40.073000,8.75527,8.75347,1750000,1000000
2020-11-05 08:28:40.175000,8.75557,8.75433,1750000,1000000
2020-11-05 08:28:40.444000,8.75541,8.75433,1000000,1000000
2020-11-05 08:28:40.494000,8.75541,8.75439,1000000,1000000
2020-11-05 08:28:41.649000,8.75541,8.75436,1000000,1000000
2020-11-05 08:28:41.922000,8.75541,8.7543,1000000,1000000
2020-11-05 08:28:42.023000,8.75541,8.75437,1000000,1000000
2020-11-05 08:28:42.321000,8.75541,8.75456,1000000,1000000
2020-11-05 08:28:42.372000,8.75567,8.75456,1000000,1000000
2020-11-05 08:28:42.937000,8.75567,8.75455,1000000,1000000
2020-11-05 08:28:42.988000,8.75567,8.75416,1000000,1000000
2020-11-05 08:28:43.088000,8.75567,8.75405,1000000,1000000
2020-11-05 08:28:43.783000,8.75567,8.75449,1000000,1000000
2020-11-05 08:28:43.894000,8.75567,8.75451,1000000,1000000
2020-11-05 08:28:44.049000,8.7555,8.75451,1000000,1000000
2020-11-05 08:28:45.060000,8.75567,8.75451,1000000,1000000
2020-11-05 08:28:45.995000,8.75567,8.75436,1000000,1000000
2020-11-05 08:28:46.046000,8.75567,8.75404,1000000,1000000
2020-11-05 08:28:47.026000,8.7557,8.75405,1750000,1000000
2020-11-05 08:28:47.127000,8.75557,8.75404,1000000,1000000
2020-11-05 08:28:49.019000,8.75557,8.75478,1000000,1000000
2020-11-05 08:28:49.070000,8.7566,8.75449,1750000,1000000
2020-11-05 08:28:49.171000,8.75695,8.75447,1750000,1000000
2020-11-05 08:28:49.322000,8.75697,8.75463,1750000,1000000
2020-11-05 08:28:49.844000,8.75702,8.75478,1750000,1000000
2020-11-05 08:28:49.945000,8.75712,8.75491,1750000,1000000
2020-11-05 08:28:49.996000,8.7574,8.75493,1750000,1000000
2020-11-05 08:28:50.097000,8.75732,8.7548,1750000,1000000
2020-11-05 08:28:50.147000,8.75732,8.7548,1750000,1000000
2020-11-05 08:28:50.604000,8.75732,8.7548,1750000,1000000
2020-11-05 08:28:50.705000,8.75732,8.7548,1750000,1000000
2020-11-05 08:28:50.907000,8.75726,8.75485,1750000,1000000
2020-11-05 08:28:51.432000,8.75726,8.75485,1750000,1000000
2020-11-05 08:28:52.253000,8.75718,8.75473,1750000,1000000
2020-11-05 08:28:52.991000,8.75718,8.75473,1750000,1000000
2020-11-05 08:28:53.093000,8.75724,8.75479,1750000,1000000
2020-11-05 08:28:53.905000,8.7571,8.7547,1750000,1000000
2020-11-05 08:28:54.183000,8.75701,8.75463,1750000,1000000
2020-11-05 08:28:55.019000,8.75702,8.75462,1750000,1000000
2020-11-05 08:28:56.139000,8.75715,8.75481,1750000,1000000
2020-11-05 08:28:56.240000,8.75726,8.75498,1750000,1000000
2020-11-05 08:28:57.921000,8.75716,8.75484,1750000,1000000
2020-11-05 08:28:57.972000,8.75697,8.75481,1750000,1000000
2020-11-05 08:28:58.123000,8.75697,8.75481,1750000,1000000
2020-11-05 08:28:58.870000,8.75697,8.75474,1750000,1000000
2020-11-05 08:28:58.921000,8.75697,8.7546,1750000,1000000
2020-11-05 08:29:00.018000,8.75697,8.7546,1750000,1000000
2020-11-05 08:29:00.197000,8.75697,8.75463,1750000,1000000
2020-11-05 08:29:00.792000,8.75687,8.75449,1750000,1000000
2020-11-05 08:29:00.982000,8.75676,8.75437,1250000,1000000
2020-11-05 08:29:01.033000,8.75667,8.75428,1000000,1000000
2020-11-05 08:29:01.134000,8.75657,8.75402,1000000,1000000
2020-11-05 08:29:01.235000,8.75656,8.75417,1000000,1000000
2020-11-05 08:29:01.447000,8.75657,8.75416,1500000,1000000
2020-11-05 08:29:01.554000,8.75657,8.75416,1750000,1000000
2020-11-05 08:29:02.233000,8.75657,8.7543,1750000,1000000
2020-11-05 08:29:03.665000,8.75688,8.7543,1750000,1000000
2020-11-05 08:29:06.631000,8.75666,8.75414,1750000,1000000
2020-11-05 08:29:07.696000,8.75666,8.75414,1750000,1000000
2020-11-05 08:29:09.100000,8.7557,8.75415,1000000,1000000
2020-11-05 08:29:09.201000,8.75571,8.7542,1000000,1000000
2020-11-05 08:29:09.251000,8.75571,8.75413,1000000,1000000
2020-11-05 08:29:09.302000,8.75571,8.75402,1000000,1000000
2020-11-05 08:29:09.488000,8.75571,8.75385,1000000,1000000
2020-11-05 08:29:09.639000,8.755,8.75386,1000000,1000000
2020-11-05 08:29:09.690000,8.75501,8.75373,1000000,1000000
2020-11-05 08:29:09.741000,8.75501,8.75367,1000000,1000000
2020-11-05 08:29:09.886000,8.75501,8.75365,1000000,1000000
2020-11-05 08:29:10.037000,8.75501,8.75361,1000000,1000000
2020-11-05 08:29:10.417000,8.755,8.75377,1000000,1000000
2020-11-05 08:29:10.518000,8.75501,8.75398,1000000,1000000
2020-11-05 08:29:10.669000,8.75501,8.7543,1000000,1000000
2020-11-05 08:29:10.769000,8.75562,8.75449,1000000,1000000
2020-11-05 08:29:10.820000,8.75581,8.75449,1000000,1000000
2020-11-05 08:29:10.971000,8.75581,8.75442,1000000,1000000
2020-11-05 08:29:11.022000,8.75581,8.75447,1000000,1000000
2020-11-05 08:29:11.072000,8.75581,8.75434,1000000,1000000
2020-11-05 08:29:11.125000,8.75581,8.75426,1000000,1000000
2020-11-05 08:29:11.659000,8.75581,8.75443,1000000,1000000
2020-11-05 08:29:11.762000,8.75581,8.75453,1000000,1000000
2020-11-05 08:29:11.863000,8.75581,8.75452,1000000,1000000
2020-11-05 08:29:13.045000,8.75561,8.75454,1000000,1000000
2020-11-05 08:29:13.095000,8.75561,8.75445,1000000,1000000
2020-11-05 08:29:13.478000,8.75561,8.75458,1000000,1000000
2020-11-05 08:29:13.789000,8.75564,8.75477,1250000,1000000
2020-11-05 08:29:13.839000,8.75571,8.75472,1000000,1000000
2020-11-05 08:29:13.890000,8.75571,8.75467,1000000,1000000
2020-11-05 08:29:13.941000,8.7557,8.75476,1000000,1000000
2020-11-05 08:29:14.294000,8.75571,8.75468,1000000,1000000
2020-11-05 08:29:14.345000,8.75571,8.75503,1000000,1000000
2020-11-05 08:29:14.396000,8.75571,8.75477,1000000,1000000
2020-11-05 08:29:14.447000,8.75571,8.75489,1000000,1000000
2020-11-05 08:29:14.498000,8.75571,8.75486,1000000,1000000
2020-11-05 08:29:14.548000,8.75571,8.75489,1000000,1000000
2020-11-05 08:29:14.599000,8.75571,8.75483,1000000,1000000
2020-11-05 08:29:14.650000,8.75571,8.75499,1000000,1000000
2020-11-05 08:29:14.701000,8.75571,8.75494,1000000,1000000
2020-11-05 08:29:14.752000,8.75571,8.75487,1000000,1000000
2020-11-05 08:29:14.802000,8.75571,8.75489,1000000,1000000
2020-11-05 08:29:14.903000,8.75571,8.75491,1000000,1000000
2020-11-05 08:29:15.004000,8.75571,8.75494,1000000,1000000
2020-11-05 08:29:15.054000,8.75571,8.75489,1000000,1000000
2020-11-05 08:29:15.105000,8.75571,8.75482,1000000,1000000
2020-11-05 08:29:15.156000,8.75611,8.75485,1000000,1000000
2020-11-05 08:29:15.257000,8.75611,8.75483,1000000,1000000
2020-11-05 08:29:15.370000,8.75611,8.75495,1000000,1000000
2020-11-05 08:29:15.602000,8.7561,8.75525,1000000,1000000
2020-11-05 08:29:16.821000,8.75611,8.75538,1000000,1000000
2020-11-05 08:29:17.753000,8.75665,8.75538,1750000,1000000
2020-11-05 08:29:19.018000,8.75687,8.75538,1000000,1000000
2020-11-05 08:29:19.735000,8.75695,8.75582,1000000,1000000
2020-11-05 08:29:19.837000,8.75695,8.75599,1000000,1000000
2020-11-05 08:29:19.887000,8.75731,8.75599,1750000,1000000
2020-11-05 08:29:20.102000,8.75855,8.75607,1750000,1000000
2020-11-05 08:29:20.152000,8.75837,8.75597,1750000,1000000
2020-11-05 08:29:20.253000,8.75837,8.75584,2250000,1000000
2020-11-05 08:29:21.748000,8.75763,8.75584,1000000,1000000
2020-11-05 08:29:22.033000,8.75827,8.75584,1750000,1000000
2020-11-05 08:29:22.204000,8.75787,8.7556,1750000,1000000
2020-11-05 08:29:22.259000,8.75787,8.75552,1750000,1000000
2020-11-05 08:29:22.372000,8.75772,8.7553,1250000,1000000
2020-11-05 08:29:22.573000,8.75787,8.75545,1750000,1000000
2020-11-05 08:29:22.674000,8.758,8.75553,1750000,1000000
2020-11-05 08:29:23.763000,8.758,8.75553,1750000,1000000
2020-11-05 08:29:25.711000,8.75799,8.75554,1750000,1000000
2020-11-05 08:29:25.831000,8.758,8.75553,1750000,1000000
2020-11-05 08:29:26.315000,8.7577,8.7553,1750000,1000000
2020-11-05 08:29:27.986000,8.75771,8.75529,1750000,1000000
2020-11-05 08:29:28.087000,8.75771,8.75529,1750000,1000000
2020-11-05 08:29:28.357000,8.75766,8.75522,1750000,1000000
2020-11-05 08:29:28.458000,8.75727,8.75507,1750000,1000000
2020-11-05 08:29:28.509000,8.75726,8.75478,1750000,1000000
2020-11-05 08:29:29.662000,8.75717,8.75488,1750000,1000000
2020-11-05 08:29:30.006000,8.75717,8.75488,1750000,1000000
2020-11-05 08:29:30.108000,8.75715,8.75483,1750000,1000000
2020-11-05 08:29:33.344000,8.75697,8.75475,1750000,1000000
2020-11-05 08:29:33.445000,8.75716,8.75483,1750000,1000000
2020-11-05 08:29:34.267000,8.75707,8.75483,1750000,1000000
2020-11-05 08:29:34.530000,8.75745,8.75512,1750000,1000000
2020-11-05 08:29:34.631000,8.75752,8.75519,1750000,1000000
2020-11-05 08:29:34.782000,8.75774,8.75536,1750000,1000000
2020-11-05 08:29:34.933000,8.75782,8.75549,1750000,1000000
2020-11-05 08:29:35.245000,8.75774,8.75535,1750000,1000000
2020-11-05 08:29:35.573000,8.75767,8.75534,1750000,1000000
2020-11-05 08:29:36.338000,8.75767,8.75534,2250000,1000000
2020-11-05 08:29:36.899000,8.75788,8.7555,1750000,1000000
2020-11-05 08:29:37,8.75671,8.75534,1000000,1000000
2020-11-05 08:29:37.101000,8.75671,8.75557,1000000,1000000
2020-11-05 08:29:37.208000,8.7567,8.75566,1000000,1000000
2020-11-05 08:29:39.260000,8.75671,8.75566,1000000,1000000
2020-11-05 08:29:41,8.75674,8.75566,1000000,1000000
2020-11-05 08:29:41.051000,8.75691,8.75566,1000000,1000000
2020-11-05 08:29:41.152000,8.75691,8.75558,1000000,1000000
2020-11-05 08:29:42.947000,8.75691,8.75551,1000000,1000000
2020-11-05 08:29:43.054000,8.75701,8.75551,1000000,1000000
2020-11-05 08:29:44.471000,8.75701,8.75538,1000000,1000000
2020-11-05 08:29:44.572000,8.75701,8.75532,1000000,1000000
2020-11-05 08:29:44.808000,8.75701,8.75529,1000000,1000000
2020-11-05 08:29:44.959000,8.75701,8.75515,1000000,1000000
2020-11-05 08:29:45.009000,8.75675,8.75498,1000000,1000000
2020-11-05 08:29:45.110000,8.75641,8.75498,1000000,1000000
2020-11-05 08:29:45.211000,8.75644,8.75483,1000000,1000000
2020-11-05 08:29:45.261000,8.75643,8.75486,1250000,1000000
2020-11-05 08:29:45.311000,8.75691,8.75485,2440000,1000000
2020-11-05 08:29:45.362000,8.75732,8.75485,1000000,1000000
2020-11-05 08:29:45.537000,8.7572,8.75477,1000000,1000000
2020-11-05 08:29:46.041000,8.75723,8.7549,1000000,1000000
2020-11-05 08:29:46.628000,8.75707,8.75474,1000000,1000000
2020-11-05 08:29:46.951000,8.75721,8.7549,1000000,1000000
2020-11-05 08:29:47.102000,8.75709,8.75481,1000000,1000000
2020-11-05 08:29:47.203000,8.7572,8.75489,1000000,1000000
2020-11-05 08:29:47.253000,8.7576,8.75527,1000000,1000000
2020-11-05 08:29:47.354000,8.75759,8.75558,1000000,1000000
2020-11-05 08:29:47.455000,8.75756,8.75551,1000000,1000000
2020-11-05 08:29:47.837000,8.75758,8.75528,1000000,1000000
2020-11-05 08:29:48.457000,8.75766,8.75534,1000000,1000000
2020-11-05 08:29:49.528000,8.75775,8.75549,1000000,1000000
2020-11-05 08:29:49.578000,8.75782,8.75555,1000000,1000000
2020-11-05 08:29:50.144000,8.75802,8.75571,1000000,1000000
2020-11-05 08:29:50.245000,8.75796,8.75571,1000000,1000000
2020-11-05 08:29:53.215000,8.75811,8.75575,1000000,1000000
2020-11-05 08:29:54.015000,8.75819,8.75584,1000000,1000000
2020-11-05 08:29:54.569000,8.7581,8.75575,1000000,1000000
2020-11-05 08:29:55.592000,8.75796,8.7556,1000000,1000000
2020-11-05 08:29:55.642000,8.75804,8.75568,1000000,1000000
2020-11-05 08:29:56.152000,8.75816,8.75576,1000000,1000000
2020-11-05 08:29:56.202000,8.75818,8.75585,1000000,1000000
2020-11-05 08:29:56.533000,8.75817,8.7557,1000000,1000000
2020-11-05 08:29:56.871000,8.75809,8.75562,1000000,1000000
2020-11-05 08:29:59.325000,8.75832,8.75575,1000000,1000000
2020-11-05 08:29:59.477000,8.75827,8.75575,1000000,1000000
2020-11-05 08:29:59.682000,8.75837,8.7559,1000000,1000000
2020-11-05 08:29:59.985000,8.75817,8.7559,1000000,1000000
2020-11-05 08:30:00.035000,8.75837,8.7559,1000000,1000000
2020-11-05 08:30:00.186000,8.75837,8.75581,1000000,1000000
2020-11-05 08:30:00.237000,8.75827,8.75581,1000000,1000000
2020-11-05 08:30:00.363000,8.75797,8.75567,1000000,1000000
2020-11-05 08:30:00.515000,8.75807,8.75587,1000000,1000000
2020-11-05 08:30:00.565000,8.75827,8.75587,1000000,1000000
2020-11-05 08:30:00.755000,8.75817,8.75575,1000000,1000000
2020-11-05 08:30:01.031000,8.75797,8.75575,1000000,1000000
2020-11-05 08:30:01.182000,8.75796,8.75619,1000000,1000000
2020-11-05 08:30:01.371000,8.75796,8.75616,1000000,1000000
2020-11-05 08:30:01.472000,8.75817,8.75615,1000000,1000000
2020-11-05 08:30:01.523000,8.75817,8.75622,1000000,1000000
2020-11-05 08:30:01.699000,8.75837,8.75622,1000000,1000000
2020-11-05 08:30:01.887000,8.75827,8.75622,1000000,1000000
2020-11-05 08:30:03.085000,8.75816,8.75623,1000000,1000000
2020-11-05 08:30:03.250000,8.75807,8.75622,1000000,1000000
2020-11-05 08:30:03.950000,8.75817,8.75622,1000000,1000000
2020-11-05 08:30:04.736000,8.75807,8.75608,1000000,1000000
2020-11-05 08:30:05.421000,8.75817,8.75608,1000000,1000000
2020-11-05 08:30:05.522000,8.75847,8.75632,1000000,1000000
2020-11-05 08:30:05.572000,8.75867,8.75652,1000000,1000000
2020-11-05 08:30:05.623000,8.75876,8.7566,1000000,1000000
2020-11-05 08:30:05.673000,8.75877,8.75666,1000000,1000000
2020-11-05 08:30:05.724000,8.75887,8.75666,1000000,1000000
2020-11-05 08:30:05.825000,8.75887,8.75667,1000000,1000000
2020-11-05 08:30:05.875000,8.75897,8.75689,1000000,1000000
2020-11-05 08:30:05.925000,8.75896,8.75665,1000000,1000000
2020-11-05 08:30:06.228000,8.75897,8.75656,1500000,1000000
2020-11-05 08:30:06.379000,8.75896,8.75661,1000000,1000000
2020-11-05 08:30:06.480000,8.75896,8.75669,1000000,1000000
2020-11-05 08:30:06.966000,8.75897,8.75684,1250000,1000000
2020-11-05 08:30:07.067000,8.75897,8.75704,1000000,1000000
2020-11-05 08:30:07.168000,8.75896,8.75737,1000000,1000000
2020-11-05 08:30:07.219000,8.75921,8.75741,1250000,1000000
2020-11-05 08:30:07.319000,8.75937,8.7571,1000000,1000000
2020-11-05 08:30:07.420000,8.75937,8.75713,1000000,1000000
2020-11-05 08:30:07.471000,8.75937,8.7571,1000000,1000000
2020-11-05 08:30:07.726000,8.75937,8.75713,1000000,1000000
2020-11-05 08:30:08.087000,8.75936,8.75711,1000000,1000000
2020-11-05 08:30:08.465000,8.75871,8.7571,1000000,1000000
2020-11-05 08:30:09.604000,8.75871,8.75743,1000000,1000000
2020-11-05 08:30:09.655000,8.75871,8.75733,1000000,1000000
2020-11-05 08:30:09.706000,8.75871,8.75753,1000000,1000000
2020-11-05 08:30:09.864000,8.75871,8.75773,1000000,1000000
2020-11-05 08:30:09.965000,8.75871,8.75753,1000000,1000000
2020-11-05 08:30:10.016000,8.75911,8.75743,1750000,1000000
2020-11-05 08:30:10.067000,8.75956,8.75734,1750000,1000000
2020-11-05 08:30:10.117000,8.75957,8.75763,1750000,1000000
2020-11-05 08:30:10.168000,8.75936,8.75723,1750000,1000000
2020-11-05 08:30:10.218000,8.75928,8.75743,1750000,1000000
2020-11-05 08:30:10.420000,8.7592,8.75753,1750000,1000000
2020-11-05 08:30:10.681000,8.75941,8.75763,1750000,1000000
2020-11-05 08:30:10.782000,8.75953,8.75773,1750000,1000000
2020-11-05 08:30:10.996000,8.75952,8.75764,1750000,1000000
2020-11-05 08:30:11.047000,8.75953,8.75753,1750000,1000000
2020-11-05 08:30:11.489000,8.75952,8.75763,1750000,1000000
2020-11-05 08:30:11.590000,8.75961,8.75774,1750000,1000000
2020-11-05 08:30:11.842000,8.7597,8.75783,1750000,1000000
2020-11-05 08:30:11.943000,8.75959,8.75793,1250000,1000000
2020-11-05 08:30:11.994000,8.75851,8.75741,1000000,1000000
2020-11-05 08:30:12.094000,8.75851,8.75737,1000000,1000000
2020-11-05 08:30:12.352000,8.7585,8.75774,1000000,1000000
2020-11-05 08:30:12.498000,8.75851,8.75763,1000000,1000000
2020-11-05 08:30:12.599000,8.75851,8.75753,1000000,1000000
2020-11-05 08:30:12.650000,8.75851,8.75763,1000000,1000000
2020-11-05 08:30:12.751000,8.75851,8.75728,1000000,1000000
2020-11-05 08:30:12.952000,8.7585,8.75728,1000000,1000000
2020-11-05 08:30:13.104000,8.75851,8.75749,1000000,1000000
2020-11-05 08:30:13.306000,8.75851,8.75755,1000000,1000000
2020-11-05 08:30:13.407000,8.75851,8.75773,1000000,1000000
2020-11-05 08:30:13.581000,8.75851,8.75763,1000000,1000000
2020-11-05 08:30:13.632000,8.75851,8.75773,1000000,1000000
2020-11-05 08:30:13.682000,8.75851,8.75769,1000000,1000000
2020-11-05 08:30:13.733000,8.75851,8.75773,1000000,1000000
2020-11-05 08:30:13.783000,8.75851,8.75769,1000000,1000000
2020-11-05 08:30:13.834000,8.75851,8.75763,1000000,1000000
2020-11-05 08:30:13.935000,8.75921,8.75747,2440000,1000000
2020-11-05 08:30:13.985000,8.75921,8.75749,2500000,1000000
2020-11-05 08:30:14.036000,8.75921,8.75716,2500000,1000000
2020-11-05 08:30:14.137000,8.7592,8.75711,2500000,1000000
2020-11-05 08:30:14.238000,8.75921,8.7566,2500000,1000000
2020-11-05 08:30:14.374000,8.75921,8.75653,2500000,1500000
2020-11-05 08:30:14.424000,8.75921,8.75663,2500000,1000000
2020-11-05 08:30:14.526000,8.75921,8.75653,2500000,1500000
2020-11-05 08:30:14.727000,8.75921,8.75673,2500000,1000000
2020-11-05 08:30:15.108000,8.75921,8.75673,2250000,1000000
2020-11-05 08:30:15.159000,8.75851,8.75673,1000000,1000000
2020-11-05 08:30:15.361000,8.75851,8.75668,1000000,1000000
2020-11-05 08:30:15.464000,8.75851,8.75683,1000000,1000000
2020-11-05 08:30:15.565000,8.75851,8.75673,1000000,1000000
2020-11-05 08:30:15.665000,8.75851,8.75668,1000000,1000000
2020-11-05 08:30:15.867000,8.75851,8.75673,1000000,1000000
2020-11-05 08:30:16.018000,8.75851,8.75689,1000000,1000000
2020-11-05 08:30:16.119000,8.75851,8.7572,1000000,1000000
2020-11-05 08:30:16.169000,8.75851,8.75713,1000000,1000000
2020-11-05 08:30:16.320000,8.7585,8.75713,1000000,1000000
2020-11-05 08:30:16.421000,8.75851,8.75713,1000000,1000000
2020-11-05 08:30:16.632000,8.75851,8.75712,1000000,1000000
2020-11-05 08:30:16.827000,8.75851,8.75724,1000000,1000000
2020-11-05 08:30:17.097000,8.75914,8.75724,1500000,1000000
2020-11-05 08:30:17.148000,8.75911,8.75724,1000000,1000000
2020-11-05 08:30:18.141000,8.75911,8.75733,1000000,1000000
2020-11-05 08:30:18.343000,8.75911,8.75724,1000000,1000000
2020-11-05 08:30:18.444000,8.75911,8.75733,1000000,1000000
2020-11-05 08:30:18.545000,8.75911,8.75773,1000000,1000000
2020-11-05 08:30:18.647000,8.75914,8.75783,1250000,1000000
2020-11-05 08:30:18.697000,8.75951,8.75783,1500000,1000000
2020-11-05 08:30:18.748000,8.75954,8.75793,1500000,1000000
2020-11-05 08:30:18.849000,8.75951,8.75803,1000000,1000000
2020-11-05 08:30:19.001000,8.75951,8.75823,1000000,1000000
2020-11-05 08:30:19.557000,8.76032,8.75823,1500000,1000000
2020-11-05 08:30:19.709000,8.76043,8.75833,1750000,1000000
2020-11-05 08:30:20.243000,8.76043,8.75823,1750000,1000000
2020-11-05 08:30:20.394000,8.76058,8.75843,1750000,1000000
2020-11-05 08:30:20.445000,8.76058,8.75823,1750000,1000000
2020-11-05 08:30:20.596000,8.76058,8.75833,1750000,1000000
2020-11-05 08:30:20.697000,8.76032,8.75808,1750000,1000000
2020-11-05 08:30:20.748000,8.76032,8.75803,1750000,1000000
2020-11-05 08:30:21.065000,8.76038,8.75823,1750000,1000000
2020-11-05 08:30:21.166000,8.76052,8.75833,1750000,1000000
2020-11-05 08:30:21.216000,8.76052,8.75823,1750000,1000000
2020-11-05 08:30:21.317000,8.76037,8.75833,1750000,1000000
2020-11-05 08:30:21.629000,8.76046,8.75823,1750000,1000000
2020-11-05 08:30:21.781000,8.76046,8.75833,1750000,1000000
2020-11-05 08:30:21.882000,8.76045,8.75844,1750000,1000000
2020-11-05 08:30:22.184000,8.76046,8.75833,1750000,1000000
2020-11-05 08:30:22.524000,8.76046,8.75843,1750000,1000000
2020-11-05 08:30:22.625000,8.76046,8.75853,1750000,1000000
2020-11-05 08:30:23.375000,8.76062,8.75843,1750000,1000000
2020-11-05 08:30:23.426000,8.76062,8.75853,1750000,1000000
2020-11-05 08:30:24.066000,8.76062,8.75843,1750000,1000000
2020-11-05 08:30:24.423000,8.76062,8.75853,1750000,1000000
2020-11-05 08:30:24.574000,8.76073,8.75863,1750000,1000000
2020-11-05 08:30:24.675000,8.76073,8.75853,1750000,1000000
2020-11-05 08:30:24.726000,8.76096,8.7586,1750000,1000000
2020-11-05 08:30:24.827000,8.76103,8.75873,1750000,1000000
2020-11-05 08:30:24.877000,8.76075,8.75863,1750000,1000000
2020-11-05 08:30:24.928000,8.76074,8.75853,1750000,1000000
2020-11-05 08:30:25.180000,8.76074,8.75863,1750000,1000000
2020-11-05 08:30:26.570000,8.7608,8.75853,1750000,1000000
2020-11-05 08:30:26.721000,8.76079,8.75844,1750000,1000000
2020-11-05 08:30:26.950000,8.76094,8.75863,1750000,1000000
2020-11-05 08:30:27.051000,8.76102,8.75873,1750000,1000000
2020-11-05 08:30:27.101000,8.76102,8.75866,1750000,1000000
2020-11-05 08:30:27.202000,8.76088,8.75853,1750000,1000000
2020-11-05 08:30:27.253000,8.76075,8.75844,1750000,1000000
2020-11-05 08:30:27.505000,8.76094,8.75859,1750000,1000000
2020-11-05 08:30:27.804000,8.76094,8.75863,1750000,1000000
2020-11-05 08:30:27.855000,8.76081,8.75854,1750000,1000000
2020-11-05 08:30:27.906000,8.76102,8.75863,1750000,1000000
2020-11-05 08:30:27.956000,8.76075,8.75854,1750000,1000000
2020-11-05 08:30:28.007000,8.76075,8.75844,1750000,1000000
2020-11-05 08:30:29.755000,8.76051,8.75823,1750000,1000000
2020-11-05 08:30:29.806000,8.76067,8.75833,1750000,1000000
2020-11-05 08:30:29.857000,8.76067,8.75831,1750000,1000000
2020-11-05 08:30:29.907000,8.76067,8.75833,1750000,1000000
2020-11-05 08:30:30.487000,8.76067,8.75833,1750000,1000000
2020-11-05 08:30:30.810000,8.76067,8.75843,1750000,1000000
2020-11-05 08:30:30.860000,8.76067,8.75833,1750000,1000000
2020-11-05 08:30:31.185000,8.76067,8.75833,1750000,1500000
2020-11-05 08:30:31.349000,8.76067,8.75843,1750000,1000000
2020-11-05 08:30:31.550000,8.76067,8.75863,1750000,1000000
2020-11-05 08:30:31.699000,8.76067,8.75873,1750000,1000000
2020-11-05 08:30:32.059000,8.76095,8.75883,1750000,1000000
2020-11-05 08:30:32.210000,8.76103,8.75903,1750000,1000000
2020-11-05 08:30:32.311000,8.76112,8.75923,1750000,1000000
2020-11-05 08:30:32.624000,8.76127,8.75933,1750000,1000000
2020-11-05 08:30:32.725000,8.76132,8.75953,1750000,1000000
2020-11-05 08:30:32.775000,8.76118,8.75963,3690000,1000000
2020-11-05 08:30:32.826000,8.76131,8.75963,3500000,1000000
2020-11-05 08:30:32.926000,8.76141,8.75955,1250000,1000000
2020-11-05 08:30:32.977000,8.76165,8.75993,1750000,1000000
2020-11-05 08:30:33.028000,8.76165,8.76004,1750000,1000000
2020-11-05 08:30:33.078000,8.76166,8.75993,1750000,1000000
2020-11-05 08:30:33.230000,8.7618,8.76003,1750000,1000000
2020-11-05 08:30:33.332000,8.7618,8.76013,1750000,1000000
2020-11-05 08:30:33.534000,8.76194,8.76023,1750000,1000000
2020-11-05 08:30:33.635000,8.76193,8.76014,1750000,1000000
2020-11-05 08:30:33.685000,8.76194,8.76023,1750000,1000000
2020-11-05 08:30:33.736000,8.76198,8.76013,1750000,1000000
2020-11-05 08:30:33.787000,8.76197,8.76034,1750000,1000000
2020-11-05 08:30:33.837000,8.76198,8.76023,1750000,1000000
2020-11-05 08:30:33.938000,8.7617,8.76003,1000000,1000000
2020-11-05 08:30:33.988000,8.76198,8.76013,1750000,1000000
2020-11-05 08:30:34.039000,8.76198,8.76003,1750000,1000000
2020-11-05 08:30:34.140000,8.76177,8.75976,1250000,1000000
2020-11-05 08:30:34.190000,8.76185,8.75983,1370000,1000000
2020-11-05 08:30:34.291000,8.76185,8.75993,1370000,1000000
2020-11-05 08:30:34.493000,8.76184,8.75984,1250000,1000000
2020-11-05 08:30:34.698000,8.76184,8.75993,1250000,1000000
2020-11-05 08:30:34.799000,8.76197,8.76003,1750000,1000000
2020-11-05 08:30:34.900000,8.76197,8.75997,1750000,1000000
2020-11-05 08:30:35.001000,8.76176,8.75984,1250000,1000000
2020-11-05 08:30:35.762000,8.76177,8.75981,1250000,1000000
2020-11-05 08:30:35.813000,8.76169,8.75973,1000000,1000000
2020-11-05 08:30:35.864000,8.76169,8.75968,1500000,1000000
2020-11-05 08:30:35.914000,8.76169,8.75973,1500000,1000000
2020-11-05 08:30:36.041000,8.76169,8.75968,1750000,1000000
2020-11-05 08:30:36.142000,8.76169,8.75983,1750000,1000000
2020-11-05 08:30:36.332000,8.76169,8.75993,1750000,1000000
2020-11-05 08:30:36.573000,8.76175,8.75983,1750000,1000000
2020-11-05 08:30:36.683000,8.76175,8.75975,1750000,1000000
2020-11-05 08:30:37.186000,8.76162,8.75974,1250000,1000000
2020-11-05 08:30:37.982000,8.76163,8.75966,1250000,1000000
2020-11-05 08:30:38.082000,8.76124,8.75923,1000000,1000000
2020-11-05 08:30:38.183000,8.76111,8.75915,1000000,1000000
2020-11-05 08:30:38.234000,8.76122,8.75916,1250000,1000000
2020-11-05 08:30:38.285000,8.7613,8.75929,1750000,1000000
2020-11-05 08:30:38.386000,8.76131,8.7593,1750000,1000000
2020-11-05 08:30:38.487000,8.7613,8.75918,1750000,1000000
2020-11-05 08:30:38.588000,8.7613,8.75923,1750000,1000000
2020-11-05 08:30:39.291000,8.7613,8.75918,1750000,1000000
2020-11-05 08:30:39.393000,8.76123,8.75917,1250000,1000000
2020-11-05 08:30:39.646000,8.76091,8.75917,1000000,1000000
2020-11-05 08:30:39.832000,8.76091,8.75925,1000000,1000000
2020-11-05 08:30:40.376000,8.76091,8.75932,1000000,1000000
2020-11-05 08:30:40.440000,8.76091,8.75929,1000000,1000000
2020-11-05 08:30:40.566000,8.76091,8.75928,1000000,1000000
2020-11-05 08:30:40.812000,8.76091,8.75951,1000000,1000000
2020-11-05 08:30:41.431000,8.76091,8.75944,1000000,1000000
2020-11-05 08:30:41.754000,8.76101,8.75944,1000000,1000000
2020-11-05 08:30:41.805000,8.76101,8.75963,1000000,1000000
2020-11-05 08:30:41.855000,8.76101,8.75951,1000000,1000000
2020-11-05 08:30:41.906000,8.76101,8.75953,1000000,1000000
2020-11-05 08:30:42.170000,8.76101,8.75951,1000000,1000000
2020-11-05 08:30:42.221000,8.76101,8.75943,1000000,1500000
2020-11-05 08:30:42.533000,8.76101,8.75953,1000000,1000000
2020-11-05 08:30:43.050000,8.76101,8.75973,1000000,1000000
2020-11-05 08:30:43.151000,8.76101,8.75963,1000000,1000000
2020-11-05 08:30:43.201000,8.76101,8.75973,1000000,1000000
2020-11-05 08:30:43.526000,8.76101,8.75953,1000000,1000000
2020-11-05 08:30:43.627000,8.76101,8.7597,1000000,1000000
2020-11-05 08:30:43.795000,8.76094,8.7597,1250000,1000000
2020-11-05 08:30:43.896000,8.7609,8.75971,1000000,1000000
2020-11-05 08:30:44.148000,8.76094,8.7597,1250000,1000000
2020-11-05 08:30:44.199000,8.76151,8.7597,1000000,1000000
2020-11-05 08:30:44.798000,8.76128,8.75948,1000000,1000000
2020-11-05 08:30:44.900000,8.76143,8.75963,1000000,1000000
2020-11-05 08:30:45.616000,8.76153,8.75983,1000000,1000000
2020-11-05 08:30:45.768000,8.76151,8.75971,1000000,1000000
2020-11-05 08:30:47.439000,8.76143,8.75963,1000000,1000000
2020-11-05 08:30:47.540000,8.76122,8.75946,1000000,1000000
2020-11-05 08:30:47.742000,8.76129,8.75948,1000000,1000000
2020-11-05 08:30:48.241000,8.76143,8.7597,1000000,1000000
2020-11-05 08:30:48.392000,8.76136,8.75956,1000000,1000000
2020-11-05 08:30:48.493000,8.76122,8.75946,1000000,1000000
2020-11-05 08:30:49.208000,8.7612,8.75936,1000000,1000000
2020-11-05 08:30:49.409000,8.76108,8.75933,1000000,1000000
2020-11-05 08:30:49.749000,8.76104,8.75919,1000000,1000000
2020-11-05 08:30:49.800000,8.76093,8.75918,1000000,1000000
2020-11-05 08:30:49.901000,8.76111,8.75928,1000000,1000000
2020-11-05 08:30:51.360000,8.76115,8.7594,1000000,1000000
2020-11-05 08:30:51.462000,8.76131,8.75955,1000000,1000000
2020-11-05 08:30:51.512000,8.76116,8.75942,1000000,1000000
2020-11-05 08:30:51.563000,8.76114,8.75939,1000000,1000000
2020-11-05 08:30:53.023000,8.76105,8.75926,1000000,1000000
2020-11-05 08:30:54.309000,8.76108,8.75933,1000000,1000000
2020-11-05 08:30:55.144000,8.76116,8.7594,1000000,1000000
2020-11-05 08:30:55.440000,8.76125,8.75949,1000000,1000000
2020-11-05 08:30:55.591000,8.76144,8.76061,1250000,1000000
2020-11-05 08:30:55.779000,8.76144,8.76053,1250000,1000000
2020-11-05 08:30:55.890000,8.76152,8.76063,1250000,1000000
2020-11-05 08:30:55.991000,8.76152,8.76068,3190000,1000000
2020-11-05 08:30:56.093000,8.76152,8.76063,1250000,1000000
2020-11-05 08:30:56.144000,8.76164,8.76043,1250000,1000000
2020-11-05 08:30:56.195000,8.76292,8.76139,1750000,1000000
2020-11-05 08:30:56.246000,8.76221,8.76156,1000000,1000000
2020-11-05 08:30:56.347000,8.76221,8.76103,1000000,1000000
2020-11-05 08:30:56.398000,8.76221,8.76106,1000000,1000000
2020-11-05 08:30:56.448000,8.76291,8.76119,1000000,1000000
2020-11-05 08:30:56.701000,8.76291,8.76116,1000000,1000000
2020-11-05 08:30:57.102000,8.76291,8.76123,1000000,1000000
2020-11-05 08:30:57.203000,8.76291,8.76143,1000000,1000000
2020-11-05 08:30:57.590000,8.76291,8.76133,1000000,1000000
2020-11-05 08:30:58.426000,8.7628,8.76134,1000000,1000000
2020-11-05 08:30:58.686000,8.7628,8.76144,1000000,1000000
2020-11-05 08:30:59.065000,8.7628,8.76124,1000000,1000000
2020-11-05 08:30:59.235000,8.76281,8.76107,1000000,1000000
2020-11-05 08:30:59.285000,8.76281,8.76123,1000000,1000000
2020-11-05 08:30:59.386000,8.76231,8.76103,1000000,1000000
2020-11-05 08:30:59.487000,8.76231,8.76133,1000000,1000000
2020-11-05 08:30:59.589000,8.76231,8.76143,1000000,1000000
2020-11-05 08:30:59.689000,8.76231,8.76123,1000000,1000000
2020-11-05 08:30:59.740000,8.7623,8.76134,1000000,1000000
2020-11-05 08:30:59.791000,8.76231,8.76123,1000000,1000000
2020-11-05 08:30:59.909000,8.76231,8.76113,1000000,1000000
2020-11-05 08:31:00.659000,8.76231,8.76089,1000000,1000000
2020-11-05 08:31:00.710000,8.76231,8.76103,1000000,1000000
2020-11-05 08:31:00.760000,8.76231,8.76093,1000000,1000000
2020-11-05 08:31:01.074000,8.76231,8.76083,1500000,1000000
2020-11-05 08:31:01.124000,8.76231,8.76093,1500000,1000000
2020-11-05 08:31:01.225000,8.76231,8.76103,1000000,1000000
2020-11-05 08:31:01.326000,8.76231,8.76113,1000000,1000000
2020-11-05 08:31:01.477000,8.76211,8.76113,1000000,1000000
2020-11-05 08:31:01.867000,8.76211,8.76123,1000000,1000000
2020-11-05 08:31:01.968000,8.7621,8.76134,1000000,1000000
2020-11-05 08:31:02.019000,8.76254,8.76153,1750000,1000000
2020-11-05 08:31:02.120000,8.7625,8.76134,1000000,1000000
2020-11-05 08:31:02.220000,8.7625,8.76124,1000000,1000000
2020-11-05 08:31:02.713000,8.76251,8.76113,1000000,1000000
2020-11-05 08:31:02.764000,8.76251,8.76103,1000000,1000000
2020-11-05 08:31:02.814000,8.76237,8.76093,1000000,1000000
2020-11-05 08:31:02.954000,8.76237,8.76103,1000000,1000000
2020-11-05 08:31:03.105000,8.76237,8.76093,1000000,1000000
2020-11-05 08:31:03.206000,8.76237,8.76083,1000000,1000000
2020-11-05 08:31:03.324000,8.76237,8.76073,1000000,1000000
2020-11-05 08:31:03.597000,8.76237,8.76083,1000000,1000000
2020-11-05 08:31:04.068000,8.76237,8.76093,1000000,1000000
2020-11-05 08:31:04.274000,8.76224,8.76093,1250000,1000000
2020-11-05 08:31:04.324000,8.7622,8.76074,1000000,1000000
2020-11-05 08:31:05.138000,8.76221,8.76078,1000000,1000000
2020-11-05 08:31:06.252000,8.76214,8.76078,1250000,1000000
2020-11-05 08:31:06.458000,8.76211,8.76078,1000000,1000000
2020-11-05 08:31:07.169000,8.76211,8.76083,1000000,1000000
2020-11-05 08:31:07.981000,8.76211,8.76078,1000000,1000000
2020-11-05 08:31:08.296000,8.76211,8.76093,1000000,1000000
2020-11-05 08:31:08.447000,8.76211,8.76113,1000000,1000000
2020-11-05 08:31:08.498000,8.76224,8.76114,1000000,1000000
2020-11-05 08:31:08.548000,8.76211,8.76123,1000000,1000000
2020-11-05 08:31:08.649000,8.76211,8.76099,1000000,1000000
2020-11-05 08:31:08.800000,8.76211,8.76111,1000000,1000000
2020-11-05 08:31:08.851000,8.76211,8.76109,1000000,1000000
2020-11-05 08:31:08.952000,8.76271,8.76153,1000000,1000000
2020-11-05 08:31:09.101000,8.7627,8.76164,1000000,1000000
2020-11-05 08:31:09.252000,8.7627,8.76184,1000000,1000000
2020-11-05 08:31:09.504000,8.76271,8.7614,1000000,1000000
2020-11-05 08:31:09.555000,8.7631,8.76224,1000000,1000000
2020-11-05 08:31:09.606000,8.76311,8.76203,1000000,1000000
2020-11-05 08:31:09.657000,8.76311,8.76233,1000000,1000000
2020-11-05 08:31:09.708000,8.76311,8.76203,1000000,1000000
2020-11-05 08:31:09.907000,8.76311,8.76223,1000000,1000000
2020-11-05 08:31:09.958000,8.76311,8.76203,1000000,1000000
2020-11-05 08:31:10.008000,8.76311,8.76223,1000000,1000000
2020-11-05 08:31:10.160000,8.76311,8.76203,1000000,1000000
2020-11-05 08:31:10.420000,8.7631,8.76214,1000000,1000000
2020-11-05 08:31:10.681000,8.76311,8.76193,1000000,1000000
2020-11-05 08:31:11.411000,8.76311,8.76203,1000000,1000000
2020-11-05 08:31:11.777000,8.76311,8.76183,1000000,1000000
2020-11-05 08:31:11.878000,8.76311,8.76173,1000000,1000000
2020-11-05 08:31:12.031000,8.76311,8.76203,1000000,1000000
2020-11-05 08:31:12.082000,8.76311,8.76193,1000000,1000000
2020-11-05 08:31:12.150000,8.76311,8.76213,1000000,1000000
2020-11-05 08:31:12.898000,8.7631,8.76194,1000000,1000000
2020-11-05 08:31:13.100000,8.76311,8.76203,1000000,1000000
2020-11-05 08:31:13.151000,8.76311,8.76183,1000000,1000000
2020-11-05 08:31:13.202000,8.76311,8.76173,1000000,1000000
2020-11-05 08:31:14.537000,8.7631,8.76164,1000000,1000000
2020-11-05 08:31:15.353000,8.7631,8.76174,1000000,1000000
2020-11-05 08:31:15.663000,8.76291,8.76173,1000000,1000000
2020-11-05 08:31:15.714000,8.76291,8.76163,1000000,1000000
2020-11-05 08:31:15.817000,8.76291,8.76173,1000000,1000000
2020-11-05 08:31:16.018000,8.76291,8.76163,1000000,1000000
2020-11-05 08:31:16.157000,8.76291,8.76153,1000000,1000000
2020-11-05 08:31:16.258000,8.7629,8.76144,1000000,1000000
2020-11-05 08:31:16.603000,8.76291,8.76153,1000000,1000000
2020-11-05 08:31:17.099000,8.76291,8.76143,1000000,1000000
2020-11-05 08:31:17.169000,8.76291,8.76153,1000000,1000000
2020-11-05 08:31:17.486000,8.76291,8.76143,1000000,1000000
2020-11-05 08:31:17.631000,8.76291,8.76153,1000000,1000000
2020-11-05 08:31:17.732000,8.76281,8.76163,1000000,1000000
2020-11-05 08:31:19.292000,8.76281,8.76153,1000000,1000000
2020-11-05 08:31:19.675000,8.76271,8.76153,1000000,1000000
2020-11-05 08:31:19.883000,8.76271,8.76143,1000000,1000000
2020-11-05 08:31:19.934000,8.76271,8.76113,1000000,1000000
2020-11-05 08:31:19.984000,8.76267,8.76113,1000000,1000000
2020-11-05 08:31:20.086000,8.76231,8.76093,1000000,1000000
2020-11-05 08:31:20.187000,8.7623,8.76114,1000000,1000000
2020-11-05 08:31:20.238000,8.76231,8.76103,1000000,1000000
2020-11-05 08:31:20.389000,8.76231,8.76113,1000000,1000000
2020-11-05 08:31:20.814000,8.76231,8.76103,1000000,1000000
2020-11-05 08:31:21.015000,8.76231,8.76093,1000000,1000000
2020-11-05 08:31:21.066000,8.7623,8.76114,1000000,1000000
2020-11-05 08:31:21.117000,8.76231,8.76093,1000000,1000000
2020-11-05 08:31:21.421000,8.76231,8.76103,1000000,1000000
2020-11-05 08:31:21.656000,8.76231,8.76083,1000000,1000000
2020-11-05 08:31:21.707000,8.76231,8.76093,1000000,1000000
2020-11-05 08:31:21.985000,8.7623,8.76084,1000000,1000000
2020-11-05 08:31:22.036000,8.76241,8.76083,1000000,1000000
2020-11-05 08:31:22.187000,8.76241,8.76103,1000000,1000000
2020-11-05 08:31:22.474000,8.76241,8.76093,1000000,1000000
2020-11-05 08:31:24.824000,8.76241,8.76082,1000000,1000000
2020-11-05 08:31:24.955000,8.76241,8.76073,1000000,1000000
2020-11-05 08:31:25.056000,8.76241,8.76068,1000000,1000000
2020-11-05 08:31:25.106000,8.76234,8.76068,1250000,1000000
2020-11-05 08:31:25.265000,8.76234,8.7606,1250000,1000000
2020-11-05 08:31:25.630000,8.76234,8.76063,1250000,1000000
2020-11-05 08:31:26.236000,8.76214,8.76047,1250000,1000000
2020-11-05 08:31:26.337000,8.76181,8.76018,1000000,1000000
2020-11-05 08:31:26.488000,8.76181,8.75969,1000000,1000000
2020-11-05 08:31:26.539000,8.76154,8.75969,1250000,1000000
2020-11-05 08:31:26.590000,8.76153,8.75957,1250000,1000000
2020-11-05 08:31:28.172000,8.76154,8.75949,1250000,1000000
2020-11-05 08:31:28.273000,8.76154,8.7594,1250000,1200000
2020-11-05 08:31:28.508000,8.76151,8.7594,1000000,1200000
2020-11-05 08:31:28.609000,8.76124,8.7594,1250000,1700000
2020-11-05 08:31:30.513000,8.76121,8.75933,1000000,1200000
2020-11-05 08:31:30.718000,8.76114,8.75934,1000000,1200000
2020-11-05 08:31:30.849000,8.76104,8.75933,1250000,1200000
2020-11-05 08:31:32.550000,8.76101,8.75941,1000000,1200000
2020-11-05 08:31:34.286000,8.76101,8.75954,1000000,1000000
2020-11-05 08:31:34.557000,8.76111,8.75954,1000000,1000000
2020-11-05 08:31:34.979000,8.76111,8.75952,1000000,1000000
2020-11-05 08:31:35.030000,8.76111,8.75958,1000000,1000000
2020-11-05 08:31:35.081000,8.76111,8.75951,1000000,1000000
2020-11-05 08:31:35.536000,8.7611,8.75945,1000000,1000000
2020-11-05 08:31:35.587000,8.7611,8.75932,1000000,1200000
2020-11-05 08:31:36.105000,8.76111,8.75949,1000000,1000000
2020-11-05 08:31:36.719000,8.76113,8.7595,1250000,1000000
2020-11-05 08:31:36.819000,8.76121,8.75949,1000000,1000000
2020-11-05 08:31:38.719000,8.76111,8.75949,1000000,1000000
2020-11-05 08:31:40.719000,8.76101,8.75949,1000000,1000000
2020-11-05 08:31:42.718000,8.76091,8.75949,1000000,1000000
2020-11-05 08:31:43.220000,8.76091,8.75941,1000000,1200000
2020-11-05 08:31:44.762000,8.76071,8.75941,1000000,1200000
2020-11-05 08:31:46.759000,8.76081,8.75941,1000000,1200000
2020-11-05 08:31:47.365000,8.76081,8.75962,1000000,1000000
2020-11-05 08:31:47.467000,8.76081,8.75971,1000000,1000000
2020-11-05 08:31:47.685000,8.76121,8.75986,1000000,1000000
2020-11-05 08:31:49.564000,8.76121,8.75984,1000000,1000000
2020-11-05 08:31:49.665000,8.76101,8.75983,1000000,1000000
2020-11-05 08:31:49.822000,8.761,8.75976,1000000,1000000
2020-11-05 08:31:50.925000,8.76101,8.75982,1000000,1000000
2020-11-05 08:31:51.026000,8.76101,8.75987,1000000,1000000
2020-11-05 08:31:51.686000,8.76111,8.75987,1000000,1000000
2020-11-05 08:31:51.924000,8.76111,8.75974,1000000,1000000
2020-11-05 08:31:52.128000,8.76111,8.75959,1000000,1000000
2020-11-05 08:31:52.279000,8.76111,8.75966,1000000,1000000
2020-11-05 08:31:52.710000,8.76111,8.75973,1000000,1000000
2020-11-05 08:31:53.183000,8.76111,8.75965,1000000,1000000
2020-11-05 08:31:53.738000,8.76091,8.75965,1000000,1000000
2020-11-05 08:31:54.408000,8.7609,8.75951,1000000,1000000
2020-11-05 08:31:54.459000,8.76091,8.75942,1000000,1000000
2020-11-05 08:31:54.710000,8.76051,8.75942,1000000,1000000
2020-11-05 08:31:56.649000,8.76051,8.75927,1000000,1200000
2020-11-05 08:31:57.125000,8.76051,8.75949,1000000,1000000
2020-11-05 08:31:57.588000,8.76051,8.75942,1000000,1000000
2020-11-05 08:31:57.953000,8.76051,8.75949,1000000,1000000
2020-11-05 08:31:58.685000,8.76054,8.75949,1250000,1000000
2020-11-05 08:31:58.827000,8.76071,8.75949,1000000,1000000
2020-11-05 08:32:00.686000,8.76061,8.75949,1000000,1000000
2020-11-05 08:32:01.919000,8.76061,8.75942,1000000,1000000
2020-11-05 08:32:02.527000,8.76061,8.75935,1000000,1200000
2020-11-05 08:32:02.732000,8.76051,8.75935,1000000,1200000
2020-11-05 08:32:04.764000,8.76061,8.75916,1000000,1200000
2020-11-05 08:32:06.752000,8.7604,8.75927,1000000,1200000
2020-11-05 08:32:07.105000,8.76041,8.75911,1000000,1000000
2020-11-05 08:32:08.721000,8.76044,8.75911,1250000,1000000
2020-11-05 08:32:09.122000,8.76044,8.75895,1250000,1000000
2020-11-05 08:32:09.603000,8.76051,8.75895,1000000,1000000
2020-11-05 08:32:12.927000,8.76051,8.75892,1000000,1000000
2020-11-05 08:32:13.031000,8.76051,8.75903,1000000,1000000
2020-11-05 08:32:13.132000,8.76051,8.75917,1000000,1000000
2020-11-05 08:32:14.737000,8.76081,8.75917,1000000,1000000
2020-11-05 08:32:15.614000,8.76074,8.75917,1250000,1000000
2020-11-05 08:32:16.173000,8.76074,8.75914,1250000,1000000
2020-11-05 08:32:16.224000,8.76064,8.75892,1000000,1000000
2020-11-05 08:32:16.325000,8.76058,8.7588,1000000,1000000
2020-11-05 08:32:16.376000,8.76069,8.75882,1000000,1000000
2020-11-05 08:32:16.426000,8.76074,8.75887,1250000,1000000
2020-11-05 08:32:16.530000,8.76041,8.75887,1000000,1000000
2020-11-05 08:32:16.580000,8.76041,8.75878,1000000,1000000
2020-11-05 08:32:16.631000,8.76041,8.75873,1000000,1000000
2020-11-05 08:32:17.308000,8.76034,8.75873,1250000,1000000
2020-11-05 08:32:18.069000,8.76001,8.75876,1000000,1000000
2020-11-05 08:32:18.120000,8.76001,8.75854,1000000,1000000
2020-11-05 08:32:18.170000,8.76001,8.75857,1000000,1000000
2020-11-05 08:32:18.221000,8.76001,8.7585,1000000,1000000
2020-11-05 08:32:18.343000,8.76001,8.7586,1000000,1000000
2020-11-05 08:32:18.494000,8.76001,8.75847,1000000,1000000
2020-11-05 08:32:18.595000,8.76001,8.75839,1000000,1000000
2020-11-05 08:32:18.646000,8.76001,8.75817,1000000,1000000
2020-11-05 08:32:18.797000,8.75987,8.75799,1000000,1000000
2020-11-05 08:32:18.898000,8.76001,8.7581,1000000,1000000
2020-11-05 08:32:19.988000,8.76,8.75818,1000000,1000000
2020-11-05 08:32:20.089000,8.75981,8.75817,1000000,1000000
2020-11-05 08:32:20.190000,8.75981,8.75822,1000000,1000000
2020-11-05 08:32:20.824000,8.75981,8.75819,1000000,1000000
2020-11-05 08:32:21.076000,8.75981,8.75824,1000000,1000000
2020-11-05 08:32:21.570000,8.75981,8.75803,1000000,1000000
2020-11-05 08:32:21.671000,8.75981,8.75788,1000000,1000000
2020-11-05 08:32:21.772000,8.75977,8.75778,1000000,1000000
2020-11-05 08:32:21.823000,8.75921,8.75781,1000000,1000000
2020-11-05 08:32:21.873000,8.7592,8.75776,1000000,1000000
2020-11-05 08:32:21.974000,8.75921,8.75788,1000000,1000000
2020-11-05 08:32:22.025000,8.75921,8.75776,1000000,1000000
2020-11-05 08:32:22.126000,8.75921,8.75759,1000000,1000000
2020-11-05 08:32:23.019000,8.75871,8.7574,1000000,1000000
2020-11-05 08:32:23.070000,8.7583,8.75698,1000000,1000000
2020-11-05 08:32:23.121000,8.75842,8.75633,1000000,1500000
2020-11-05 08:32:23.221000,8.75866,8.75633,1000000,1500000
2020-11-05 08:32:23.272000,8.75821,8.75633,1000000,1000000
2020-11-05 08:32:23.322000,8.75821,8.7561,1000000,1500000
2020-11-05 08:32:23.474000,8.75821,8.7561,1000000,1000000
2020-11-05 08:32:23.525000,8.75821,8.75638,1000000,1000000
2020-11-05 08:32:23.676000,8.7582,8.75635,1000000,1000000
2020-11-05 08:32:23.727000,8.75861,8.75635,1000000,1000000
2020-11-05 08:32:23.777000,8.75861,8.75659,1000000,1000000
2020-11-05 08:32:23.980000,8.75861,8.75626,1000000,1000000
2020-11-05 08:32:24.182000,8.75861,8.75662,1000000,1000000
2020-11-05 08:32:24.384000,8.75861,8.75651,1000000,1000000
2020-11-05 08:32:24.587000,8.75861,8.75644,1000000,1000000
2020-11-05 08:32:24.789000,8.75861,8.75668,1000000,1000000
2020-11-05 08:32:24.940000,8.75861,8.75646,1000000,1000000
2020-11-05 08:32:25.142000,8.75861,8.75648,1000000,1000000
2020-11-05 08:32:25.494000,8.75861,8.75649,1000000,1000000
2020-11-05 08:32:25.595000,8.75864,8.757,1000000,1000000
2020-11-05 08:32:25.646000,8.75911,8.757,1000000,1000000
2020-11-05 08:32:25.747000,8.75911,8.75706,1000000,1000000
2020-11-05 08:32:25.949000,8.75911,8.75713,1000000,1000000
2020-11-05 08:32:26.050000,8.75911,8.75743,1000000,1000000
2020-11-05 08:32:26.151000,8.75911,8.75763,1000000,1000000
2020-11-05 08:32:26.302000,8.75973,8.75773,1000000,1000000
2020-11-05 08:32:26.353000,8.75973,8.75763,1000000,1000000
2020-11-05 08:32:26.403000,8.75961,8.75763,1000000,1000000
2020-11-05 08:32:26.504000,8.7598,8.75783,1000000,1000000
2020-11-05 08:32:26.555000,8.7598,8.75751,1000000,1000000
2020-11-05 08:32:26.656000,8.7599,8.75752,1500000,1000000
2020-11-05 08:32:26.757000,8.75991,8.75755,1000000,1000000
2020-11-05 08:32:26.858000,8.75983,8.75755,1000000,1000000
2020-11-05 08:32:26.959000,8.75983,8.75743,1000000,1000000
2020-11-05 08:32:27.416000,8.75983,8.75763,1000000,1000000
2020-11-05 08:32:27.567000,8.75983,8.75753,1000000,1000000
2020-11-05 08:32:27.617000,8.75955,8.75753,1000000,1000000
2020-11-05 08:32:27.718000,8.75941,8.75753,1000000,1000000
2020-11-05 08:32:27.920000,8.75941,8.75745,1000000,1000000
2020-11-05 08:32:28.071000,8.75941,8.75748,1000000,1000000
2020-11-05 08:32:28.223000,8.75933,8.75748,1000000,1000000
2020-11-05 08:32:28.273000,8.75941,8.75705,1000000,1000000
2020-11-05 08:32:28.374000,8.7594,8.75705,1000000,1000000
2020-11-05 08:32:28.425000,8.7594,8.75713,1000000,1000000
2020-11-05 08:32:29.445000,8.7594,8.75696,1000000,1000000
2020-11-05 08:32:29.496000,8.75939,8.75704,1000000,1000000
2020-11-05 08:32:29.647000,8.75911,8.75715,1000000,1000000
2020-11-05 08:32:29.849000,8.75911,8.75703,1000000,1000000
2020-11-05 08:32:29.950000,8.7591,8.75699,1000000,1000000
2020-11-05 08:32:30.051000,8.75911,8.75716,1000000,1000000
2020-11-05 08:32:30.102000,8.75911,8.75703,1000000,1000000
2020-11-05 08:32:30.203000,8.75911,8.75698,1000000,1000000
2020-11-05 08:32:30.304000,8.75911,8.75716,1000000,1000000
2020-11-05 08:32:30.505000,8.75911,8.75683,1000000,1000000
2020-11-05 08:32:30.556000,8.75911,8.75706,1000000,1000000
2020-11-05 08:32:30.758000,8.75911,8.75693,1000000,1000000
2020-11-05 08:32:30.859000,8.75911,8.75684,1000000,1000000
2020-11-05 08:32:30.982000,8.75911,8.75702,1000000,1000000
2020-11-05 08:32:31.033000,8.7591,8.75697,1000000,1000000
2020-11-05 08:32:31.133000,8.75911,8.75705,1000000,1000000
2020-11-05 08:32:31.436000,8.75911,8.75693,1000000,1000000
2020-11-05 08:32:31.629000,8.75901,8.75693,1000000,1000000
2020-11-05 08:32:31.730000,8.75901,8.75683,1000000,1000000
2020-11-05 08:32:31.881000,8.75901,8.75693,1000000,1000000
2020-11-05 08:32:33.381000,8.75901,8.75703,1000000,1000000
2020-11-05 08:32:33.432000,8.75901,8.75693,1000000,1000000
2020-11-05 08:32:34.149000,8.75901,8.75703,1000000,1000000
2020-11-05 08:32:34.200000,8.75901,8.75693,1000000,1000000
2020-11-05 08:32:34.250000,8.75901,8.75703,1000000,1000000
2020-11-05 08:32:35.723000,8.75891,8.75703,1000000,1000000
2020-11-05 08:32:36.713000,8.75891,8.75683,1000000,1000000
2020-11-05 08:32:36.965000,8.75891,8.75706,1000000,1000000
2020-11-05 08:32:37.167000,8.75891,8.75683,1000000,1000000
2020-11-05 08:32:37.318000,8.75887,8.75694,1000000,1000000
2020-11-05 08:32:37.578000,8.75888,8.75713,1000000,1000000
2020-11-05 08:32:37.732000,8.75871,8.75713,1000000,1000000
2020-11-05 08:32:37.843000,8.75871,8.75693,1000000,1000000
2020-11-05 08:32:37.944000,8.75871,8.75703,1000000,1000000
2020-11-05 08:32:38.164000,8.75865,8.75673,1000000,1000000
2020-11-05 08:32:38.215000,8.75858,8.75653,1000000,1000000
2020-11-05 08:32:38.266000,8.7586,8.75643,1000000,1000000
2020-11-05 08:32:38.316000,8.75831,8.75643,1000000,1000000
2020-11-05 08:32:38.367000,8.75831,8.75638,1000000,1000000
2020-11-05 08:32:38.417000,8.75831,8.75643,1000000,1000000
2020-11-05 08:32:38.569000,8.75831,8.75663,1000000,1000000
2020-11-05 08:32:38.620000,8.75831,8.75653,1000000,1000000
2020-11-05 08:32:38.895000,8.75831,8.75643,1000000,1000000
2020-11-05 08:32:38.997000,8.75831,8.75653,1000000,1000000
2020-11-05 08:32:39.350000,8.75831,8.75683,1000000,1000000
2020-11-05 08:32:40.293000,8.75831,8.75693,1000000,1000000
2020-11-05 08:32:40.494000,8.7583,8.75684,1000000,1000000
2020-11-05 08:32:40.545000,8.75831,8.75673,1000000,1000000
2020-11-05 08:32:40.596000,8.75811,8.75683,1000000,1000000
2020-11-05 08:32:40.752000,8.75811,8.75693,1000000,1000000
2020-11-05 08:32:41.014000,8.75811,8.75703,1000000,1000000
2020-11-05 08:32:41.064000,8.75811,8.75693,1000000,1000000
2020-11-05 08:32:41.950000,8.75811,8.75703,1000000,1000000
2020-11-05 08:32:42.052000,8.75811,8.75723,1000000,1000000
2020-11-05 08:32:42.153000,8.75811,8.75636,1000000,1000000
2020-11-05 08:32:42.254000,8.75811,8.757,1000000,1000000
2020-11-05 08:32:42.456000,8.7581,8.75646,1000000,1000000
2020-11-05 08:32:42.657000,8.75811,8.75733,1000000,1000000
2020-11-05 08:32:42.708000,8.75811,8.75653,1000000,1000000
2020-11-05 08:32:42.859000,8.75811,8.75681,1000000,1000000
2020-11-05 08:32:43.011000,8.75814,8.75733,1000000,1000000
2020-11-05 08:32:43.061000,8.75861,8.75743,1000000,1000000
2020-11-05 08:32:43.162000,8.75861,8.75723,1000000,1000000
2020-11-05 08:32:43.264000,8.75861,8.75733,1000000,1000000
2020-11-05 08:32:43.465000,8.75861,8.75753,1000000,1000000
2020-11-05 08:32:43.773000,8.75861,8.75743,1000000,1000000
2020-11-05 08:32:44.126000,8.75861,8.75753,1000000,1000000
2020-11-05 08:32:44.479000,8.75861,8.75763,1000000,1000000
2020-11-05 08:32:44.828000,8.75861,8.75753,1000000,1000000
2020-11-05 08:32:45.327000,8.75864,8.75753,1000000,1000000
2020-11-05 08:32:45.378000,8.75891,8.75763,1000000,1000000
