time,ask,bid,ask_volume,bid_volume
2017-09-14 07:25:00.308000,8.02788,8.02637,1000000,1000000
2017-09-14 07:25:00.617000,8.028,8.02653,1370000,1000000
2017-09-14 07:25:01.035000,8.02763,8.02627,1000000,1000000
2017-09-14 07:25:01.086000,8.02805,8.02628,2250000,1000000
2017-09-14 07:25:01.137000,8.02771,8.02635,1000000,1000000
2017-09-14 07:25:01.787000,8.02761,8.02627,1000000,1000000
2017-09-14 07:25:02.663000,8.02764,8.02628,1000000,1000000
2017-09-14 07:25:03.034000,8.02752,8.02616,1000000,1000000
2017-09-14 07:25:03.362000,8.02638,8.02502,1370000,1000000
2017-09-14 07:25:04.445000,8.02638,8.02502,1370000,1000000
2017-09-14 07:25:05.586000,8.0264,8.02504,1370000,1000000
2017-09-14 07:25:05.894000,8.02573,8.02428,1750000,1000000
2017-09-14 07:25:06.246000,8.02583,8.02437,1750000,1000000
2017-09-14 07:25:06.297000,8.02567,8.02428,1750000,1000000
2017-09-14 07:25:06.348000,8.02578,8.02432,1750000,1000000
2017-09-14 07:25:06.994000,8.02587,8.02441,1750000,1000000
2017-09-14 07:25:07.045000,8.02595,8.02455,1750000,1000000
2017-09-14 07:25:07.096000,8.02595,8.02459,1750000,1000000
2017-09-14 07:25:07.432000,8.02609,8.02463,1750000,1000000
2017-09-14 07:25:08.187000,8.02603,8.02467,1750000,1000000
2017-09-14 07:25:08.536000,8.02604,8.02467,1750000,1000000
2017-09-14 07:25:10.352000,8.02611,8.02463,1750000,1000000
2017-09-14 07:25:10.554000,8.02593,8.02455,1750000,1000000
2017-09-14 07:25:11.045000,8.02593,8.02455,1750000,1000000
2017-09-14 07:25:11.254000,8.02588,8.0245,1000000,1000000
2017-09-14 07:25:11.356000,8.02589,8.02452,1000000,1000000
2017-09-14 07:25:11.700000,8.02601,8.02463,1500000,1000000
2017-09-14 07:25:12.271000,8.026,8.02463,1000000,1000000
2017-09-14 07:25:12.527000,8.02593,8.02463,1000000,1000000
2017-09-14 07:25:12.785000,8.02586,8.02448,1000000,1000000
2017-09-14 07:25:12.837000,8.02593,8.02458,1000000,1000000
2017-09-14 07:25:13.183000,8.02602,8.02469,1000000,1000000
2017-09-14 07:25:13.518000,8.026,8.02469,1000000,1000000
2017-09-14 07:25:14.048000,8.02599,8.02469,1000000,1000000
2017-09-14 07:25:14.625000,8.02598,8.02469,1000000,1000000
2017-09-14 07:25:15.159000,8.02597,8.02469,1000000,1000000
2017-09-14 07:25:15.388000,8.02596,8.02464,1000000,1000000
2017-09-14 07:25:15.820000,8.02589,8.02464,1000000,1000000
2017-09-14 07:25:16.042000,8.02595,8.02464,1000000,1000000
2017-09-14 07:25:16.439000,8.02594,8.02474,1000000,1000000
2017-09-14 07:25:16.742000,8.02612,8.02505,1000000,1000000
2017-09-14 07:25:17.046000,8.02623,8.02505,1000000,1000000
2017-09-14 07:25:17.097000,8.02623,8.02514,1000000,1000000
2017-09-14 07:25:17.233000,8.02623,8.02498,1000000,1000000
2017-09-14 07:25:17.361000,8.02618,8.02498,1000000,1000000
2017-09-14 07:25:17.665000,8.02618,8.02501,1000000,1000000
2017-09-14 07:25:17.715000,8.02621,8.02501,1000000,1000000
2017-09-14 07:25:18.029000,8.02599,8.02462,1000000,1000000
2017-09-14 07:25:18.130000,8.02582,8.02445,1000000,1000000
2017-09-14 07:25:18.484000,8.026,8.02495,1000000,1000000
2017-09-14 07:25:18.535000,8.02625,8.02495,1000000,1000000
2017-09-14 07:25:18.687000,8.02625,8.02528,1000000,1000000
2017-09-14 07:25:18.901000,8.02625,8.02508,1000000,1000000
2017-09-14 07:25:19.231000,8.02625,8.0249,1000000,1000000
2017-09-14 07:25:19.493000,8.02634,8.02497,1000000,1000000
2017-09-14 07:25:20.523000,8.02626,8.02473,1750000,1000000
2017-09-14 07:25:20.574000,8.02609,8.02456,1750000,1000000
2017-09-14 07:25:20.625000,8.02554,8.02443,1000000,1000000
2017-09-14 07:25:20.676000,8.02554,8.0243,1000000,1000000
2017-09-14 07:25:20.727000,8.02549,8.02422,1000000,1000000
2017-09-14 07:25:20.829000,8.02539,8.02422,1000000,1000000
2017-09-14 07:25:20.880000,8.02539,8.02402,1000000,1000000
2017-09-14 07:25:21.035000,8.02536,8.02399,1000000,1000000
2017-09-14 07:25:21.165000,8.02546,8.02401,1000000,1000000
2017-09-14 07:25:21.549000,8.02547,8.02414,1000000,1000000
2017-09-14 07:25:21.600000,8.02582,8.02441,1000000,1000000
2017-09-14 07:25:21.702000,8.02595,8.0245,1000000,1000000
2017-09-14 07:25:21.804000,8.02618,8.02476,1000000,1000000
2017-09-14 07:25:22.568000,8.02613,8.02469,1000000,1000000
2017-09-14 07:25:22.619000,8.02602,8.0246,1000000,1000000
2017-09-14 07:25:22.670000,8.02607,8.02462,1000000,1000000
2017-09-14 07:25:22.721000,8.02618,8.02474,1000000,1000000
2017-09-14 07:25:23.210000,8.02617,8.02472,1000000,1000000
2017-09-14 07:25:23.513000,8.0261,8.02465,1000000,1000000
2017-09-14 07:25:23.835000,8.02645,8.02501,1000000,1370000
2017-09-14 07:25:24.938000,8.02645,8.02501,1000000,1370000
2017-09-14 07:25:25.717000,8.02656,8.02512,1000000,1000000
2017-09-14 07:25:26.418000,8.02651,8.02506,1000000,1000000
2017-09-14 07:25:26.731000,8.02646,8.02503,1000000,1000000
2017-09-14 07:25:32.592000,8.02642,8.02498,1000000,1000000
2017-09-14 07:25:32.971000,8.02647,8.02503,1000000,1000000
2017-09-14 07:25:33.440000,8.02642,8.02498,1000000,1000000
2017-09-14 07:25:35.015000,8.02643,8.02499,1000000,1000000
2017-09-14 07:25:35.903000,8.02645,8.025,1000000,1000000
2017-09-14 07:25:38.252000,8.02643,8.02508,1000000,1000000
2017-09-14 07:25:41.441000,8.02644,8.02509,1000000,1000000
2017-09-14 07:25:47.753000,8.02646,8.02511,1000000,1000000
2017-09-14 07:25:52.042000,8.02668,8.02533,1000000,1000000
2017-09-14 07:25:52.093000,8.02697,8.02557,1000000,1000000
2017-09-14 07:25:52.145000,8.02697,8.02612,1000000,1000000
2017-09-14 07:25:52.195000,8.02738,8.02603,1000000,1000000
2017-09-14 07:25:52.601000,8.02727,8.02592,1000000,1000000
2017-09-14 07:25:53.125000,8.02726,8.02591,1000000,1000000
2017-09-14 07:25:53.650000,8.02702,8.02567,1000000,1000000
2017-09-14 07:25:54.038000,8.02726,8.02591,1000000,1000000
2017-09-14 07:25:54.922000,8.02719,8.02568,1000000,1000000
2017-09-14 07:25:55.025000,8.02741,8.02608,1000000,1000000
2017-09-14 07:25:55.077000,8.02736,8.02587,1000000,1000000
2017-09-14 07:25:55.244000,8.02729,8.0258,1000000,1500000
2017-09-14 07:25:56.401000,8.0273,8.02581,1000000,1000000
2017-09-14 07:25:58.357000,8.02734,8.02586,1000000,1000000
2017-09-14 07:25:58.408000,8.02747,8.02597,1000000,1000000
2017-09-14 07:25:58.459000,8.02751,8.02601,1000000,1000000
2017-09-14 07:25:58.767000,8.02746,8.02596,1000000,1000000
2017-09-14 07:25:59.188000,8.02751,8.02601,1000000,1000000
2017-09-14 07:25:59.745000,8.02758,8.02608,1000000,1000000
2017-09-14 07:26:00.106000,8.02748,8.02598,1000000,1000000
2017-09-14 07:26:00.528000,8.02753,8.02603,1000000,1000000
2017-09-14 07:26:00.867000,8.02724,8.02574,1000000,1000000
2017-09-14 07:26:01.181000,8.02727,8.02592,1000000,1000000
2017-09-14 07:26:01.586000,8.02713,8.02578,1000000,1000000
2017-09-14 07:26:01.916000,8.02734,8.026,1000000,1000000
2017-09-14 07:26:02.399000,8.02731,8.02582,1000000,1000000
2017-09-14 07:26:02.450000,8.02731,8.02654,1000000,1000000
2017-09-14 07:26:02.552000,8.02736,8.02648,1000000,1000000
2017-09-14 07:26:02.731000,8.02736,8.02602,1000000,1000000
2017-09-14 07:26:02.783000,8.02738,8.02604,1000000,1000000
2017-09-14 07:26:03.043000,8.02736,8.02584,1000000,1000000
2017-09-14 07:26:03.347000,8.02748,8.02613,1000000,1370000
2017-09-14 07:26:03.551000,8.0281,8.02676,1000000,1000000
2017-09-14 07:26:03.602000,8.02807,8.02673,1000000,1000000
2017-09-14 07:26:03.653000,8.02817,8.02682,1000000,1000000
2017-09-14 07:26:03.754000,8.02817,8.02684,1000000,1000000
2017-09-14 07:26:03.958000,8.02817,8.02682,1000000,1000000
2017-09-14 07:26:04.873000,8.02826,8.02691,1000000,1000000
2017-09-14 07:26:05.856000,8.02822,8.02687,1000000,1000000
2017-09-14 07:26:06.383000,8.02812,8.02677,1000000,1000000
2017-09-14 07:26:07.501000,8.02821,8.02686,1000000,1000000
2017-09-14 07:26:07.823000,8.02808,8.02674,1000000,1000000
2017-09-14 07:26:07.975000,8.02825,8.0269,1000000,1000000
2017-09-14 07:26:08.218000,8.02845,8.0271,1000000,1000000
2017-09-14 07:26:08.537000,8.02855,8.02721,1000000,1000000
2017-09-14 07:26:09.467000,8.02802,8.02656,1000000,1000000
2017-09-14 07:26:09.518000,8.02782,8.02649,1000000,1000000
2017-09-14 07:26:09.619000,8.02766,8.026,1000000,1870000
2017-09-14 07:26:09.670000,8.02766,8.026,1000000,1500000
2017-09-14 07:26:09.721000,8.02756,8.02621,1000000,1000000
2017-09-14 07:26:10.101000,8.02754,8.02621,1000000,1000000
2017-09-14 07:26:10.800000,8.0275,8.02711,1000000,1000000
2017-09-14 07:26:10.851000,8.02762,8.02709,1000000,1000000
2017-09-14 07:26:10.904000,8.02771,8.02638,1000000,1000000
2017-09-14 07:26:10.955000,8.02777,8.02644,1000000,1000000
2017-09-14 07:26:11.057000,8.02769,8.0262,1000000,1000000
2017-09-14 07:26:11.108000,8.02769,8.02622,1000000,1000000
2017-09-14 07:26:11.362000,8.02768,8.0262,1000000,1000000
2017-09-14 07:26:12.027000,8.02768,8.02676,1000000,1000000
2017-09-14 07:26:12.130000,8.02768,8.0262,1000000,1000000
2017-09-14 07:26:12.799000,8.02772,8.02624,1000000,1000000
2017-09-14 07:26:13.131000,8.0279,8.02643,1000000,1000000
2017-09-14 07:26:13.778000,8.0279,8.02646,1000000,1000000
2017-09-14 07:26:14.032000,8.0279,8.02643,1000000,1000000
2017-09-14 07:26:15.003000,8.0279,8.02695,1000000,1000000
2017-09-14 07:26:15.104000,8.0279,8.02643,1000000,1000000
2017-09-14 07:26:15.307000,8.02775,8.02642,1000000,1000000
2017-09-14 07:26:15.867000,8.02764,8.02631,1000000,1000000
2017-09-14 07:26:15.969000,8.02782,8.02641,1000000,1000000
2017-09-14 07:26:17.921000,8.02781,8.0264,1000000,1000000
2017-09-14 07:26:18.232000,8.02785,8.02644,1000000,1000000
2017-09-14 07:26:18.719000,8.0279,8.02649,1000000,1000000
2017-09-14 07:26:19.057000,8.028,8.02659,1000000,1000000
2017-09-14 07:26:19.849000,8.028,8.02698,1000000,1000000
2017-09-14 07:26:20.099000,8.028,8.02659,1000000,1000000
2017-09-14 07:26:20.398000,8.028,8.02702,1000000,1000000
2017-09-14 07:26:20.499000,8.028,8.02659,1000000,1000000
2017-09-14 07:26:20.886000,8.02776,8.0265,1000000,1000000
2017-09-14 07:26:21.291000,8.02799,8.0266,1000000,1000000
2017-09-14 07:26:21.342000,8.02785,8.02659,1000000,1000000
2017-09-14 07:26:21.607000,8.02817,8.0269,1000000,1000000
2017-09-14 07:26:21.658000,8.0282,8.02694,1000000,1000000
2017-09-14 07:26:21.962000,8.02849,8.02722,1000000,1000000
2017-09-14 07:26:22.215000,8.02863,8.02737,1000000,1000000
2017-09-14 07:26:22.519000,8.02859,8.02733,1000000,1000000
2017-09-14 07:26:23.046000,8.02859,8.02732,1000000,1000000
2017-09-14 07:26:23.374000,8.02852,8.02726,1000000,1000000
2017-09-14 07:26:23.678000,8.02839,8.02713,1000000,1000000
2017-09-14 07:26:23.728000,8.02837,8.0271,1000000,1000000
2017-09-14 07:26:23.779000,8.02835,8.02708,1000000,1000000
2017-09-14 07:26:24.082000,8.0287,8.02744,1000000,1000000
2017-09-14 07:26:24.184000,8.02837,8.0271,1000000,1000000
2017-09-14 07:26:24.235000,8.02853,8.02726,1000000,1000000
2017-09-14 07:26:24.539000,8.0284,8.02714,1000000,1000000
2017-09-14 07:26:24.640000,8.02844,8.02717,1000000,1000000
2017-09-14 07:26:25.324000,8.02849,8.02724,1000000,1000000
2017-09-14 07:26:25.733000,8.02853,8.02728,1000000,1000000
2017-09-14 07:26:26.514000,8.02853,8.02727,1000000,1000000
2017-09-14 07:26:26.902000,8.02844,8.02717,1000000,1000000
2017-09-14 07:26:26.953000,8.02821,8.02694,1370000,1000000
2017-09-14 07:26:27.004000,8.02814,8.0267,1370000,1000000
2017-09-14 07:26:27.260000,8.02821,8.02694,1370000,1000000
2017-09-14 07:26:27.565000,8.02832,8.02706,1750000,1000000
2017-09-14 07:26:27.768000,8.02832,8.02706,1000000,1000000
2017-09-14 07:26:27.935000,8.02841,8.02717,1370000,1000000
2017-09-14 07:26:28.074000,8.02834,8.02707,1000000,1000000
2017-09-14 07:26:28.220000,8.0283,8.02704,1000000,1000000
2017-09-14 07:26:28.665000,8.02835,8.02709,1000000,1000000
2017-09-14 07:26:29.163000,8.02831,8.02705,1000000,1000000
2017-09-14 07:26:29.266000,8.0284,8.02713,1000000,1000000
2017-09-14 07:26:30.207000,8.02843,8.02717,1000000,1000000
2017-09-14 07:26:32.892000,8.02844,8.02718,1000000,1000000
2017-09-14 07:26:33.886000,8.0284,8.02713,1000000,1000000
2017-09-14 07:26:33.988000,8.0283,8.02706,1000000,1000000
2017-09-14 07:26:34.140000,8.02832,8.02706,1000000,1000000
2017-09-14 07:26:34.870000,8.02835,8.0271,1000000,1000000
2017-09-14 07:26:35.174000,8.02835,8.0271,1370000,1000000
2017-09-14 07:26:35.643000,8.02825,8.02699,1000000,1000000
2017-09-14 07:26:35.846000,8.02836,8.02709,1370000,1000000
2017-09-14 07:26:36.451000,8.02835,8.02709,1000000,1000000
2017-09-14 07:26:37.027000,8.02834,8.02708,1000000,1000000
2017-09-14 07:26:37.900000,8.02837,8.02711,1000000,1000000
2017-09-14 07:26:38.140000,8.02829,8.02702,1000000,1000000
2017-09-14 07:26:38.292000,8.02824,8.02683,1750000,1000000
2017-09-14 07:26:38.343000,8.02771,8.02644,1370000,1000000
2017-09-14 07:26:38.445000,8.02772,8.02646,1370000,1000000
2017-09-14 07:26:38.496000,8.02763,8.02636,1370000,1000000
2017-09-14 07:26:41.055000,8.02785,8.02658,1750000,1000000
2017-09-14 07:26:41.348000,8.02822,8.02662,1750000,1000000
2017-09-14 07:26:41.449000,8.02779,8.02653,1370000,1000000
2017-09-14 07:26:41.500000,8.02775,8.02649,1000000,1000000
2017-09-14 07:26:41.768000,8.02766,8.02639,1750000,1000000
2017-09-14 07:26:41.819000,8.02723,8.026,1750000,1000000
2017-09-14 07:26:41.920000,8.02714,8.02588,1370000,1000000
2017-09-14 07:26:42.022000,8.02723,8.02598,1750000,1000000
2017-09-14 07:26:42.405000,8.02714,8.02588,1750000,1000000
2017-09-14 07:26:42.457000,8.02701,8.02574,1750000,1000000
2017-09-14 07:26:42.927000,8.02692,8.02566,1750000,1000000
2017-09-14 07:26:43.970000,8.02692,8.02566,1750000,1000000
2017-09-14 07:26:44.173000,8.02686,8.0256,1000000,1000000
2017-09-14 07:26:44.224000,8.02695,8.02622,1000000,1000000
2017-09-14 07:26:44.477000,8.027,8.02621,1000000,1000000
2017-09-14 07:26:44.528000,8.02686,8.02648,1000000,1000000
2017-09-14 07:26:44.579000,8.02699,8.0265,1000000,1000000
2017-09-14 07:26:44.724000,8.02699,8.02607,1000000,1000000
2017-09-14 07:26:44.884000,8.02699,8.02587,1000000,1000000
2017-09-14 07:26:45.088000,8.02699,8.02573,1000000,1000000
2017-09-14 07:26:45.877000,8.027,8.02571,1000000,1000000
2017-09-14 07:26:45.928000,8.02703,8.02577,1000000,1000000
2017-09-14 07:26:46.233000,8.02684,8.02558,1000000,1000000
2017-09-14 07:26:46.555000,8.0268,8.02554,1000000,1000000
2017-09-14 07:26:46.868000,8.02689,8.02563,1370000,1000000
2017-09-14 07:26:47.193000,8.02698,8.02572,1370000,1000000
2017-09-14 07:26:49.350000,8.02698,8.02571,1370000,1000000
2017-09-14 07:26:51.400000,8.02694,8.02567,1370000,1000000
2017-09-14 07:26:52.965000,8.02697,8.02571,1370000,1000000
2017-09-14 07:26:53.383000,8.02696,8.02569,1370000,1000000
2017-09-14 07:26:56.563000,8.02696,8.0257,1370000,1000000
2017-09-14 07:26:57.211000,8.02696,8.0257,1370000,1000000
2017-09-14 07:27:00.080000,8.02696,8.0257,1370000,1000000
2017-09-14 07:27:02.047000,8.02696,8.0257,1370000,1000000
2017-09-14 07:27:02.617000,8.02696,8.0257,1000000,1000000
2017-09-14 07:27:02.668000,8.02716,8.02609,1000000,1000000
2017-09-14 07:27:02.719000,8.02724,8.02609,1370000,1000000
2017-09-14 07:27:02.820000,8.02722,8.02655,1370000,1000000
2017-09-14 07:27:03.130000,8.02774,8.02674,1750000,1000000
2017-09-14 07:27:03.181000,8.02783,8.02674,1370000,1000000
2017-09-14 07:27:03.232000,8.02783,8.02657,1370000,1000000
2017-09-14 07:27:04.334000,8.02783,8.02657,1370000,1000000
2017-09-14 07:27:05.295000,8.02774,8.02648,1000000,1000000
2017-09-14 07:27:05.447000,8.02774,8.02648,1370000,1000000
2017-09-14 07:27:05.830000,8.02783,8.02657,1370000,1000000
2017-09-14 07:27:05.881000,8.02779,8.02652,1370000,1000000
2017-09-14 07:27:06.684000,8.02779,8.02652,1370000,1000000
2017-09-14 07:27:07.804000,8.02779,8.02652,1370000,1000000
2017-09-14 07:27:08.424000,8.02782,8.02657,1370000,1000000
2017-09-14 07:27:09.683000,8.02779,8.02653,1870000,1000000
2017-09-14 07:27:11.164000,8.02779,8.02653,1870000,1000000
2017-09-14 07:27:11.594000,8.02782,8.02655,1370000,1000000
2017-09-14 07:27:11.982000,8.02782,8.02655,1750000,1000000
2017-09-14 07:27:12.034000,8.02762,8.02635,1750000,1000000
2017-09-14 07:27:12.085000,8.02728,8.02602,1750000,1000000
2017-09-14 07:27:12.136000,8.0272,8.02593,1370000,1000000
2017-09-14 07:27:12.288000,8.02708,8.0258,1370000,1000000
2017-09-14 07:27:12.339000,8.027,8.02572,1000000,1000000
2017-09-14 07:27:13.468000,8.02712,8.02647,1000000,1000000
2017-09-14 07:27:13.519000,8.02764,8.02647,1750000,1000000
2017-09-14 07:27:13.771000,8.02764,8.02632,1750000,1000000
2017-09-14 07:27:13.922000,8.02764,8.02614,1750000,1000000
2017-09-14 07:27:14.210000,8.02764,8.02605,1750000,1000000
2017-09-14 07:27:14.508000,8.02756,8.02599,1750000,1000000
2017-09-14 07:27:14.560000,8.02748,8.02589,1750000,1000000
2017-09-14 07:27:14.713000,8.0276,8.02601,1370000,1000000
2017-09-14 07:27:15.295000,8.02759,8.026,1370000,1000000
2017-09-14 07:27:15.412000,8.02751,8.02624,1370000,1000000
2017-09-14 07:27:16.065000,8.02751,8.02624,1370000,1000000
2017-09-14 07:27:16.609000,8.02736,8.02609,1120000,1000000
2017-09-14 07:27:16.660000,8.02747,8.0262,1370000,1000000
2017-09-14 07:27:16.963000,8.02758,8.02631,1500000,1000000
2017-09-14 07:27:17.639000,8.02758,8.02631,1370000,1000000
2017-09-14 07:27:18.238000,8.02759,8.02632,1370000,1000000
2017-09-14 07:27:18.943000,8.02759,8.02632,1370000,1000000
2017-09-14 07:27:20.031000,8.02759,8.02632,1370000,1000000
2017-09-14 07:27:20.924000,8.02749,8.02624,1370000,1000000
2017-09-14 07:27:20.975000,8.02724,8.02597,1750000,1000000
2017-09-14 07:27:21.076000,8.02688,8.0256,1750000,1000000
2017-09-14 07:27:21.127000,8.0267,8.02552,1370000,1000000
2017-09-14 07:27:21.178000,8.0267,8.02543,1370000,1000000
2017-09-14 07:27:22.878000,8.02662,8.02534,1120000,1000000
2017-09-14 07:27:23.486000,8.02663,8.02536,1370000,1000000
2017-09-14 07:27:23.807000,8.02663,8.02536,1370000,1000000
2017-09-14 07:27:26.660000,8.0266,8.02535,1370000,1000000
2017-09-14 07:27:26.711000,8.02648,8.02521,1000000,1000000
2017-09-14 07:27:26.762000,8.02643,8.02518,1000000,1000000
2017-09-14 07:27:27.310000,8.02644,8.02524,1000000,1000000
2017-09-14 07:27:27.648000,8.02666,8.02546,1500000,1000000
2017-09-14 07:27:28.598000,8.02666,8.02546,1370000,1000000
2017-09-14 07:27:30.895000,8.02666,8.02546,1370000,1000000
2017-09-14 07:27:32.302000,8.02643,8.02523,1000000,1000000
2017-09-14 07:27:32.353000,8.02637,8.02517,1370000,1000000
2017-09-14 07:27:32.404000,8.02633,8.02513,1370000,1000000
2017-09-14 07:27:32.456000,8.02627,8.02507,1000000,1000000
2017-09-14 07:27:32.665000,8.02623,8.02503,1000000,1000000
2017-09-14 07:27:33.019000,8.02628,8.02508,1000000,1000000
2017-09-14 07:27:33.339000,8.02618,8.02499,1000000,1000000
2017-09-14 07:27:34.196000,8.02613,8.02494,1370000,1000000
2017-09-14 07:27:36.208000,8.02616,8.02495,1370000,1000000
2017-09-14 07:27:38.473000,8.0261,8.02489,1120000,1000000
2017-09-14 07:27:40.578000,8.02615,8.02494,1370000,1000000
2017-09-14 07:27:40.981000,8.02628,8.02507,1370000,1000000
2017-09-14 07:27:41.546000,8.02628,8.02507,1000000,1000000
2017-09-14 07:27:41.647000,8.02637,8.02518,1000000,1000000
2017-09-14 07:27:44.488000,8.02644,8.02524,1000000,1000000
2017-09-14 07:27:44.843000,8.02661,8.02522,1000000,1000000
2017-09-14 07:27:44.894000,8.02644,8.02523,1000000,1000000
2017-09-14 07:27:45.545000,8.0264,8.02519,1000000,1000000
2017-09-14 07:27:45.799000,8.02629,8.02481,1000000,1000000
2017-09-14 07:27:45.951000,8.02629,8.02485,1000000,1000000
2017-09-14 07:27:46.255000,8.0258,8.02459,1000000,1000000
2017-09-14 07:27:47.239000,8.02597,8.02476,1000000,1000000
2017-09-14 07:27:47.290000,8.02605,8.02468,1000000,1000000
2017-09-14 07:27:47.341000,8.02619,8.02466,1000000,1000000
2017-09-14 07:27:47.391000,8.02588,8.02468,1000000,1000000
2017-09-14 07:27:47.475000,8.02619,8.02472,1000000,1000000
2017-09-14 07:27:47.577000,8.02614,8.02472,1000000,1000000
2017-09-14 07:27:47.890000,8.02586,8.02465,1000000,1000000
2017-09-14 07:27:48.200000,8.02587,8.02467,1000000,1000000
2017-09-14 07:27:48.821000,8.02582,8.02462,1000000,1000000
2017-09-14 07:27:49.126000,8.02575,8.02457,1000000,1000000
2017-09-14 07:27:49.291000,8.02604,8.02458,1000000,1000000
2017-09-14 07:27:49.342000,8.02604,8.0246,1000000,1000000
2017-09-14 07:27:49.858000,8.02605,8.0246,1000000,1000000
2017-09-14 07:27:50.290000,8.02603,8.0246,1000000,1000000
2017-09-14 07:27:51.170000,8.02601,8.0246,1000000,1000000
2017-09-14 07:27:51.500000,8.02603,8.0246,1000000,1000000
2017-09-14 07:27:51.551000,8.02603,8.02455,1500000,1000000
2017-09-14 07:27:52.050000,8.02597,8.02455,1000000,1000000
2017-09-14 07:27:52.431000,8.02581,8.02433,1000000,1000000
2017-09-14 07:27:52.482000,8.02581,8.02435,1000000,1000000
2017-09-14 07:27:52.801000,8.02576,8.0243,1000000,1000000
2017-09-14 07:27:52.852000,8.02582,8.02434,1000000,1000000
2017-09-14 07:27:53.362000,8.02581,8.02433,1000000,1000000
2017-09-14 07:27:53.513000,8.02578,8.02429,1000000,1000000
2017-09-14 07:27:53.863000,8.02582,8.02436,1000000,1000000
2017-09-14 07:27:54.140000,8.02584,8.02436,1500000,1000000
2017-09-14 07:27:55.289000,8.02578,8.02429,1000000,1000000
2017-09-14 07:27:56.543000,8.02572,8.02424,1000000,1000000
2017-09-14 07:27:56.883000,8.0257,8.02425,1000000,1000000
2017-09-14 07:27:57.199000,8.02568,8.02426,1000000,1000000
2017-09-14 07:27:57.545000,8.02572,8.02429,1500000,1000000
2017-09-14 07:27:58.297000,8.02573,8.02429,1000000,1000000
2017-09-14 07:27:59.361000,8.02569,8.02425,1000000,1000000
2017-09-14 07:27:59.683000,8.02564,8.02423,1000000,1000000
2017-09-14 07:28:01.370000,8.0257,8.02426,1000000,1000000
2017-09-14 07:28:03.983000,8.02564,8.02415,1000000,1000000
2017-09-14 07:28:05.018000,8.02563,8.02415,1000000,1000000
2017-09-14 07:28:06.204000,8.0256,8.02412,1000000,1000000
2017-09-14 07:28:07.626000,8.02574,8.02426,1000000,1000000
2017-09-14 07:28:07.930000,8.02591,8.02443,1000000,1000000
2017-09-14 07:28:08.584000,8.02588,8.02451,1000000,1000000
2017-09-14 07:28:10.778000,8.02582,8.02445,1000000,1000000
2017-09-14 07:28:11.342000,8.02589,8.02452,1000000,1000000
2017-09-14 07:28:11.392000,8.02584,8.02446,1000000,1000000
2017-09-14 07:28:11.714000,8.02581,8.02441,1000000,1000000
2017-09-14 07:28:11.765000,8.02577,8.02437,1000000,1000000
2017-09-14 07:28:12.471000,8.02581,8.0244,1000000,1000000
2017-09-14 07:28:14.014000,8.02602,8.02461,1000000,1000000
2017-09-14 07:28:14.318000,8.0261,8.0247,1000000,1000000
2017-09-14 07:28:15.130000,8.02618,8.02479,1000000,1000000
2017-09-14 07:28:16.737000,8.02613,8.02472,1000000,1000000
2017-09-14 07:28:17.415000,8.02622,8.02482,1000000,1000000
2017-09-14 07:28:21.054000,8.02617,8.02478,1000000,1000000
2017-09-14 07:28:21.156000,8.02623,8.02483,1000000,1000000
2017-09-14 07:28:21.207000,8.02627,8.02489,1000000,1000000
2017-09-14 07:28:21.530000,8.02631,8.02493,1000000,1000000
2017-09-14 07:28:23.292000,8.02624,8.02504,1000000,1000000
2017-09-14 07:28:23.595000,8.02634,8.02603,1000000,1000000
2017-09-14 07:28:23.646000,8.02634,8.02601,1000000,1000000
2017-09-14 07:28:23.834000,8.02643,8.02602,1000000,1000000
2017-09-14 07:28:23.885000,8.0268,8.02582,1000000,1000000
2017-09-14 07:28:23.936000,8.02697,8.02582,1000000,1000000
2017-09-14 07:28:23.988000,8.02706,8.02587,1000000,1000000
2017-09-14 07:28:24.446000,8.02715,8.02595,1000000,1000000
2017-09-14 07:28:24.497000,8.02749,8.0263,1000000,1000000
2017-09-14 07:28:24.548000,8.02752,8.02632,1000000,1000000
2017-09-14 07:28:24.599000,8.0274,8.0262,1000000,1000000
2017-09-14 07:28:24.954000,8.02728,8.0261,1000000,1000000
2017-09-14 07:28:25.277000,8.02738,8.02618,1000000,1000000
2017-09-14 07:28:25.610000,8.02736,8.02616,1000000,1000000
2017-09-14 07:28:28.095000,8.02744,8.02625,1000000,1000000
2017-09-14 07:28:28.556000,8.02744,8.02617,1000000,1000000
2017-09-14 07:28:28.714000,8.02744,8.02602,1000000,1000000
2017-09-14 07:28:32.014000,8.02735,8.02593,1000000,1000000
2017-09-14 07:28:32.354000,8.02725,8.02583,1000000,1000000
2017-09-14 07:28:32.677000,8.02729,8.02587,1000000,1000000
2017-09-14 07:28:33.224000,8.02717,8.02575,1000000,1000000
2017-09-14 07:28:33.527000,8.02748,8.02577,1000000,1000000
2017-09-14 07:28:33.578000,8.02743,8.02602,1000000,1000000
2017-09-14 07:28:33.680000,8.02743,8.02577,1000000,1000000
2017-09-14 07:28:33.731000,8.0274,8.02577,1000000,1000000
2017-09-14 07:28:33.950000,8.02764,8.02567,1000000,1000000
2017-09-14 07:28:34.001000,8.02764,8.02588,1000000,1000000
2017-09-14 07:28:34.352000,8.0277,8.0263,1000000,1000000
2017-09-14 07:28:34.510000,8.02762,8.02619,1000000,1000000
2017-09-14 07:28:34.713000,8.02765,8.02623,1000000,1000000
2017-09-14 07:28:34.814000,8.02799,8.0261,1000000,1000000
2017-09-14 07:28:34.865000,8.02807,8.02634,1000000,1000000
2017-09-14 07:28:35.196000,8.02807,8.02665,1000000,1000000
2017-09-14 07:28:35.500000,8.02815,8.02672,1000000,1000000
2017-09-14 07:28:35.551000,8.02836,8.02694,1000000,1000000
2017-09-14 07:28:35.858000,8.02848,8.02705,1000000,1000000
2017-09-14 07:28:35.909000,8.02832,8.0269,1000000,1000000
2017-09-14 07:28:36.213000,8.02785,8.02644,1000000,1000000
2017-09-14 07:28:36.332000,8.0279,8.02644,1000000,1000000
2017-09-14 07:28:36.384000,8.02775,8.02644,1000000,1000000
2017-09-14 07:28:36.436000,8.02785,8.02644,1000000,1000000
2017-09-14 07:28:36.538000,8.02785,8.02627,1000000,1370000
2017-09-14 07:28:36.646000,8.02777,8.02627,1000000,1370000
2017-09-14 07:28:36.697000,8.02781,8.02627,1000000,1000000
2017-09-14 07:28:36.833000,8.02805,8.02665,1000000,1000000
2017-09-14 07:28:36.884000,8.02794,8.02652,1000000,1000000
2017-09-14 07:28:36.935000,8.02829,8.02687,1000000,1000000
2017-09-14 07:28:37.239000,8.02814,8.02672,1000000,1000000
2017-09-14 07:28:37.773000,8.02826,8.02684,1000000,1000000
2017-09-14 07:28:38.076000,8.02822,8.0268,1000000,1000000
2017-09-14 07:28:38.177000,8.02833,8.0269,1000000,1000000
2017-09-14 07:28:38.228000,8.02819,8.02677,1000000,1000000
2017-09-14 07:28:38.532000,8.02832,8.0269,1000000,1000000
2017-09-14 07:28:38.874000,8.02824,8.02688,1000000,1000000
2017-09-14 07:28:38.926000,8.02814,8.02672,1000000,1000000
2017-09-14 07:28:38.977000,8.02805,8.02663,1000000,1000000
2017-09-14 07:28:39.283000,8.02785,8.02643,1000000,1000000
2017-09-14 07:28:39.739000,8.02783,8.0264,1000000,1000000
2017-09-14 07:28:39.790000,8.02778,8.02636,1000000,1000000
2017-09-14 07:28:40.063000,8.02772,8.02621,1000000,1000000
2017-09-14 07:28:40.283000,8.02759,8.02617,1000000,1000000
2017-09-14 07:28:40.587000,8.02772,8.0263,1000000,1000000
2017-09-14 07:28:40.638000,8.02765,8.02601,1000000,1000000
2017-09-14 07:28:40.689000,8.02754,8.02612,1000000,1000000
2017-09-14 07:28:40.998000,8.02766,8.02624,1000000,1000000
2017-09-14 07:28:41.318000,8.0274,8.02605,1000000,1000000
2017-09-14 07:28:41.369000,8.02751,8.02609,1000000,1000000
2017-09-14 07:28:41.420000,8.02784,8.02644,1000000,1000000
2017-09-14 07:28:41.471000,8.02773,8.02631,1000000,1000000
2017-09-14 07:28:41.522000,8.02753,8.02613,1000000,1000000
2017-09-14 07:28:41.632000,8.02764,8.02622,1000000,1000000
2017-09-14 07:28:41.683000,8.02722,8.02601,1000000,1000000
2017-09-14 07:28:41.784000,8.02744,8.02601,1000000,1500000
2017-09-14 07:28:41.886000,8.02755,8.0261,1000000,1000000
2017-09-14 07:28:42.038000,8.02771,8.02629,1000000,1000000
2017-09-14 07:28:42.191000,8.02759,8.02616,1000000,1000000
2017-09-14 07:28:42.241000,8.02772,8.0263,1000000,1000000
2017-09-14 07:28:42.394000,8.02764,8.02621,1000000,1000000
2017-09-14 07:28:42.445000,8.02754,8.02612,1000000,1000000
2017-09-14 07:28:42.749000,8.02751,8.02609,1000000,1000000
2017-09-14 07:28:43.052000,8.02751,8.02611,1000000,1000000
2017-09-14 07:28:43.293000,8.02766,8.02623,1000000,1000000
2017-09-14 07:28:43.344000,8.02743,8.02601,1000000,1000000
2017-09-14 07:28:43.648000,8.02761,8.026,1000000,1000000
2017-09-14 07:28:43.749000,8.02714,8.026,1000000,1000000
2017-09-14 07:28:43.901000,8.02727,8.02585,1000000,1000000
2017-09-14 07:28:44.003000,8.02752,8.0261,1000000,1000000
2017-09-14 07:28:44.156000,8.02727,8.02576,1000000,1370000
2017-09-14 07:28:44.207000,8.02716,8.02584,1000000,1000000
2017-09-14 07:28:44.257000,8.02742,8.02599,1000000,1000000
2017-09-14 07:28:44.308000,8.02726,8.02584,1000000,1000000
2017-09-14 07:28:44.460000,8.02775,8.02632,1000000,1000000
2017-09-14 07:28:44.562000,8.02787,8.02645,1000000,1000000
2017-09-14 07:28:44.865000,8.02709,8.02572,1000000,1000000
2017-09-14 07:28:44.971000,8.02746,8.02604,1000000,1000000
2017-09-14 07:28:45.072000,8.02724,8.02581,1000000,1000000
2017-09-14 07:28:45.205000,8.02738,8.0257,1000000,1000000
2017-09-14 07:28:45.256000,8.02727,8.02585,1000000,1000000
2017-09-14 07:28:45.307000,8.0272,8.0257,1000000,1000000
2017-09-14 07:28:45.358000,8.02721,8.0257,1000000,1370000
2017-09-14 07:28:45.459000,8.02736,8.0257,1000000,1000000
2017-09-14 07:28:45.511000,8.02753,8.02611,1000000,1000000
2017-09-14 07:28:45.612000,8.02733,8.0256,1000000,1000000
2017-09-14 07:28:45.663000,8.02728,8.02586,1000000,1120000
2017-09-14 07:28:45.976000,8.02734,8.02561,1000000,1000000
2017-09-14 07:28:46.027000,8.02758,8.0261,1000000,1000000
2017-09-14 07:28:46.078000,8.02753,8.02565,1000000,1000000
2017-09-14 07:28:46.179000,8.02762,8.02592,1000000,1000000
2017-09-14 07:28:46.490000,8.02738,8.02609,1000000,1000000
2017-09-14 07:28:46.541000,8.02738,8.02596,1000000,1000000
2017-09-14 07:28:47.257000,8.02758,8.02578,1000000,1000000
2017-09-14 07:28:47.308000,8.02777,8.02635,1000000,1000000
2017-09-14 07:28:47.612000,8.02734,8.0258,1000000,1750000
2017-09-14 07:28:47.663000,8.02748,8.0258,1000000,1000000
2017-09-14 07:28:47.714000,8.02751,8.02608,1000000,1000000
2017-09-14 07:28:47.815000,8.02755,8.0258,1000000,1750000
2017-09-14 07:28:47.918000,8.02779,8.02636,1000000,1000000
2017-09-14 07:28:48.020000,8.02748,8.02579,1000000,1750000
2017-09-14 07:28:48.225000,8.02749,8.02607,1000000,1000000
2017-09-14 07:28:48.276000,8.02749,8.02577,1000000,1750000
2017-09-14 07:28:49.901000,8.02769,8.02632,1000000,1000000
2017-09-14 07:28:49.952000,8.02762,8.0262,1000000,1000000
2017-09-14 07:28:50.104000,8.0276,8.02581,1000000,1370000
2017-09-14 07:28:50.155000,8.02754,8.02591,1000000,1370000
2017-09-14 07:28:50.460000,8.02749,8.02577,1000000,1750000
2017-09-14 07:28:50.974000,8.02749,8.02577,1000000,1370000
2017-09-14 07:28:51.077000,8.02744,8.02577,1000000,1370000
2017-09-14 07:28:51.178000,8.0275,8.02577,1000000,1370000
2017-09-14 07:28:52.242000,8.0275,8.02577,1000000,1370000
2017-09-14 07:28:52.293000,8.02767,8.02644,1000000,1000000
2017-09-14 07:28:52.344000,8.02788,8.02646,1500000,1000000
2017-09-14 07:28:52.395000,8.02767,8.02625,1000000,1000000
2017-09-14 07:28:52.699000,8.02752,8.02609,1000000,1000000
2017-09-14 07:28:53.468000,8.02745,8.02598,1000000,1000000
2017-09-14 07:28:53.844000,8.02769,8.02627,1000000,1000000
2017-09-14 07:28:54.148000,8.02775,8.02633,1000000,1000000
2017-09-14 07:28:54.505000,8.02748,8.02606,1000000,1000000
2017-09-14 07:28:54.693000,8.02741,8.02581,1000000,1000000
2017-09-14 07:28:54.817000,8.02759,8.02617,1000000,1000000
2017-09-14 07:28:54.969000,8.02744,8.02582,1000000,1000000
2017-09-14 07:28:55.020000,8.02741,8.02582,1000000,1000000
2017-09-14 07:28:55.122000,8.02741,8.02563,1000000,1370000
2017-09-14 07:28:55.173000,8.02723,8.02563,1000000,1370000
2017-09-14 07:28:55.488000,8.02693,8.02528,1000000,1750000
2017-09-14 07:28:55.539000,8.02713,8.02528,1000000,1750000
2017-09-14 07:28:55.590000,8.02696,8.02528,1000000,1750000
2017-09-14 07:28:55.641000,8.02698,8.02556,1000000,1370000
2017-09-14 07:28:56.229000,8.02695,8.02528,1000000,1370000
2017-09-14 07:28:56.673000,8.02692,8.02528,1000000,1370000
2017-09-14 07:28:57.043000,8.02692,8.02551,1000000,1000000
2017-09-14 07:28:57.094000,8.02692,8.02528,1000000,1370000
2017-09-14 07:28:57.297000,8.02707,8.02528,1000000,1370000
2017-09-14 07:28:57.348000,8.02709,8.026,1000000,1000000
2017-09-14 07:28:57.399000,8.02727,8.02585,1000000,1000000
2017-09-14 07:28:57.550000,8.02719,8.02535,1000000,1370000
2017-09-14 07:28:57.601000,8.02724,8.02533,1000000,1370000
2017-09-14 07:28:57.723000,8.02711,8.02569,1000000,1000000
2017-09-14 07:28:58.029000,8.02702,8.0256,1000000,1000000
2017-09-14 07:28:58.080000,8.02699,8.02528,1000000,1750000
2017-09-14 07:28:58.543000,8.02699,8.02557,1000000,1000000
2017-09-14 07:28:58.594000,8.02699,8.02528,1000000,1000000
2017-09-14 07:28:58.843000,8.02698,8.02556,1000000,1000000
2017-09-14 07:28:58.894000,8.027,8.02528,1000000,1000000
2017-09-14 07:28:58.945000,8.02721,8.02597,1000000,1000000
2017-09-14 07:28:58.996000,8.02707,8.02528,1000000,1000000
2017-09-14 07:28:59.047000,8.02707,8.02534,1000000,1000000
2017-09-14 07:28:59.149000,8.02707,8.02528,1000000,1000000
2017-09-14 07:28:59.359000,8.02699,8.02557,1000000,1000000
2017-09-14 07:28:59.410000,8.02698,8.02528,1000000,1000000
2017-09-14 07:28:59.462000,8.02712,8.02541,1000000,1000000
2017-09-14 07:28:59.665000,8.02716,8.02544,1000000,1000000
2017-09-14 07:28:59.817000,8.02708,8.02566,1000000,1000000
2017-09-14 07:29:01.182000,8.02704,8.02562,1000000,1000000
2017-09-14 07:29:01.284000,8.02714,8.02536,1000000,1750000
2017-09-14 07:29:01.335000,8.0272,8.02578,1000000,1000000
2017-09-14 07:29:01.487000,8.02735,8.0256,1000000,1000000
2017-09-14 07:29:01.538000,8.0275,8.02608,1000000,1000000
2017-09-14 07:29:01.880000,8.02739,8.02597,1000000,1000000
2017-09-14 07:29:02.183000,8.02728,8.02586,1000000,1000000
2017-09-14 07:29:03.162000,8.02729,8.02587,1000000,1000000
2017-09-14 07:29:03.837000,8.02734,8.0256,1000000,1370000
2017-09-14 07:29:03.888000,8.02761,8.02619,1000000,1000000
2017-09-14 07:29:04.041000,8.02729,8.02565,1000000,1370000
2017-09-14 07:29:04.091000,8.02731,8.02589,1000000,1000000
2017-09-14 07:29:04.404000,8.02763,8.02621,1000000,1000000
2017-09-14 07:29:04.745000,8.02733,8.02593,1000000,1000000
2017-09-14 07:29:05.167000,8.02692,8.02555,1000000,1370000
2017-09-14 07:29:05.219000,8.02686,8.0254,1000000,1000000
2017-09-14 07:29:05.270000,8.02682,8.02504,1000000,1500000
2017-09-14 07:29:05.322000,8.02677,8.0249,1000000,1370000
2017-09-14 07:29:05.373000,8.02685,8.02528,1000000,1000000
2017-09-14 07:29:05.475000,8.02688,8.02504,1000000,1000000
2017-09-14 07:29:05.623000,8.0269,8.02484,1000000,1750000
2017-09-14 07:29:05.674000,8.02678,8.02513,1000000,1000000
2017-09-14 07:29:05.776000,8.02662,8.02494,1000000,1000000
2017-09-14 07:29:05.827000,8.02663,8.0252,1000000,1000000
2017-09-14 07:29:05.878000,8.02646,8.02502,1000000,1000000
2017-09-14 07:29:06.410000,8.0267,8.02488,1000000,1000000
2017-09-14 07:29:06.461000,8.02679,8.02541,1000000,1000000
2017-09-14 07:29:06.587000,8.02665,8.02496,1000000,1000000
2017-09-14 07:29:06.639000,8.02648,8.02504,1000000,1000000
2017-09-14 07:29:06.741000,8.02652,8.02485,1000000,1000000
2017-09-14 07:29:06.894000,8.02652,8.0248,1000000,1000000
2017-09-14 07:29:06.945000,8.02661,8.02519,1000000,1000000
2017-09-14 07:29:07.148000,8.02668,8.02486,1000000,1750000
2017-09-14 07:29:07.198000,8.0267,8.02528,1000000,1000000
2017-09-14 07:29:07.351000,8.02664,8.0248,1000000,1750000
2017-09-14 07:29:07.403000,8.02677,8.02535,1000000,1000000
2017-09-14 07:29:07.504000,8.02689,8.02475,1000000,1750000
2017-09-14 07:29:07.556000,8.02657,8.02493,1000000,1370000
2017-09-14 07:29:07.606000,8.02663,8.02505,1000000,1370000
2017-09-14 07:29:07.757000,8.02657,8.02483,1000000,1750000
2017-09-14 07:29:07.910000,8.02664,8.02489,1000000,1370000
2017-09-14 07:29:07.961000,8.02655,8.02481,1000000,1750000
2017-09-14 07:29:08.113000,8.02658,8.02474,1000000,1750000
2017-09-14 07:29:08.215000,8.02652,8.02474,1000000,1750000
2017-09-14 07:29:08.266000,8.02653,8.02474,1000000,1000000
2017-09-14 07:29:08.317000,8.02668,8.02526,1000000,1000000
2017-09-14 07:29:08.570000,8.02694,8.02523,1000000,1000000
2017-09-14 07:29:08.621000,8.02694,8.0256,1000000,1000000
2017-09-14 07:29:08.672000,8.02671,8.02525,1000000,1000000
2017-09-14 07:29:08.774000,8.02665,8.02512,1000000,1000000
2017-09-14 07:29:08.926000,8.02687,8.02545,1000000,1000000
2017-09-14 07:29:09.027000,8.02698,8.02494,1000000,1000000
2017-09-14 07:29:09.078000,8.02671,8.025,1000000,1000000
2017-09-14 07:29:09.426000,8.02665,8.025,1000000,1000000
2017-09-14 07:29:10.210000,8.0265,8.02504,1000000,1000000
2017-09-14 07:29:11.436000,8.02636,8.025,1000000,1000000
2017-09-14 07:29:11.487000,8.02627,8.02481,1000000,1000000
2017-09-14 07:29:11.588000,8.02622,8.02476,1000000,1000000
2017-09-14 07:29:11.901000,8.02606,8.02471,1000000,1370000
2017-09-14 07:29:11.953000,8.02599,8.02461,1000000,1000000
2017-09-14 07:29:12.106000,8.02601,8.02463,1000000,1000000
2017-09-14 07:29:12.420000,8.02632,8.02494,1000000,1000000
2017-09-14 07:29:12.572000,8.02639,8.02493,1000000,1000000
2017-09-14 07:29:12.623000,8.02639,8.02478,1000000,1000000
2017-09-14 07:29:12.926000,8.02618,8.02457,1000000,1000000
2017-09-14 07:29:14.142000,8.02606,8.02448,1000000,1000000
2017-09-14 07:29:17.040000,8.02611,8.02453,1000000,1000000
2017-09-14 07:29:17.141000,8.02632,8.02424,1000000,1370000
2017-09-14 07:29:17.192000,8.02648,8.02475,1000000,1000000
2017-09-14 07:29:17.533000,8.02639,8.02466,1000000,1000000
2017-09-14 07:29:17.877000,8.02632,8.0246,1000000,1000000
2017-09-14 07:29:20.076000,8.02619,8.02459,1000000,1000000
2017-09-14 07:29:21.381000,8.02618,8.02458,1000000,1000000
2017-09-14 07:29:22.429000,8.02611,8.0244,1000000,1000000
2017-09-14 07:29:22.480000,8.0263,8.02442,1000000,1000000
2017-09-14 07:29:22.531000,8.02632,8.02418,1000000,1500000
2017-09-14 07:29:22.582000,8.02636,8.02445,1500000,1000000
2017-09-14 07:29:22.910000,8.02633,8.02455,1000000,1000000
2017-09-14 07:29:23.220000,8.02631,8.02455,1000000,1000000
2017-09-14 07:29:23.722000,8.0263,8.02455,1500000,1000000
2017-09-14 07:29:24.035000,8.02609,8.02442,1000000,1000000
2017-09-14 07:29:25.793000,8.02609,8.02452,1000000,1000000
2017-09-14 07:29:26.097000,8.02609,8.02461,1000000,1000000
2017-09-14 07:29:26.864000,8.02605,8.02468,1000000,1000000
2017-09-14 07:29:27.200000,8.02612,8.02475,1000000,1000000
2017-09-14 07:29:27.756000,8.02615,8.02478,1000000,1000000
2017-09-14 07:29:28.223000,8.02609,8.02465,1000000,1000000
2017-09-14 07:29:28.324000,8.02604,8.02459,1000000,1000000
2017-09-14 07:29:29.571000,8.02624,8.02482,1000000,1000000
2017-09-14 07:29:29.622000,8.02631,8.02487,1000000,1000000
2017-09-14 07:29:29.673000,8.02637,8.02492,1000000,1000000
2017-09-14 07:29:29.773000,8.02642,8.02498,1000000,1000000
2017-09-14 07:29:30.027000,8.02638,8.02486,1000000,1000000
2017-09-14 07:29:30.078000,8.0264,8.0246,1000000,1000000
2017-09-14 07:29:30.129000,8.02623,8.0246,1000000,1000000
2017-09-14 07:29:30.180000,8.02622,8.02451,1000000,1000000
2017-09-14 07:29:30.231000,8.02655,8.02441,1000000,1000000
2017-09-14 07:29:30.333000,8.02607,8.02441,1000000,1000000
2017-09-14 07:29:30.384000,8.02655,8.02441,1000000,1000000
2017-09-14 07:29:30.536000,8.02656,8.02447,1000000,1000000
2017-09-14 07:29:30.637000,8.02647,8.02383,1000000,2250000
2017-09-14 07:29:30.957000,8.02651,8.02383,1000000,2250000
2017-09-14 07:29:31.008000,8.0264,8.02384,1000000,1120000
2017-09-14 07:29:31.229000,8.02632,8.02363,1000000,1750000
2017-09-14 07:29:31.432000,8.02638,8.02363,1000000,1750000
2017-09-14 07:29:31.869000,8.02632,8.02359,1000000,1750000
2017-09-14 07:29:32.561000,8.02596,8.02359,1000000,1750000
2017-09-14 07:29:32.612000,8.02622,8.02359,1000000,1750000
2017-09-14 07:29:32.663000,8.02624,8.02359,1000000,1750000
2017-09-14 07:29:32.714000,8.02641,8.02362,1000000,1750000
2017-09-14 07:29:33.113000,8.02636,8.0236,1000000,1750000
2017-09-14 07:29:33.548000,8.02627,8.02359,1000000,1750000
2017-09-14 07:29:33.748000,8.02635,8.02359,1000000,1750000
2017-09-14 07:29:33.799000,8.02635,8.02359,1000000,1370000
2017-09-14 07:29:34.204000,8.02657,8.02359,1000000,1370000
2017-09-14 07:29:34.838000,8.02688,8.02389,1000000,1000000
2017-09-14 07:29:36.444000,8.02688,8.02389,1000000,1750000
2017-09-14 07:29:36.596000,8.02764,8.02375,1750000,3750000
2017-09-14 07:29:37.112000,8.02767,8.02384,1120000,1750000
2017-09-14 07:29:37.650000,8.02767,8.02383,1120000,1750000
2017-09-14 07:29:38.366000,8.02776,8.02397,1120000,3750000
2017-09-14 07:29:42.208000,8.02775,8.02397,1750000,3750000
2017-09-14 07:29:42.723000,8.02776,8.02397,1870000,3750000
2017-09-14 07:29:43.926000,8.02775,8.02397,1750000,3750000
2017-09-14 07:29:44.484000,8.02776,8.02397,1120000,3750000
2017-09-14 07:29:44.808000,8.02756,8.02394,1120000,1750000
2017-09-14 07:29:45.671000,8.02767,8.0241,1120000,3750000
2017-09-14 07:29:45.772000,8.02767,8.02393,1120000,1750000
2017-09-14 07:29:46.148000,8.0278,8.02393,1370000,1000000
2017-09-14 07:29:46.250000,8.02783,8.02363,1000000,1000000
2017-09-14 07:29:46.477000,8.0278,8.02363,1000000,1000000
2017-09-14 07:29:46.680000,8.02802,8.02363,1000000,1000000
2017-09-14 07:29:47,8.02799,8.02363,1000000,1000000
2017-09-14 07:29:47.329000,8.02794,8.02363,1000000,1000000
2017-09-14 07:29:47.489000,8.02775,8.0232,1000000,1000000
2017-09-14 07:29:47.540000,8.0276,8.0232,1000000,1000000
2017-09-14 07:29:47.591000,8.0276,8.02143,1000000,1000000
2017-09-14 07:29:47.692000,8.02735,8.01813,1000000,1000000
2017-09-14 07:29:47.743000,8.02577,8.01473,110000,1370000
2017-09-14 07:29:47.844000,8.02577,8.01473,110000,1000000
2017-09-14 07:29:47.995000,8.02577,8.01463,110000,1000000
2017-09-14 07:29:48.811000,8.02576,8.01463,110000,1000000
2017-09-14 07:29:49.379000,8.02577,8.01463,110000,1000000
2017-09-14 07:29:49.716000,8.02577,8.01493,110000,1370000
2017-09-14 07:29:50.019000,8.02577,8.01503,110000,1000000
2017-09-14 07:29:50.358000,8.02577,8.01511,110000,3750000
2017-09-14 07:29:50.460000,8.02577,8.01504,110000,1000000
2017-09-14 07:29:51.461000,8.0286,8.01483,1110000,1370000
2017-09-14 07:29:52.118000,8.0286,8.01483,1110000,1370000
2017-09-14 07:29:53.639000,8.0286,8.01493,1110000,1000000
2017-09-14 07:29:54.733000,8.0286,8.01503,1110000,1000000
2017-09-14 07:29:55.063000,8.0286,8.01523,1110000,1000000
2017-09-14 07:29:55.965000,8.0286,8.01523,1110000,1370000
2017-09-14 07:29:57.276000,8.0286,8.01523,1110000,1000000
2017-09-14 07:30:00.942000,8.0286,8.01514,1110000,1000000
2017-09-14 07:30:01.002000,8.0286,8.01523,1110000,1000000
2017-09-14 07:30:01.052000,8.0286,8.01513,1110000,1000000
2017-09-14 07:30:01.193000,8.0286,8.01493,1110000,1000000
2017-09-14 07:30:01.478000,8.0286,8.01503,1110000,1000000
2017-09-14 07:30:02.149000,8.0286,8.01523,1110000,1000000
2017-09-14 07:30:02.200000,8.0286,8.01511,1110000,3750000
2017-09-14 07:30:02.301000,8.0286,8.01503,1110000,1000000
2017-09-14 07:30:03.388000,8.0286,8.01493,1110000,1000000
2017-09-14 07:30:04.018000,8.0286,8.01483,1110000,1000000
2017-09-14 07:30:04.179000,8.0286,8.01493,1110000,1000000
2017-09-14 07:30:04.612000,8.0286,8.01503,1110000,1000000
2017-09-14 07:30:05.165000,8.0286,8.01493,1110000,1000000
2017-09-14 07:30:06.219000,8.02859,8.01501,1110000,1000000
2017-09-14 07:30:09.022000,8.0286,8.01493,1110000,1000000
2017-09-14 07:30:09.455000,8.0286,8.01503,1110000,1000000
2017-09-14 07:30:10.147000,8.0286,8.01522,1110000,1000000
2017-09-14 07:30:10.470000,8.01954,8.01503,5920000,1000000
2017-09-14 07:30:10.521000,8.02261,8.01503,1300000,1000000
2017-09-14 07:30:11.527000,8.02149,8.01713,1300000,1120000
2017-09-14 07:30:11.728000,8.02149,8.01519,1300000,1000000
2017-09-14 07:30:12.473000,8.01971,8.01593,300000,1000000
2017-09-14 07:30:12.524000,8.02577,8.01593,1820000,1000000
2017-09-14 07:30:12.575000,8.02657,8.01593,1570000,1000000
2017-09-14 07:30:12.626000,8.02657,8.01543,1510000,1000000
2017-09-14 07:30:13.043000,8.02576,8.01544,2170000,1000000
2017-09-14 07:30:14.939000,8.02576,8.01931,2170000,3750000
2017-09-14 07:30:15.315000,8.02577,8.01966,1170000,3750000
2017-09-14 07:30:15.618000,8.02667,8.01966,1590000,3750000
2017-09-14 07:30:15.669000,8.02577,8.01966,1700000,3750000
2017-09-14 07:30:15.952000,8.02577,8.01897,1700000,3750000
2017-09-14 07:30:16.053000,8.02577,8.01864,1700000,3750000
2017-09-14 07:30:16.659000,8.02587,8.01864,1540000,3750000
2017-09-14 07:30:17.018000,8.02577,8.01864,1070000,3750000
2017-09-14 07:30:17.321000,8.02577,8.01917,1070000,1000000
2017-09-14 07:30:17.372000,8.02577,8.01864,1480000,3750000
2017-09-14 07:30:17.624000,8.02627,8.01864,1610000,3750000
2017-09-14 07:30:17.922000,8.02577,8.01796,110000,3750000
2017-09-14 07:30:17.973000,8.0307,8.01796,1000000,3750000
2017-09-14 07:30:18.023000,8.03054,8.01796,750000,3750000
2017-09-14 07:30:18.074000,8.03066,8.01796,1000000,3750000
2017-09-14 07:30:18.125000,8.03069,8.01796,1000000,3750000
2017-09-14 07:30:18.176000,8.03002,8.01796,1000000,3750000
2017-09-14 07:30:18.227000,8.03069,8.01796,1000000,3750000
2017-09-14 07:30:18.278000,8.03018,8.01796,1000000,3750000
2017-09-14 07:30:18.328000,8.03041,8.01796,1000000,3750000
2017-09-14 07:30:18.379000,8.02901,8.01796,750000,3750000
2017-09-14 07:30:18.430000,8.02942,8.01796,1000000,3750000
2017-09-14 07:30:18.481000,8.03104,8.01796,1000000,3750000
2017-09-14 07:30:18.532000,8.03115,8.01796,1000000,3750000
2017-09-14 07:30:18.584000,8.03107,8.01796,1000000,3750000
2017-09-14 07:30:19.006000,8.03082,8.01796,1000000,3750000
2017-09-14 07:30:19.057000,8.03139,8.01796,1000000,3750000
2017-09-14 07:30:19.158000,8.0302,8.01796,1000000,3750000
2017-09-14 07:30:19.639000,8.03014,8.01796,1000000,3750000
2017-09-14 07:30:20.061000,8.03009,8.01796,1000000,3750000
2017-09-14 07:30:20.411000,8.03031,8.0183,1000000,3750000
2017-09-14 07:30:20.566000,8.03175,8.0183,1000000,3750000
2017-09-14 07:30:20.689000,8.03164,8.0183,1000000,3750000
2017-09-14 07:30:21.017000,8.03151,8.01863,1000000,1000000
2017-09-14 07:30:21.336000,8.03019,8.01853,1000000,1000000
2017-09-14 07:30:21.386000,8.03038,8.01853,1000000,1000000
2017-09-14 07:30:21.437000,8.03011,8.01893,1000000,1420000
2017-09-14 07:30:21.538000,8.03032,8.01874,1000000,1000000
2017-09-14 07:30:21.589000,8.02996,8.01831,1000000,3750000
2017-09-14 07:30:21.640000,8.03005,8.01831,1000000,3750000
2017-09-14 07:30:21.691000,8.02867,8.01831,1000000,3750000
2017-09-14 07:30:21.741000,8.0299,8.01831,1000000,3750000
2017-09-14 07:30:21.792000,8.02988,8.01831,1000000,3750000
2017-09-14 07:30:22.157000,8.02978,8.01831,1000000,3750000
2017-09-14 07:30:22.207000,8.02986,8.01831,1000000,3750000
2017-09-14 07:30:22.279000,8.0296,8.01831,1000000,3750000
2017-09-14 07:30:22.330000,8.02991,8.01831,1000000,3750000
2017-09-14 07:30:22.381000,8.03006,8.01831,1000000,3750000
2017-09-14 07:30:22.482000,8.02967,8.01831,1750000,3750000
2017-09-14 07:30:22.785000,8.02976,8.01831,1000000,3750000
2017-09-14 07:30:22.836000,8.02981,8.01831,1000000,3750000
2017-09-14 07:30:22.886000,8.02919,8.01831,1000000,4120000
2017-09-14 07:30:22.937000,8.02981,8.01831,1000000,4120000
2017-09-14 07:30:22.988000,8.02981,8.01831,1000000,3750000
2017-09-14 07:30:23.089000,8.02981,8.01913,1000000,1000000
2017-09-14 07:30:23.190000,8.02982,8.01831,1000000,3750000
2017-09-14 07:30:23.319000,8.02951,8.01831,1000000,3750000
2017-09-14 07:30:23.622000,8.02981,8.01913,1000000,1000000
2017-09-14 07:30:23.899000,8.02986,8.01913,1000000,1000000
2017-09-14 07:30:23.949000,8.02974,8.01913,1000000,1000000
2017-09-14 07:30:24.057000,8.02977,8.01913,1000000,1000000
2017-09-14 07:30:24.108000,8.0298,8.01913,1000000,1000000
2017-09-14 07:30:24.259000,8.03018,8.01914,1000000,1000000
2017-09-14 07:30:24.310000,8.02979,8.01914,1000000,1000000
2017-09-14 07:30:24.411000,8.03013,8.01914,1000000,1000000
2017-09-14 07:30:24.573000,8.02998,8.01914,1000000,1000000
2017-09-14 07:30:24.899000,8.03122,8.02075,1000000,1370000
2017-09-14 07:30:25.101000,8.02877,8.01888,1000000,1000000
2017-09-14 07:30:25.152000,8.02877,8.01831,1000000,4120000
2017-09-14 07:30:25.203000,8.02957,8.01831,1000000,3750000
2017-09-14 07:30:25.254000,8.02957,8.02375,1000000,1000000
2017-09-14 07:30:25.305000,8.03021,8.02123,1000000,1000000
2017-09-14 07:30:25.355000,8.02975,8.02123,1000000,1000000
2017-09-14 07:30:25.406000,8.02957,8.01831,1000000,4120000
2017-09-14 07:30:25.507000,8.02963,8.01944,1000000,1000000
2017-09-14 07:30:25.558000,8.02997,8.01953,1000000,1000000
2017-09-14 07:30:25.609000,8.02975,8.01953,1000000,1000000
2017-09-14 07:30:25.912000,8.03139,8.01954,1000000,1000000
2017-09-14 07:30:25.963000,8.02967,8.01983,1000000,1000000
2017-09-14 07:30:26.014000,8.02975,8.01983,1000000,1000000
2017-09-14 07:30:26.065000,8.02977,8.02088,1000000,1000000
2017-09-14 07:30:26.369000,8.03152,8.02169,1000000,1000000
2017-09-14 07:30:26.420000,8.03231,8.02194,1000000,1000000
2017-09-14 07:30:26.471000,8.03218,8.02194,1000000,1000000
2017-09-14 07:30:26.623000,8.03221,8.0217,1000000,1000000
2017-09-14 07:30:26.674000,8.02986,8.0217,1000000,1000000
2017-09-14 07:30:26.819000,8.03039,8.02146,1000000,1000000
2017-09-14 07:30:26.870000,8.03039,8.02173,1000000,1000000
2017-09-14 07:30:26.972000,8.03209,8.02173,1000000,1000000
2017-09-14 07:30:27.023000,8.02907,8.02244,1000000,1000000
2017-09-14 07:30:27.124000,8.02837,8.02126,1000000,1000000
2017-09-14 07:30:27.226000,8.03107,8.02233,1000000,1000000
2017-09-14 07:30:27.328000,8.02967,8.02233,1000000,1000000
2017-09-14 07:30:27.380000,8.03103,8.02233,1000000,1000000
2017-09-14 07:30:27.431000,8.03011,8.02245,1000000,1000000
2017-09-14 07:30:27.482000,8.03011,8.02242,1000000,1000000
2017-09-14 07:30:27.532000,8.03002,8.02242,1000000,1000000
2017-09-14 07:30:27.873000,8.02468,8.02242,1000000,1000000
2017-09-14 07:30:28.177000,8.02455,8.02241,1000000,1000000
2017-09-14 07:30:28.486000,8.02443,8.02229,1000000,1000000
2017-09-14 07:30:28.841000,8.02431,8.02219,1000000,1000000
2017-09-14 07:30:29.045000,8.0245,8.02236,1000000,1000000
2017-09-14 07:30:29.190000,8.02428,8.02214,1000000,1000000
2017-09-14 07:30:29.495000,8.02418,8.02204,1000000,1000000
2017-09-14 07:30:29.881000,8.02386,8.02174,1000000,1000000
2017-09-14 07:30:30.192000,8.02384,8.02172,1000000,1000000
2017-09-14 07:30:30.576000,8.02332,8.02032,1000000,1000000
2017-09-14 07:30:30.728000,8.02331,8.02117,1000000,1000000
2017-09-14 07:30:31.033000,8.02207,8.01995,1000000,1000000
2017-09-14 07:30:31.359000,8.02196,8.01982,1000000,1000000
2017-09-14 07:30:31.615000,8.02142,8.01928,1000000,1000000
2017-09-14 07:30:31.966000,8.02114,8.019,1000000,1000000
2017-09-14 07:30:32.271000,8.02007,8.01643,1000000,1370000
2017-09-14 07:30:32.380000,8.02034,8.01643,1000000,1000000
2017-09-14 07:30:32.431000,8.01786,8.01572,1000000,1000000
2017-09-14 07:30:32.686000,8.01798,8.01562,1000000,1000000
2017-09-14 07:30:32.787000,8.01778,8.01564,1000000,1000000
2017-09-14 07:30:33.020000,8.01858,8.01558,3750000,1000000
2017-09-14 07:30:33.077000,8.01942,8.01558,1370000,1000000
2017-09-14 07:30:33.147000,8.01721,8.01509,1000000,1000000
2017-09-14 07:30:33.253000,8.01688,8.01474,1000000,1000000
2017-09-14 07:30:33.557000,8.01686,8.01472,1000000,1000000
2017-09-14 07:30:33.864000,8.01659,8.01445,1000000,1000000
2017-09-14 07:30:34.209000,8.01581,8.01361,1000000,1000000
2017-09-14 07:30:34.436000,8.01538,8.01324,1000000,1000000
2017-09-14 07:30:34.740000,8.01525,8.01313,1000000,1000000
2017-09-14 07:30:34.891000,8.01541,8.01327,1000000,1000000
2017-09-14 07:30:35.195000,8.01522,8.01308,1000000,1000000
2017-09-14 07:30:35.764000,8.01516,8.01302,1000000,1000000
2017-09-14 07:30:36.283000,8.01517,8.01303,1000000,1000000
2017-09-14 07:30:36.588000,8.01519,8.01305,1000000,1000000
2017-09-14 07:30:36.892000,8.01552,8.01338,1000000,1000000
2017-09-14 07:30:37.094000,8.0158,8.01363,1000000,1000000
2017-09-14 07:30:37.196000,8.01554,8.0134,1000000,1000000
2017-09-14 07:30:37.297000,8.01557,8.0121,3750000,1370000
2017-09-14 07:30:37.348000,8.0153,8.01168,1000000,1120000
2017-09-14 07:30:37.399000,8.01562,8.0138,1500000,1000000
2017-09-14 07:30:37.500000,8.0161,8.0138,1000000,1000000
2017-09-14 07:30:37.551000,8.01702,8.01488,1000000,1000000
2017-09-14 07:30:37.881000,8.01677,8.01463,1000000,1000000
2017-09-14 07:30:38.185000,8.0169,8.01476,1000000,1000000
2017-09-14 07:30:38.512000,8.0166,8.01446,1000000,1000000
2017-09-14 07:30:38.614000,8.01793,8.01573,1000000,1000000
2017-09-14 07:30:38.868000,8.01744,8.0153,1000000,1000000
2017-09-14 07:30:39.196000,8.01749,8.01535,1000000,1000000
2017-09-14 07:30:39.533000,8.01731,8.01519,1000000,1000000
2017-09-14 07:30:39.736000,8.01749,8.01535,1000000,1000000
2017-09-14 07:30:39.939000,8.01765,8.01551,1000000,1000000
2017-09-14 07:30:40.282000,8.01796,8.01582,1000000,1000000
2017-09-14 07:30:40.815000,8.01804,8.0159,1000000,1000000
2017-09-14 07:30:41.134000,8.01814,8.016,1000000,1000000
2017-09-14 07:30:41.578000,8.01788,8.01574,1000000,1000000
2017-09-14 07:30:41.881000,8.01758,8.01546,1000000,1000000
2017-09-14 07:30:42.227000,8.01645,8.01431,1000000,1370000
2017-09-14 07:30:42.330000,8.01645,8.01431,1000000,1120000
2017-09-14 07:30:42.381000,8.01626,8.01414,1000000,1750000
2017-09-14 07:30:42.716000,8.01613,8.01414,1000000,1750000
2017-09-14 07:30:42.968000,8.01614,8.01404,1000000,1750000
2017-09-14 07:30:43.019000,8.01614,8.01404,1000000,1750000
2017-09-14 07:30:43.138000,8.01632,8.01418,1000000,1750000
2017-09-14 07:30:43.490000,8.01625,8.01411,1000000,1750000
2017-09-14 07:30:43.693000,8.01649,8.01435,1000000,1120000
2017-09-14 07:30:43.896000,8.01608,8.01396,1000000,1370000
2017-09-14 07:30:44.219000,8.01588,8.01374,1000000,1000000
2017-09-14 07:30:44.371000,8.01547,8.01333,1000000,1750000
2017-09-14 07:30:44.675000,8.01551,8.01337,1000000,1750000
2017-09-14 07:30:45.033000,8.01546,8.01332,1000000,1750000
2017-09-14 07:30:45.135000,8.01564,8.01333,1000000,1500000
2017-09-14 07:30:45.434000,8.01555,8.01341,1000000,1370000
2017-09-14 07:30:45.689000,8.0159,8.01378,1000000,1000000
2017-09-14 07:30:46.088000,8.01596,8.01382,1000000,1000000
2017-09-14 07:30:46.547000,8.01591,8.01379,1000000,1000000
2017-09-14 07:30:46.649000,8.01571,8.01357,1000000,1000000
2017-09-14 07:30:46.862000,8.01564,8.0135,1000000,1000000
2017-09-14 07:30:47.182000,8.01581,8.01369,1000000,1000000
2017-09-14 07:30:47.441000,8.01584,8.0137,1000000,1000000
2017-09-14 07:30:47.667000,8.01584,8.01372,1000000,1000000
2017-09-14 07:30:47.954000,8.01584,8.0137,1000000,1000000
2017-09-14 07:30:48.107000,8.01584,8.0137,1000000,1370000
2017-09-14 07:30:48.208000,8.01688,8.01474,1000000,1000000
2017-09-14 07:30:48.411000,8.01671,8.01457,1000000,1000000
2017-09-14 07:30:48.724000,8.01661,8.01447,1000000,1000000
2017-09-14 07:30:49.074000,8.01652,8.01438,1000000,1000000
2017-09-14 07:30:49.388000,8.01638,8.01424,1000000,1000000
2017-09-14 07:30:49.692000,8.01621,8.01415,1000000,1000000
2017-09-14 07:30:49.743000,8.01666,8.01452,1000000,1000000
2017-09-14 07:30:49.945000,8.01653,8.01439,1000000,1000000
2017-09-14 07:30:50.268000,8.01673,8.01461,1000000,1000000
2017-09-14 07:30:50.594000,8.01673,8.01459,1000000,1000000
2017-09-14 07:30:51.014000,8.01675,8.01461,1000000,1000000
2017-09-14 07:30:51.327000,8.01683,8.01469,1000000,1000000
2017-09-14 07:30:51.641000,8.0169,8.01476,1000000,1000000
2017-09-14 07:30:51.990000,8.01714,8.015,1000000,1000000
2017-09-14 07:30:52.294000,8.01745,8.01531,1000000,1000000
2017-09-14 07:30:52.596000,8.01749,8.01535,1000000,1000000
2017-09-14 07:30:52.934000,8.01752,8.0154,1000000,1000000
2017-09-14 07:30:53.277000,8.0175,8.01536,1000000,1000000
2017-09-14 07:30:53.585000,8.01754,8.0154,1000000,1000000
2017-09-14 07:30:54.141000,8.01753,8.01539,1000000,1000000
2017-09-14 07:30:54.489000,8.01756,8.01542,1000000,1000000
2017-09-14 07:30:54.808000,8.01752,8.01538,1000000,1500000
2017-09-14 07:30:55.110000,8.01758,8.01544,1000000,1000000
2017-09-14 07:30:55.434000,8.01752,8.0154,1000000,1000000
2017-09-14 07:30:55.672000,8.01754,8.0154,1000000,1000000
2017-09-14 07:30:55.984000,8.01751,8.01539,1000000,1000000
2017-09-14 07:30:56.668000,8.01751,8.01538,1000000,1000000
2017-09-14 07:30:57.027000,8.01752,8.01551,1000000,1000000
2017-09-14 07:30:57.444000,8.01755,8.01551,1000000,1000000
2017-09-14 07:30:57.786000,8.01758,8.01556,1000000,1000000
2017-09-14 07:30:58.120000,8.01765,8.01556,1000000,1000000
2017-09-14 07:30:58.170000,8.01765,8.0156,1000000,1000000
2017-09-14 07:30:58.434000,8.01767,8.01553,1000000,1000000
2017-09-14 07:30:58.636000,8.01792,8.01578,1000000,1000000
2017-09-14 07:30:58.986000,8.01788,8.01574,1000000,1000000
2017-09-14 07:30:59.334000,8.01792,8.01578,1000000,1000000
2017-09-14 07:30:59.842000,8.0179,8.01576,1000000,1000000
2017-09-14 07:31:00.178000,8.01796,8.01582,1000000,1000000
2017-09-14 07:31:00.502000,8.01866,8.01654,1000000,1000000
2017-09-14 07:31:00.856000,8.01862,8.01648,1000000,1000000
2017-09-14 07:31:00.961000,8.01834,8.01622,1000000,1000000
2017-09-14 07:31:01.264000,8.01874,8.01673,1000000,1000000
2017-09-14 07:31:01.551000,8.01874,8.0166,1000000,1000000
2017-09-14 07:31:01.856000,8.01842,8.01644,1000000,1000000
2017-09-14 07:31:01.963000,8.01842,8.01639,1000000,1000000
2017-09-14 07:31:02.174000,8.0183,8.01639,1000000,1000000
2017-09-14 07:31:02.492000,8.01827,8.01643,1000000,1000000
2017-09-14 07:31:02.544000,8.01827,8.01637,1000000,1000000
2017-09-14 07:31:02.709000,8.01813,8.01637,1000000,1000000
2017-09-14 07:31:03.039000,8.01818,8.01637,1000000,1000000
2017-09-14 07:31:03.379000,8.01819,8.01634,1000000,1000000
2017-09-14 07:31:03.918000,8.01833,8.01634,1000000,1000000
2017-09-14 07:31:04.097000,8.01833,8.01643,1000000,1000000
2017-09-14 07:31:04.249000,8.01842,8.01647,1000000,1000000
2017-09-14 07:31:04.351000,8.01842,8.01645,1000000,1000000
2017-09-14 07:31:04.452000,8.01842,8.0165,1000000,1000000
2017-09-14 07:31:04.669000,8.01859,8.01663,1000000,1000000
2017-09-14 07:31:04.720000,8.01859,8.01667,1000000,1000000
2017-09-14 07:31:04.822000,8.0187,8.01664,1250000,1000000
2017-09-14 07:31:04.873000,8.01864,8.01664,1000000,1500000
2017-09-14 07:31:05.075000,8.0189,8.01678,1000000,1000000
2017-09-14 07:31:05.126000,8.01844,8.01653,1000000,1000000
2017-09-14 07:31:05.228000,8.01844,8.01649,1000000,1000000
2017-09-14 07:31:05.462000,8.01851,8.01649,1000000,1000000
2017-09-14 07:31:05.703000,8.01717,8.01645,1000000,1000000
2017-09-14 07:31:05.905000,8.01719,8.01645,1000000,1000000
2017-09-14 07:31:05.956000,8.01719,8.01634,1000000,1000000
2017-09-14 07:31:06.007000,8.01699,8.01628,1000000,1000000
2017-09-14 07:31:06.555000,8.01698,8.01627,1000000,1000000
2017-09-14 07:31:06.874000,8.01696,8.01627,1000000,1000000
2017-09-14 07:31:07.534000,8.01694,8.01627,1000000,1000000
2017-09-14 07:31:07.844000,8.01694,8.0163,1000000,1000000
2017-09-14 07:31:08.089000,8.01714,8.01642,1000000,1000000
2017-09-14 07:31:08.304000,8.01712,8.01642,1000000,1000000
2017-09-14 07:31:08.614000,8.01712,8.01647,1000000,1000000
2017-09-14 07:31:08.665000,8.01721,8.01647,1000000,1000000
2017-09-14 07:31:08.770000,8.01721,8.0165,1000000,1000000
2017-09-14 07:31:08.971000,8.01726,8.0165,1000000,1000000
2017-09-14 07:31:09.072000,8.01726,8.01665,1000000,1000000
2017-09-14 07:31:09.332000,8.01742,8.01665,1000000,1000000
2017-09-14 07:31:09.433000,8.01742,8.01674,1000000,1000000
2017-09-14 07:31:09.535000,8.01745,8.01674,1000000,1000000
2017-09-14 07:31:09.951000,8.01749,8.01679,1000000,1000000
2017-09-14 07:31:10.002000,8.01772,8.01685,1000000,1000000
2017-09-14 07:31:10.053000,8.01772,8.01675,1000000,1000000
2017-09-14 07:31:10.305000,8.01758,8.01675,1000000,1000000
2017-09-14 07:31:10.661000,8.01738,8.01667,1000000,1000000
2017-09-14 07:31:11.067000,8.01738,8.01635,1000000,1000000
2017-09-14 07:31:11.118000,8.01738,8.01631,1000000,1000000
2017-09-14 07:31:11.168000,8.01715,8.01637,1000000,1000000
2017-09-14 07:31:11.270000,8.01715,8.01623,1000000,1000000
2017-09-14 07:31:11.516000,8.01704,8.01623,1000000,1000000
2017-09-14 07:31:11.769000,8.01704,8.0162,1000000,1000000
2017-09-14 07:31:11.871000,8.01707,8.01617,1000000,1000000
2017-09-14 07:31:11.923000,8.01707,8.01606,1000000,1000000
2017-09-14 07:31:11.974000,8.01689,8.01606,1000000,1000000
2017-09-14 07:31:12.316000,8.01688,8.01617,1000000,1000000
2017-09-14 07:31:12.633000,8.01708,8.01628,1000000,1000000
2017-09-14 07:31:12.785000,8.01708,8.01622,1000000,1000000
2017-09-14 07:31:12.836000,8.017,8.01622,1000000,1000000
2017-09-14 07:31:12.886000,8.017,8.01617,1000000,1000000
2017-09-14 07:31:12.988000,8.017,8.01629,1000000,1000000
2017-09-14 07:31:13.296000,8.01694,8.01631,1000000,1000000
2017-09-14 07:31:13.499000,8.01713,8.01631,1000000,1000000
2017-09-14 07:31:13.549000,8.01713,8.01635,1000000,1000000
2017-09-14 07:31:13.853000,8.01727,8.01645,1000000,1000000
2017-09-14 07:31:14.025000,8.01715,8.01645,1000000,1000000
2017-09-14 07:31:14.354000,8.01715,8.01649,1000000,1000000
2017-09-14 07:31:14.405000,8.01728,8.01649,1000000,1000000
2017-09-14 07:31:14.456000,8.01728,8.01645,1000000,1000000
2017-09-14 07:31:14.507000,8.01702,8.01632,1000000,1000000
2017-09-14 07:31:14.663000,8.01883,8.01747,1000000,1000000
2017-09-14 07:31:14.714000,8.01876,8.01736,1000000,1000000
2017-09-14 07:31:14.765000,8.01871,8.01736,1000000,1000000
2017-09-14 07:31:14.817000,8.01874,8.01736,1000000,1000000
2017-09-14 07:31:14.961000,8.01866,8.01736,1000000,1000000
2017-09-14 07:31:15.112000,8.01871,8.01738,1000000,1000000
2017-09-14 07:31:15.219000,8.01875,8.01738,1000000,1000000
2017-09-14 07:31:15.321000,8.01892,8.01746,1000000,1000000
2017-09-14 07:31:15.371000,8.01944,8.0181,1000000,1000000
2017-09-14 07:31:15.423000,8.01978,8.01811,1000000,1000000
2017-09-14 07:31:15.524000,8.01943,8.01797,1000000,1000000
2017-09-14 07:31:15.626000,8.01961,8.01798,1000000,1000000
2017-09-14 07:31:15.677000,8.01954,8.0179,1000000,1000000
2017-09-14 07:31:15.814000,8.01951,8.01786,1000000,1000000
2017-09-14 07:31:15.966000,8.01944,8.0178,1000000,1000000
2017-09-14 07:31:16.270000,8.01933,8.01769,1000000,1000000
2017-09-14 07:31:16.422000,8.01926,8.01761,1000000,1000000
2017-09-14 07:31:16.473000,8.01918,8.01746,1000000,1000000
2017-09-14 07:31:16.523000,8.01913,8.01742,1000000,1000000
2017-09-14 07:31:16.676000,8.01909,8.01737,1000000,1000000
2017-09-14 07:31:16.813000,8.01925,8.01739,1000000,1000000
2017-09-14 07:31:16.864000,8.01925,8.01745,1000000,1000000
2017-09-14 07:31:17.016000,8.01915,8.01725,1000000,1000000
2017-09-14 07:31:17.068000,8.01895,8.01726,1000000,1000000
2017-09-14 07:31:17.241000,8.01947,8.01756,1000000,1000000
2017-09-14 07:31:17.293000,8.0195,8.01757,1000000,1000000
2017-09-14 07:31:17.345000,8.01939,8.01757,1000000,1000000
2017-09-14 07:31:17.496000,8.01928,8.01736,1000000,1000000
2017-09-14 07:31:17.614000,8.01932,8.01719,1000000,1500000
2017-09-14 07:31:17.766000,8.01908,8.01718,1000000,1000000
2017-09-14 07:31:18.068000,8.01892,8.01713,1000000,1000000
2017-09-14 07:31:18.119000,8.01884,8.01694,1000000,1000000
2017-09-14 07:31:18.271000,8.01867,8.01692,1000000,1000000
2017-09-14 07:31:18.322000,8.01884,8.01692,1000000,1000000
2017-09-14 07:31:18.373000,8.01884,8.0168,1000000,1000000
2017-09-14 07:31:18.474000,8.0186,8.01672,1000000,1500000
2017-09-14 07:31:18.525000,8.01846,8.01656,1000000,1000000
2017-09-14 07:31:18.747000,8.0186,8.01656,1000000,1000000
2017-09-14 07:31:19,8.01868,8.01656,1000000,1000000
2017-09-14 07:31:19.051000,8.01853,8.01654,1000000,1000000
2017-09-14 07:31:19.102000,8.0185,8.01639,1000000,1000000
2017-09-14 07:31:19.153000,8.0185,8.01643,1000000,1000000
2017-09-14 07:31:19.204000,8.0185,8.01639,1000000,1000000
2017-09-14 07:31:19.305000,8.01833,8.01635,1000000,1000000
2017-09-14 07:31:19.599000,8.01833,8.01631,1000000,1000000
2017-09-14 07:31:19.650000,8.01851,8.01637,1000000,1000000
2017-09-14 07:31:19.752000,8.01847,8.01637,1000000,1000000
2017-09-14 07:31:19.904000,8.01832,8.01618,1000000,1000000
2017-09-14 07:31:20.108000,8.01834,8.01621,1000000,1000000
2017-09-14 07:31:20.429000,8.01827,8.01615,1000000,1000000
2017-09-14 07:31:20.638000,8.01827,8.01613,1000000,1000000
2017-09-14 07:31:20.739000,8.01826,8.01617,1000000,1000000
2017-09-14 07:31:21.060000,8.01807,8.01617,1000000,1000000
2017-09-14 07:31:21.218000,8.01812,8.01617,1000000,1000000
2017-09-14 07:31:21.269000,8.01803,8.01617,1000000,1000000
2017-09-14 07:31:21.471000,8.01794,8.01583,1000000,1000000
2017-09-14 07:31:21.523000,8.01794,8.01602,1000000,1000000
2017-09-14 07:31:21.834000,8.01795,8.01619,1000000,1000000
2017-09-14 07:31:21.989000,8.01814,8.01619,1000000,1000000
2017-09-14 07:31:22.160000,8.01814,8.01602,1000000,1000000
2017-09-14 07:31:22.323000,8.01812,8.016,1000000,1000000
2017-09-14 07:31:22.650000,8.01815,8.01601,1000000,1000000
2017-09-14 07:31:22.701000,8.01808,8.01601,1000000,1000000
2017-09-14 07:31:23.017000,8.01794,8.016,1000000,1000000
2017-09-14 07:31:23.068000,8.01794,8.0158,1000000,1000000
2017-09-14 07:31:23.119000,8.01789,8.01579,1000000,1000000
2017-09-14 07:31:23.422000,8.01806,8.01597,1000000,1000000
2017-09-14 07:31:23.636000,8.01816,8.01602,1000000,1000000
2017-09-14 07:31:23.967000,8.01813,8.01599,1000000,1000000
2017-09-14 07:31:24.299000,8.01804,8.01597,1000000,1000000
2017-09-14 07:31:24.606000,8.01788,8.01597,1000000,1000000
2017-09-14 07:31:24.657000,8.01805,8.01597,1000000,1000000
2017-09-14 07:31:24.897000,8.01797,8.01591,1000000,1000000
2017-09-14 07:31:24.948000,8.01802,8.01591,1000000,1000000
2017-09-14 07:31:25,8.01786,8.01576,1000000,1000000
2017-09-14 07:31:25.324000,8.01777,8.01576,1000000,1000000
2017-09-14 07:31:25.781000,8.01802,8.01594,1000000,1000000
2017-09-14 07:31:26.056000,8.0181,8.01596,1000000,1000000
2017-09-14 07:31:26.606000,8.01824,8.0161,1500000,1000000
2017-09-14 07:31:26.941000,8.01812,8.0162,1000000,1000000
2017-09-14 07:31:27.589000,8.01814,8.0162,1000000,1000000
2017-09-14 07:31:27.763000,8.01816,8.0162,1000000,1000000
2017-09-14 07:31:27.814000,8.01816,8.01602,1000000,1000000
2017-09-14 07:31:27.915000,8.01816,8.01614,1000000,1000000
2017-09-14 07:31:28.534000,8.01817,8.01614,1000000,1000000
2017-09-14 07:31:29.427000,8.01821,8.01614,1000000,1000000
2017-09-14 07:31:29.478000,8.0182,8.01636,1000000,1000000
2017-09-14 07:31:29.731000,8.01845,8.01642,1000000,1000000
2017-09-14 07:31:29.833000,8.01843,8.01642,1000000,1000000
2017-09-14 07:31:30.137000,8.01835,8.01642,1000000,1000000
2017-09-14 07:31:30.578000,8.01838,8.01642,1000000,1000000
2017-09-14 07:31:30.730000,8.01854,8.01642,1000000,1500000
2017-09-14 07:31:31.015000,8.01852,8.01642,1000000,1000000
2017-09-14 07:31:31.325000,8.01829,8.01624,1000000,1000000
2017-09-14 07:31:31.464000,8.01847,8.01638,1000000,1000000
2017-09-14 07:31:31.828000,8.01844,8.0163,1000000,1000000
2017-09-14 07:31:32.294000,8.01842,8.0163,1000000,1000000
2017-09-14 07:31:32.645000,8.01833,8.01627,1000000,1000000
2017-09-14 07:31:32.922000,8.01834,8.01624,1000000,1000000
2017-09-14 07:31:33.438000,8.01835,8.01624,1000000,1000000
2017-09-14 07:31:33.590000,8.01845,8.01639,1000000,1000000
2017-09-14 07:31:33.911000,8.01845,8.01634,1000000,1000000
2017-09-14 07:31:34.081000,8.01848,8.01634,1000000,1000000
2017-09-14 07:31:34.245000,8.01856,8.01646,1000000,1000000
2017-09-14 07:31:34.347000,8.0186,8.01647,1000000,1000000
2017-09-14 07:31:34.448000,8.01852,8.01647,1000000,1000000
2017-09-14 07:31:34.764000,8.0185,8.01647,1000000,1000000
2017-09-14 07:31:35.226000,8.01853,8.01647,1000000,1000000
2017-09-14 07:31:35.414000,8.01853,8.01651,1000000,1000000
2017-09-14 07:31:35.679000,8.01853,8.01647,1000000,1000000
2017-09-14 07:31:37.174000,8.01853,8.0165,1000000,1000000
2017-09-14 07:31:37.411000,8.01862,8.0165,1000000,1000000
2017-09-14 07:31:37.513000,8.01865,8.0167,1000000,1000000
2017-09-14 07:31:37.854000,8.0187,8.01694,1000000,1000000
2017-09-14 07:31:38.056000,8.01889,8.01694,1000000,1000000
2017-09-14 07:31:38.167000,8.01877,8.01694,1000000,1000000
2017-09-14 07:31:38.713000,8.0187,8.01694,1000000,1000000
2017-09-14 07:31:39.263000,8.01867,8.01694,1000000,1000000
2017-09-14 07:31:39.594000,8.01865,8.01694,1000000,1000000
2017-09-14 07:31:39.945000,8.01883,8.01694,1000000,1000000
2017-09-14 07:31:40.283000,8.01871,8.01694,1000000,1000000
2017-09-14 07:31:40.385000,8.01892,8.01699,1000000,1000000
2017-09-14 07:31:40.638000,8.01878,8.01679,1000000,1000000
2017-09-14 07:31:40.970000,8.01858,8.01679,1000000,1000000
2017-09-14 07:31:41.162000,8.0188,8.01679,1000000,1000000
2017-09-14 07:31:41.703000,8.01878,8.01679,1000000,1000000
2017-09-14 07:31:42.048000,8.01878,8.01691,1000000,1000000
2017-09-14 07:31:42.099000,8.01883,8.01691,1000000,1000000
2017-09-14 07:31:42.423000,8.01879,8.01691,1000000,1000000
2017-09-14 07:31:42.718000,8.01895,8.01705,1000000,1000000
2017-09-14 07:31:42.984000,8.01891,8.01705,1000000,1000000
2017-09-14 07:31:43.264000,8.01895,8.01705,1000000,1000000
2017-09-14 07:31:43.594000,8.0189,8.01705,1000000,1000000
2017-09-14 07:31:43.972000,8.0191,8.01705,1000000,1000000
2017-09-14 07:31:44.024000,8.0191,8.01723,1000000,1000000
2017-09-14 07:31:44.474000,8.01891,8.01723,1000000,1000000
2017-09-14 07:31:44.845000,8.01889,8.01723,1000000,1000000
2017-09-14 07:31:44.895000,8.01889,8.017,1000000,1000000
2017-09-14 07:31:45.048000,8.01887,8.01713,1000000,1000000
2017-09-14 07:31:45.149000,8.01913,8.01712,1000000,1000000
2017-09-14 07:31:45.358000,8.01885,8.017,1000000,1000000
2017-09-14 07:31:45.904000,8.01878,8.017,1000000,1000000
2017-09-14 07:31:46.564000,8.01877,8.017,1000000,1000000
2017-09-14 07:31:47.615000,8.01877,8.01727,1000000,1000000
2017-09-14 07:31:47.666000,8.019,8.01727,1000000,1000000
2017-09-14 07:31:47.818000,8.019,8.01705,1000000,1000000
2017-09-14 07:31:47.919000,8.01883,8.01705,1000000,1000000
2017-09-14 07:31:48.434000,8.01884,8.01705,1000000,1000000
2017-09-14 07:31:48.927000,8.01862,8.01669,1000000,1000000
2017-09-14 07:31:48.978000,8.01845,8.01669,1000000,1000000
2017-09-14 07:31:49.282000,8.01765,8.01629,1000000,1000000
2017-09-14 07:31:49.584000,8.01761,8.01629,1000000,1000000
2017-09-14 07:31:49.989000,8.01761,8.01645,1000000,1000000
2017-09-14 07:31:50.039000,8.01761,8.01627,1000000,1000000
2017-09-14 07:31:50.090000,8.01758,8.01627,1000000,1000000
2017-09-14 07:31:50.316000,8.01758,8.01625,1000000,1000000
2017-09-14 07:31:50.418000,8.01761,8.01625,1000000,1000000
2017-09-14 07:31:50.519000,8.01761,8.01653,1000000,1000000
2017-09-14 07:31:51.050000,8.01761,8.01651,1000000,1000000
2017-09-14 07:31:51.101000,8.01761,8.01635,1000000,1000000
2017-09-14 07:31:51.202000,8.01761,8.01644,1000000,1000000
2017-09-14 07:31:51.253000,8.01761,8.01633,1000000,1000000
2017-09-14 07:31:51.405000,8.01775,8.01633,1000000,1000000
2017-09-14 07:31:51.624000,8.01768,8.01633,1000000,1000000
2017-09-14 07:31:51.953000,8.01766,8.01652,1000000,1000000
2017-09-14 07:31:52.282000,8.01766,8.01668,1000000,1000000
2017-09-14 07:31:52.613000,8.01764,8.01668,1000000,1000000
2017-09-14 07:31:52.860000,8.01779,8.01678,1000000,1000000
2017-09-14 07:31:53.205000,8.01777,8.01678,1000000,1000000
2017-09-14 07:31:53.518000,8.01786,8.01687,1000000,1000000
2017-09-14 07:31:53.869000,8.01784,8.01698,1000000,1000000
2017-09-14 07:31:53.970000,8.01802,8.01698,1000000,1000000
2017-09-14 07:31:54.022000,8.01802,8.01706,1000000,1000000
2017-09-14 07:31:54.389000,8.01798,8.01711,1000000,1000000
2017-09-14 07:31:54.440000,8.01798,8.01703,1000000,1000000
2017-09-14 07:31:54.497000,8.01798,8.01707,1000000,1000000
2017-09-14 07:31:54.805000,8.01791,8.01707,1000000,1000000
2017-09-14 07:31:54.856000,8.01787,8.01702,1000000,1000000
2017-09-14 07:31:54.940000,8.01787,8.0171,1000000,1000000
2017-09-14 07:31:55.194000,8.01803,8.01707,1000000,1000000
2017-09-14 07:31:55.497000,8.01796,8.01704,1000000,1000000
2017-09-14 07:31:55.599000,8.01796,8.01681,1000000,1000000
2017-09-14 07:31:56.028000,8.01771,8.01664,1000000,1000000
2017-09-14 07:31:56.230000,8.01771,8.0166,1000000,1000000
2017-09-14 07:31:56.311000,8.01771,8.01655,1000000,1000000
2017-09-14 07:31:56.362000,8.01755,8.01655,1000000,1000000
2017-09-14 07:31:56.903000,8.0176,8.01655,1000000,1000000
2017-09-14 07:31:56.954000,8.0176,8.01676,1000000,1000000
2017-09-14 07:31:57.216000,8.0176,8.01663,1000000,1000000
2017-09-14 07:31:57.317000,8.01767,8.01663,1000000,1000000
2017-09-14 07:31:57.563000,8.01769,8.01663,1000000,1000000
2017-09-14 07:31:57.734000,8.01769,8.01673,1000000,1000000
2017-09-14 07:31:57.893000,8.01783,8.01673,1000000,1000000
2017-09-14 07:31:58.116000,8.01785,8.01673,1000000,1000000
2017-09-14 07:31:58.735000,8.01785,8.01682,1000000,1000000
2017-09-14 07:31:58.837000,8.01784,8.01675,1000000,1000000
2017-09-14 07:31:58.975000,8.01784,8.01671,1000000,1000000
2017-09-14 07:31:59.127000,8.01774,8.01671,1000000,1000000
2017-09-14 07:31:59.653000,8.01769,8.01671,1000000,1000000
2017-09-14 07:32:00.096000,8.01769,8.01666,1000000,1000000
2017-09-14 07:32:00.148000,8.01769,8.01661,1000000,1000000
2017-09-14 07:32:00.249000,8.01801,8.01662,1000000,1000000
2017-09-14 07:32:00.351000,8.01801,8.01664,1000000,1000000
2017-09-14 07:32:00.703000,8.01804,8.01673,1000000,1000000
2017-09-14 07:32:01.540000,8.01806,8.01673,1000000,1000000
2017-09-14 07:32:01.896000,8.01826,8.01673,1000000,1000000
2017-09-14 07:32:02.074000,8.01808,8.01673,1000000,1000000
2017-09-14 07:32:02.593000,8.01809,8.01673,1000000,1000000
2017-09-14 07:32:02.899000,8.01807,8.01673,1000000,1000000
2017-09-14 07:32:03.064000,8.01812,8.01673,1000000,1000000
2017-09-14 07:32:03.604000,8.01811,8.01673,1000000,1000000
2017-09-14 07:32:03.944000,8.01807,8.01673,1000000,1000000
2017-09-14 07:32:04.119000,8.01807,8.01664,1000000,1000000
2017-09-14 07:32:04.171000,8.01788,8.01664,1000000,1000000
2017-09-14 07:32:04.512000,8.01769,8.01632,1000000,1000000
2017-09-14 07:32:05.061000,8.01769,8.01633,1000000,1000000
2017-09-14 07:32:05.585000,8.0177,8.01632,1000000,1000000
2017-09-14 07:32:05.704000,8.01774,8.01632,1000000,1000000
2017-09-14 07:32:06.254000,8.01769,8.01632,1000000,1000000
2017-09-14 07:32:06.583000,8.01771,8.01632,1000000,1000000
2017-09-14 07:32:07.109000,8.01772,8.01632,1000000,1000000
2017-09-14 07:32:07.548000,8.01772,8.01644,1000000,1000000
2017-09-14 07:32:07.599000,8.01772,8.01632,1000000,1000000
2017-09-14 07:32:07.701000,8.01769,8.01634,1000000,1000000
2017-09-14 07:32:08.189000,8.01759,8.01634,1000000,1000000
2017-09-14 07:32:08.241000,8.01762,8.01634,1000000,1000000
2017-09-14 07:32:08.388000,8.01762,8.01645,1000000,1000000
2017-09-14 07:32:08.490000,8.01787,8.01645,1000000,1000000
2017-09-14 07:32:08.784000,8.0179,8.01645,1000000,1000000
2017-09-14 07:32:09.004000,8.01788,8.01645,1000000,1000000
2017-09-14 07:32:09.333000,8.01786,8.0165,1000000,1000000
2017-09-14 07:32:09.663000,8.01781,8.0165,1000000,1000000
2017-09-14 07:32:10.214000,8.01777,8.0165,1000000,1000000
2017-09-14 07:32:10.349000,8.01777,8.01645,1000000,1000000
2017-09-14 07:32:10.501000,8.01777,8.01648,1000000,1000000
2017-09-14 07:32:10.998000,8.01777,8.01643,1000000,1000000
2017-09-14 07:32:11.095000,8.01775,8.01643,1000000,1000000
2017-09-14 07:32:11.674000,8.01775,8.01649,1000000,1000000
2017-09-14 07:32:11.754000,8.01777,8.01649,1000000,1000000
2017-09-14 07:32:12.189000,8.01778,8.01657,1000000,1000000
2017-09-14 07:32:12.650000,8.01776,8.01657,1000000,1000000
2017-09-14 07:32:13.833000,8.01776,8.01652,1000000,1000000
2017-09-14 07:32:14.160000,8.01776,8.01658,1000000,1000000
2017-09-14 07:32:14.735000,8.01773,8.01658,1000000,1000000
2017-09-14 07:32:15.064000,8.0177,8.01658,1000000,1000000
2017-09-14 07:32:15.425000,8.01767,8.01658,1000000,1000000
2017-09-14 07:32:15.656000,8.01762,8.01648,1000000,1000000
2017-09-14 07:32:15.761000,8.01762,8.01643,1000000,1000000
2017-09-14 07:32:15.982000,8.01754,8.01643,1000000,1000000
2017-09-14 07:32:16.714000,8.01756,8.01647,1000000,1000000
2017-09-14 07:32:17.064000,8.01757,8.01652,1000000,1000000
2017-09-14 07:32:17.216000,8.01759,8.01652,1000000,1000000
2017-09-14 07:32:17.514000,8.01767,8.01653,1000000,1000000
2017-09-14 07:32:17.658000,8.01767,8.01656,1000000,1000000
2017-09-14 07:32:18.008000,8.01768,8.01661,1000000,1000000
2017-09-14 07:32:18.058000,8.01787,8.01664,1000000,1000000
2017-09-14 07:32:18.703000,8.01785,8.01664,1000000,1000000
2017-09-14 07:32:19.034000,8.01781,8.01664,1000000,1000000
2017-09-14 07:32:19.914000,8.0178,8.01664,1000000,1000000
2017-09-14 07:32:20.294000,8.0178,8.01674,1000000,1000000
2017-09-14 07:32:20.598000,8.01818,8.01711,1000000,1000000
2017-09-14 07:32:20.733000,8.01818,8.01708,1000000,1000000
2017-09-14 07:32:20.784000,8.01818,8.01713,1000000,1000000
2017-09-14 07:32:21.246000,8.01814,8.01713,1000000,1000000
2017-09-14 07:32:21.709000,8.01813,8.01715,1000000,1000000
2017-09-14 07:32:22.023000,8.01807,8.01713,1000000,1000000
2017-09-14 07:32:22.444000,8.01812,8.01713,1000000,1000000
2017-09-14 07:32:22.719000,8.01812,8.01722,1000000,1000000
2017-09-14 07:32:22.919000,8.01829,8.01722,1000000,1000000
2017-09-14 07:32:23.122000,8.01826,8.01722,1000000,1000000
2017-09-14 07:32:23.500000,8.01823,8.01722,1000000,1000000
2017-09-14 07:32:23.655000,8.01829,8.01722,1000000,1000000
2017-09-14 07:32:23.984000,8.01831,8.01722,1000000,1000000
2017-09-14 07:32:24.038000,8.01831,8.01727,1000000,1000000
2017-09-14 07:32:24.232000,8.01851,8.01742,1000000,1000000
2017-09-14 07:32:24.424000,8.01847,8.01743,1000000,1000000
2017-09-14 07:32:24.677000,8.01847,8.01728,1000000,1000000
2017-09-14 07:32:24.728000,8.01847,8.01708,1000000,1000000
2017-09-14 07:32:24.830000,8.01778,8.01686,1000000,1000000
2017-09-14 07:32:25.169000,8.01801,8.01715,1000000,1000000
2017-09-14 07:32:25.321000,8.01808,8.01709,1000000,1000000
2017-09-14 07:32:25.372000,8.01808,8.01699,1000000,1000000
2017-09-14 07:32:25.423000,8.01808,8.01701,1000000,1000000
2017-09-14 07:32:25.853000,8.01806,8.01705,1000000,1000000
2017-09-14 07:32:26.183000,8.01807,8.01709,1000000,1000000
2017-09-14 07:32:26.513000,8.01811,8.01713,1000000,1000000
2017-09-14 07:32:26.564000,8.01811,8.01684,1000000,1500000
2017-09-14 07:32:26.615000,8.01811,8.01681,1000000,1000000
2017-09-14 07:32:26.666000,8.01793,8.01669,1000000,1000000
2017-09-14 07:32:26.718000,8.01793,8.01661,1000000,1000000
2017-09-14 07:32:26.769000,8.0175,8.01664,1000000,1000000
2017-09-14 07:32:26.819000,8.0175,8.01659,1000000,1000000
2017-09-14 07:32:27.104000,8.01745,8.0166,1000000,1000000
2017-09-14 07:32:27.425000,8.01753,8.0166,1000000,1000000
2017-09-14 07:32:27.613000,8.01751,8.0166,1000000,1000000
2017-09-14 07:32:27.811000,8.01751,8.01647,1000000,1000000
2017-09-14 07:32:27.968000,8.01753,8.01647,1000000,1000000
2017-09-14 07:32:28.273000,8.01755,8.01647,1000000,1000000
2017-09-14 07:32:28.581000,8.01754,8.01641,1000000,1000000
2017-09-14 07:32:28.632000,8.01754,8.01636,1000000,1000000
2017-09-14 07:32:28.839000,8.01742,8.01636,1000000,1000000
2017-09-14 07:32:29.012000,8.01742,8.01632,1000000,1000000
2017-09-14 07:32:29.064000,8.01742,8.01642,1000000,1000000
2017-09-14 07:32:29.166000,8.01748,8.01642,1000000,1000000
2017-09-14 07:32:29.705000,8.01752,8.01642,1000000,1000000
2017-09-14 07:32:29.755000,8.01752,8.01644,1000000,1000000
2017-09-14 07:32:29.806000,8.01752,8.0164,1000000,1000000
2017-09-14 07:32:30.034000,8.01759,8.0164,1000000,1000000
2017-09-14 07:32:30.413000,8.01757,8.0164,1000000,1000000
2017-09-14 07:32:30.732000,8.01751,8.01624,1000000,1000000
2017-09-14 07:32:30.834000,8.01727,8.01621,1000000,1000000
2017-09-14 07:32:31.137000,8.01723,8.01621,1000000,1000000
2017-09-14 07:32:31.592000,8.01721,8.01621,1000000,1000000
2017-09-14 07:32:31.937000,8.01719,8.01627,1000000,1000000
2017-09-14 07:32:32.288000,8.0172,8.01631,1000000,1000000
2017-09-14 07:32:32.462000,8.01722,8.0163,1000000,1000000
2017-09-14 07:32:32.563000,8.0173,8.0163,1000000,1000000
2017-09-14 07:32:32.721000,8.0173,8.01632,1000000,1000000
2017-09-14 07:32:32.939000,8.01734,8.01634,1000000,1000000
2017-09-14 07:32:33.243000,8.01724,8.01633,1000000,1000000
2017-09-14 07:32:33.654000,8.01723,8.01629,1000000,1000000
2017-09-14 07:32:33.812000,8.01725,8.01629,1000000,1000000
2017-09-14 07:32:34.432000,8.01727,8.01629,1000000,1000000
2017-09-14 07:32:34.792000,8.01725,8.01629,1000000,1000000
2017-09-14 07:32:34.984000,8.01727,8.01629,1000000,1000000
2017-09-14 07:32:35.227000,8.01727,8.01658,1000000,1000000
2017-09-14 07:32:35.314000,8.01729,8.01658,1000000,1000000
2017-09-14 07:32:35.365000,8.01729,8.01633,1000000,1000000
2017-09-14 07:32:35.643000,8.01722,8.01633,1000000,1000000
2017-09-14 07:32:35.745000,8.01722,8.01628,1000000,1000000
2017-09-14 07:32:35.973000,8.01733,8.01628,1000000,1000000
2017-09-14 07:32:36.226000,8.01731,8.01628,1000000,1000000
2017-09-14 07:32:36.738000,8.01731,8.01627,1000000,1000000
2017-09-14 07:32:37.069000,8.01727,8.01627,1000000,1000000
2017-09-14 07:32:37.461000,8.01727,8.01631,1000000,1000000
2017-09-14 07:32:37.733000,8.01735,8.01631,1000000,1000000
2017-09-14 07:32:38.295000,8.01735,8.01632,1000000,1000000
2017-09-14 07:32:38.503000,8.01735,8.01639,1000000,1000000
2017-09-14 07:32:38.613000,8.01747,8.01639,1000000,1000000
2017-09-14 07:32:38.943000,8.01749,8.01639,1000000,1000000
2017-09-14 07:32:38.995000,8.01749,8.01635,1000000,1000000
2017-09-14 07:32:39.096000,8.01749,8.01643,1000000,1000000
2017-09-14 07:32:39.561000,8.01747,8.01639,1000000,1000000
2017-09-14 07:32:39.612000,8.01747,8.01643,1000000,1000000
2017-09-14 07:32:39.934000,8.0175,8.01671,1000000,1000000
2017-09-14 07:32:40.211000,8.01751,8.01645,1000000,1000000
2017-09-14 07:32:40.523000,8.01753,8.01645,1000000,1000000
2017-09-14 07:32:41.098000,8.01753,8.01672,1000000,1000000
2017-09-14 07:32:41.215000,8.01751,8.01647,1000000,1000000
2017-09-14 07:32:41.725000,8.01753,8.01647,1000000,1000000
2017-09-14 07:32:42.243000,8.01752,8.01647,1000000,1000000
2017-09-14 07:32:42.761000,8.01751,8.01673,1000000,1000000
2017-09-14 07:32:43.080000,8.0175,8.01649,1000000,1000000
2017-09-14 07:32:43.283000,8.01754,8.01649,1000000,1000000
2017-09-14 07:32:43.384000,8.01754,8.01631,1000000,1000000
2017-09-14 07:32:43.435000,8.01754,8.01657,1000000,1000000
2017-09-14 07:32:43.638000,8.0172,8.01602,1000000,1000000
2017-09-14 07:32:43.689000,8.01697,8.01592,1000000,1000000
2017-09-14 07:32:43.740000,8.01697,8.01588,1000000,1000000
2017-09-14 07:32:43.890000,8.01663,8.01588,1000000,1000000
2017-09-14 07:32:44.043000,8.0167,8.01591,1000000,1000000
2017-09-14 07:32:44.094000,8.0167,8.01593,1000000,1000000
2017-09-14 07:32:44.397000,8.01675,8.01605,1000000,1000000
2017-09-14 07:32:44.499000,8.01675,8.01599,1000000,1000000
2017-09-14 07:32:44.664000,8.0167,8.01599,1000000,1000000
2017-09-14 07:32:44.714000,8.0167,8.01574,1000000,1000000
2017-09-14 07:32:44.766000,8.0167,8.01599,1000000,1000000
2017-09-14 07:32:44.920000,8.01672,8.01599,1000000,1000000
2017-09-14 07:32:44.971000,8.01672,8.01576,1000000,1000000
2017-09-14 07:32:45.023000,8.01672,8.01603,1000000,1000000
2017-09-14 07:32:45.074000,8.01672,8.01601,1000000,1000000
2017-09-14 07:32:45.125000,8.01672,8.01608,1000000,1000000
2017-09-14 07:32:45.227000,8.01714,8.01634,1000000,1000000
2017-09-14 07:32:45.278000,8.01714,8.0163,1000000,1000000
2017-09-14 07:32:45.329000,8.01714,8.01625,1000000,1000000
2017-09-14 07:32:45.383000,8.01714,8.0162,1000000,1000000
2017-09-14 07:32:45.587000,8.01694,8.0162,1000000,1000000
2017-09-14 07:32:45.638000,8.01694,8.01615,1000000,1000000
2017-09-14 07:32:45.737000,8.01694,8.01591,1000000,1000000
2017-09-14 07:32:45.842000,8.01694,8.01616,1000000,1000000
2017-09-14 07:32:45.893000,8.01699,8.01616,1000000,1000000
2017-09-14 07:32:46.119000,8.01701,8.01616,1000000,1000000
2017-09-14 07:32:46.650000,8.017,8.01592,1000000,1000000
2017-09-14 07:32:46.811000,8.01702,8.01619,1000000,1000000
2017-09-14 07:32:46.924000,8.01702,8.01611,1000000,1000000
2017-09-14 07:32:46.976000,8.01678,8.01599,1000000,1000000
2017-09-14 07:32:47.027000,8.01678,8.01593,1000000,1000000
2017-09-14 07:32:47.079000,8.01678,8.01589,1000000,1000000
2017-09-14 07:32:47.130000,8.01661,8.01589,1000000,1000000
2017-09-14 07:32:47.644000,8.0166,8.01589,1000000,1000000
2017-09-14 07:32:47.748000,8.01663,8.01589,1000000,1000000
2017-09-14 07:32:47.800000,8.01663,8.01593,1000000,1000000
2017-09-14 07:32:47.984000,8.01672,8.01594,1000000,1000000
2017-09-14 07:32:48.035000,8.01672,8.01567,1000000,1000000
2017-09-14 07:32:48.086000,8.01672,8.01591,1000000,1000000
2017-09-14 07:32:48.624000,8.01673,8.01591,1000000,1000000
2017-09-14 07:32:48.675000,8.01673,8.01568,1000000,1000000
2017-09-14 07:32:48.776000,8.01673,8.01591,1000000,1000000
2017-09-14 07:32:48.979000,8.01684,8.01598,1000000,1000000
2017-09-14 07:32:49.292000,8.01686,8.01599,1000000,1000000
2017-09-14 07:32:49.344000,8.01686,8.01586,1000000,1000000
2017-09-14 07:32:49.396000,8.01667,8.0159,1000000,1000000
2017-09-14 07:32:49.448000,8.01667,8.01584,1000000,1000000
2017-09-14 07:32:49.600000,8.01667,8.01579,1000000,1000000
2017-09-14 07:32:49.753000,8.01647,8.01576,1000000,1000000
2017-09-14 07:32:49.956000,8.01652,8.01576,1000000,1000000
2017-09-14 07:32:50.007000,8.01652,8.01574,1000000,1000000
2017-09-14 07:32:50.074000,8.01652,8.01579,1000000,1000000
2017-09-14 07:32:50.318000,8.01656,8.01579,1000000,1000000
2017-09-14 07:32:50.386000,8.01656,8.01573,1000000,1000000
2017-09-14 07:32:50.437000,8.01656,8.01576,1000000,1000000
2017-09-14 07:32:50.538000,8.01656,8.01569,1000000,1000000
2017-09-14 07:32:50.870000,8.01657,8.01573,1000000,1000000
2017-09-14 07:32:50.972000,8.01662,8.01573,1000000,1000000
2017-09-14 07:32:51.293000,8.01661,8.01581,1000000,1000000
2017-09-14 07:32:51.395000,8.01683,8.01593,1000000,1000000
2017-09-14 07:32:51.497000,8.01683,8.01597,1000000,1000000
2017-09-14 07:32:51.598000,8.01683,8.01594,1000000,1000000
2017-09-14 07:32:51.750000,8.01678,8.01594,1000000,1000000
2017-09-14 07:32:52.058000,8.01678,8.01585,1000000,1000000
2017-09-14 07:32:52.109000,8.01678,8.01591,1000000,1000000
2017-09-14 07:32:52.443000,8.01673,8.01591,1000000,1000000
2017-09-14 07:32:52.769000,8.01673,8.01581,1000000,1000000
2017-09-14 07:32:52.820000,8.01671,8.01581,1000000,1000000
2017-09-14 07:32:53.133000,8.01673,8.01581,1000000,1000000
2017-09-14 07:32:53.318000,8.01673,8.0159,1000000,1000000
2017-09-14 07:32:53.819000,8.01672,8.0157,1000000,1000000
2017-09-14 07:32:53.921000,8.01672,8.01594,1000000,1000000
2017-09-14 07:32:54.183000,8.01671,8.01583,1000000,1000000
2017-09-14 07:32:54.284000,8.01671,8.0157,1000000,1000000
2017-09-14 07:32:54.335000,8.01671,8.01558,1000000,1000000
2017-09-14 07:32:54.387000,8.0167,8.01552,1000000,1000000
2017-09-14 07:32:54.515000,8.01677,8.01546,1000000,1000000
2017-09-14 07:32:54.566000,8.01675,8.01546,1000000,1000000
2017-09-14 07:32:54.670000,8.01675,8.01527,1000000,1000000
2017-09-14 07:32:54.771000,8.01675,8.01509,1000000,1000000
2017-09-14 07:32:54.981000,8.01667,8.01494,1000000,1000000
2017-09-14 07:32:55.033000,8.0161,8.01491,1000000,1000000
2017-09-14 07:32:55.339000,8.01594,8.01475,1000000,1000000
2017-09-14 07:32:55.643000,8.01613,8.01494,1000000,1000000
2017-09-14 07:32:55.948000,8.01622,8.01505,1000000,1000000
2017-09-14 07:32:56.056000,8.01616,8.01497,1000000,1000000
2017-09-14 07:32:56.108000,8.01613,8.01494,1000000,1000000
2017-09-14 07:32:56.409000,8.01602,8.01483,1000000,1000000
2017-09-14 07:32:56.713000,8.01615,8.01496,1000000,1000000
2017-09-14 07:32:57.075000,8.01624,8.01505,1000000,1000000
2017-09-14 07:32:57.430000,8.01615,8.01496,1000000,1000000
2017-09-14 07:32:57.737000,8.0161,8.01491,1000000,1000000
2017-09-14 07:32:58.044000,8.0169,8.01552,1250000,1000000
2017-09-14 07:32:58.095000,8.0164,8.01521,1000000,1000000
2017-09-14 07:32:58.338000,8.01693,8.01551,1000000,1000000
2017-09-14 07:32:58.642000,8.01696,8.01551,1000000,1000000
2017-09-14 07:32:58.743000,8.01696,8.01546,1000000,1000000
2017-09-14 07:32:58.996000,8.01698,8.01546,1000000,1000000
2017-09-14 07:32:59.047000,8.01698,8.01542,1000000,1000000
2017-09-14 07:32:59.098000,8.01698,8.01549,1000000,1000000
2017-09-14 07:32:59.149000,8.01698,8.01545,1000000,1000000
2017-09-14 07:32:59.301000,8.01701,8.01545,1000000,1000000
2017-09-14 07:32:59.352000,8.01701,8.01562,1000000,1000000
2017-09-14 07:32:59.459000,8.01701,8.01544,1000000,1000000
2017-09-14 07:32:59.560000,8.01703,8.01544,1000000,1000000
2017-09-14 07:32:59.864000,8.01689,8.0157,1000000,1000000
2017-09-14 07:33:00.170000,8.01696,8.01577,1000000,1000000
2017-09-14 07:33:00.221000,8.01723,8.01569,1000000,1000000
2017-09-14 07:33:00.394000,8.01729,8.01569,1000000,1000000
2017-09-14 07:33:00.730000,8.01711,8.01569,1000000,1000000
2017-09-14 07:33:01.284000,8.01712,8.01569,1000000,1000000
2017-09-14 07:33:01.603000,8.01705,8.01586,1000000,1000000
2017-09-14 07:33:01.755000,8.01713,8.01569,1000000,1000000
2017-09-14 07:33:01.869000,8.01691,8.01572,1000000,1000000
2017-09-14 07:33:02.176000,8.01698,8.01579,1000000,1000000
2017-09-14 07:33:02.540000,8.01694,8.01575,1000000,1000000
2017-09-14 07:33:02.842000,8.01711,8.01603,1000000,1000000
2017-09-14 07:33:03.225000,8.01709,8.0159,1000000,1000000
2017-09-14 07:33:03.633000,8.01706,8.01588,1000000,1000000
2017-09-14 07:33:03.975000,8.01702,8.01584,1000000,1000000
2017-09-14 07:33:04.953000,8.01708,8.01591,1000000,1000000
2017-09-14 07:33:05.270000,8.01703,8.01592,1000000,1000000
2017-09-14 07:33:05.320000,8.01703,8.01586,1000000,1000000
2017-09-14 07:33:05.487000,8.01699,8.01586,1000000,1000000
2017-09-14 07:33:05.802000,8.01703,8.01586,1000000,1000000
2017-09-14 07:33:06.308000,8.01704,8.01586,1000000,1000000
2017-09-14 07:33:06.474000,8.01696,8.01577,1000000,1000000
2017-09-14 07:33:06.524000,8.0169,8.01571,1000000,1000000
2017-09-14 07:33:07.294000,8.01691,8.01572,1000000,1000000
2017-09-14 07:33:07.597000,8.01698,8.01579,1000000,1000000
2017-09-14 07:33:07.901000,8.01686,8.01567,1000000,1000000
2017-09-14 07:33:08.253000,8.0169,8.01571,1000000,1000000
2017-09-14 07:33:08.579000,8.01694,8.01575,1000000,1000000
2017-09-14 07:33:08.882000,8.0169,8.01571,1000000,1000000
2017-09-14 07:33:09.193000,8.01681,8.01562,1000000,1000000
2017-09-14 07:33:09.902000,8.0168,8.01562,1000000,1000000
2017-09-14 07:33:10.003000,8.01685,8.01566,1000000,1000000
2017-09-14 07:33:10.206000,8.01689,8.01571,1000000,1000000
2017-09-14 07:33:10.726000,8.01698,8.01579,1000000,1000000
2017-09-14 07:33:11.090000,8.01685,8.01567,1000000,1000000
2017-09-14 07:33:11.413000,8.01704,8.01586,1000000,1000000
2017-09-14 07:33:11.515000,8.01701,8.01582,1000000,1000000
2017-09-14 07:33:11.565000,8.01697,8.01578,1000000,1000000
2017-09-14 07:33:11.869000,8.01692,8.01575,1000000,1000000
2017-09-14 07:33:11.920000,8.01702,8.01583,1000000,1000000
2017-09-14 07:33:11.971000,8.01698,8.01579,1000000,1000000
2017-09-14 07:33:12.317000,8.01698,8.0159,1000000,1000000
2017-09-14 07:33:12.418000,8.01712,8.01594,1000000,1000000
2017-09-14 07:33:12.687000,8.01716,8.01604,1000000,1000000
2017-09-14 07:33:12.857000,8.01709,8.01591,1000000,1000000
2017-09-14 07:33:13.002000,8.01701,8.01583,1000000,1000000
2017-09-14 07:33:13.479000,8.01702,8.01588,1000000,1000000
2017-09-14 07:33:13.530000,8.01701,8.01582,1000000,1000000
2017-09-14 07:33:13.858000,8.01707,8.01591,1000000,1000000
2017-09-14 07:33:14.238000,8.01704,8.01588,1000000,1000000
2017-09-14 07:33:15.261000,8.01704,8.0159,1000000,1000000
2017-09-14 07:33:15.368000,8.01707,8.0159,1000000,1000000
2017-09-14 07:33:15.707000,8.01703,8.0159,1000000,1000000
2017-09-14 07:33:16.011000,8.01708,8.01598,1000000,1000000
2017-09-14 07:33:16.233000,8.01716,8.01598,1000000,1000000
2017-09-14 07:33:16.284000,8.01711,8.01595,1000000,1000000
2017-09-14 07:33:16.401000,8.01716,8.01599,1000000,1000000
2017-09-14 07:33:16.503000,8.01719,8.01602,1000000,1000000
2017-09-14 07:33:16.807000,8.01723,8.01623,1000000,1000000
2017-09-14 07:33:16.909000,8.01745,8.01639,1000000,1000000
2017-09-14 07:33:16.961000,8.01745,8.01648,1000000,1000000
2017-09-14 07:33:17.063000,8.01744,8.01625,1000000,1000000
2017-09-14 07:33:17.114000,8.01739,8.01621,1000000,1000000
2017-09-14 07:33:17.462000,8.01736,8.01621,1000000,1000000
2017-09-14 07:33:17.795000,8.01728,8.01621,1000000,1000000
2017-09-14 07:33:17.883000,8.01733,8.01621,1000000,1000000
2017-09-14 07:33:18.421000,8.01734,8.01621,1000000,1000000
2017-09-14 07:33:18.648000,8.01735,8.01624,1000000,1000000
2017-09-14 07:33:19.093000,8.01732,8.01624,1000000,1000000
2017-09-14 07:33:19.449000,8.01734,8.01624,1000000,1000000
2017-09-14 07:33:19.854000,8.01733,8.01626,1000000,1000000
2017-09-14 07:33:20.007000,8.01751,8.01613,1000000,1000000
2017-09-14 07:33:20.058000,8.01731,8.01595,1000000,1000000
2017-09-14 07:33:20.365000,8.01666,8.01544,1000000,1000000
2017-09-14 07:33:20.416000,8.01684,8.01559,1000000,1000000
2017-09-14 07:33:20.518000,8.01676,8.01551,1000000,1000000
2017-09-14 07:33:21.085000,8.01685,8.0156,1000000,1000000
2017-09-14 07:33:21.393000,8.01668,8.01549,1000000,1000000
2017-09-14 07:33:21.728000,8.01671,8.01553,1000000,1000000
2017-09-14 07:33:21.830000,8.01678,8.01559,1000000,1000000
2017-09-14 07:33:22.006000,8.01685,8.01566,1000000,1000000
2017-09-14 07:33:22.314000,8.01676,8.01558,1000000,1000000
2017-09-14 07:33:22.365000,8.0168,8.01561,1000000,1000000
2017-09-14 07:33:22.661000,8.0169,8.01571,1000000,1000000
2017-09-14 07:33:22.974000,8.01677,8.01558,1000000,1000000
2017-09-14 07:33:23.299000,8.0168,8.01561,1000000,1000000
2017-09-14 07:33:23.662000,8.01698,8.0158,1000000,1000000
2017-09-14 07:33:23.764000,8.01684,8.01565,1000000,1000000
2017-09-14 07:33:24.174000,8.01686,8.0157,1000000,1000000
2017-09-14 07:33:24.404000,8.01693,8.01574,1000000,1000000
2017-09-14 07:33:24.727000,8.01694,8.01578,1000000,1000000
2017-09-14 07:33:25.114000,8.01694,8.01582,1000000,1000000
2017-09-14 07:33:25.165000,8.01696,8.01582,1000000,1000000
2017-09-14 07:33:25.234000,8.01691,8.01572,1000000,1000000
2017-09-14 07:33:25.285000,8.01688,8.01569,1000000,1000000
2017-09-14 07:33:25.709000,8.01694,8.01582,1000000,1000000
2017-09-14 07:33:25.822000,8.01701,8.01582,1000000,1000000
2017-09-14 07:33:25.873000,8.01713,8.01602,1000000,1000000
2017-09-14 07:33:26.038000,8.01721,8.01602,1000000,1000000
2017-09-14 07:33:26.526000,8.01703,8.01584,1000000,1000000
2017-09-14 07:33:26.832000,8.0168,8.01561,1000000,1000000
2017-09-14 07:33:27.200000,8.01686,8.01567,1000000,1000000
2017-09-14 07:33:27.536000,8.0167,8.01557,1000000,1000000
2017-09-14 07:33:27.688000,8.01676,8.01556,1000000,1000000
2017-09-14 07:33:28.004000,8.01671,8.01556,1000000,1000000
2017-09-14 07:33:28.531000,8.01672,8.01556,1000000,1000000
2017-09-14 07:33:28.663000,8.01676,8.01556,1000000,1000000
2017-09-14 07:33:30.092000,8.0167,8.01556,1000000,1000000
2017-09-14 07:33:30.430000,8.01672,8.01552,1500000,1000000
2017-09-14 07:33:31.051000,8.01671,8.01552,1000000,1000000
2017-09-14 07:33:31.221000,8.01664,8.01544,1000000,1000000
2017-09-14 07:33:31.271000,8.01657,8.01537,1000000,1000000
2017-09-14 07:33:31.600000,8.01662,8.01542,1000000,1000000
2017-09-14 07:33:32.129000,8.01667,8.01547,1000000,1000000
2017-09-14 07:33:32.815000,8.0167,8.0155,1000000,1000000
2017-09-14 07:33:33.173000,8.01675,8.01555,1000000,1000000
2017-09-14 07:33:33.570000,8.01682,8.01562,1000000,1000000
2017-09-14 07:33:34.160000,8.01683,8.01566,1000000,1000000
2017-09-14 07:33:34.211000,8.01683,8.01564,1000000,1000000
2017-09-14 07:33:34.624000,8.01685,8.01541,1000000,1000000
2017-09-14 07:33:34.675000,8.01681,8.01543,1000000,1000000
2017-09-14 07:33:34.998000,8.01648,8.01528,1000000,1000000
2017-09-14 07:33:35.300000,8.01616,8.01496,1000000,1000000
2017-09-14 07:33:35.603000,8.0161,8.0149,1000000,1000000
2017-09-14 07:33:35.906000,8.01602,8.01502,1000000,1000000
2017-09-14 07:33:35.989000,8.01619,8.01502,1000000,1000000
2017-09-14 07:33:36.253000,8.01622,8.01502,1000000,1000000
2017-09-14 07:33:36.414000,8.01618,8.01498,1000000,1000000
2017-09-14 07:33:36.734000,8.01609,8.01495,1000000,1000000
2017-09-14 07:33:37.085000,8.01608,8.01504,1000000,1000000
2017-09-14 07:33:37.136000,8.01622,8.01504,1000000,1000000
2017-09-14 07:33:37.187000,8.01618,8.01498,1000000,1000000
2017-09-14 07:33:37.463000,8.01612,8.01498,1000000,1000000
2017-09-14 07:33:37.716000,8.01659,8.01488,1000000,1000000
2017-09-14 07:33:37.767000,8.01682,8.01576,1000000,1000000
2017-09-14 07:33:37.885000,8.01679,8.01546,1000000,1000000
2017-09-14 07:33:38.037000,8.01679,8.01513,1000000,1500000
2017-09-14 07:33:38.112000,8.01676,8.01513,1000000,1500000
2017-09-14 07:33:38.641000,8.01677,8.01513,1000000,1500000
2017-09-14 07:33:38.994000,8.01672,8.01513,1000000,1500000
2017-09-14 07:33:39.723000,8.01671,8.01513,1000000,1500000
2017-09-14 07:33:40.693000,8.01677,8.01513,1000000,1500000
2017-09-14 07:33:40.744000,8.01669,8.01513,1000000,1500000
2017-09-14 07:33:40.845000,8.01673,8.01513,1000000,1500000
2017-09-14 07:33:40.896000,8.0168,8.01513,1000000,1500000
2017-09-14 07:33:40.947000,8.01685,8.01513,1000000,1500000
2017-09-14 07:33:41.048000,8.0168,8.01513,1000000,1500000
2017-09-14 07:33:41.204000,8.01691,8.01513,1000000,1500000
2017-09-14 07:33:41.255000,8.01691,8.01523,1000000,1000000
2017-09-14 07:33:41.306000,8.01697,8.01523,1000000,1000000
2017-09-14 07:33:41.357000,8.017,8.01523,1000000,1000000
2017-09-14 07:33:41.408000,8.017,8.01533,1000000,1000000
2017-09-14 07:33:41.713000,8.01698,8.01533,1000000,1000000
2017-09-14 07:33:42.327000,8.01712,8.01553,1000000,1000000
2017-09-14 07:33:42.378000,8.01715,8.01553,1000000,1500000
2017-09-14 07:33:42.429000,8.017,8.01553,1000000,1000000
2017-09-14 07:33:42.530000,8.0169,8.01541,1000000,1000000
2017-09-14 07:33:42.581000,8.01688,8.01541,1000000,1000000
2017-09-14 07:33:42.632000,8.01688,8.01533,1000000,1000000
2017-09-14 07:33:42.989000,8.01686,8.01533,1000000,1000000
2017-09-14 07:33:43.039000,8.01705,8.01533,1000000,1000000
2017-09-14 07:33:43.190000,8.01714,8.01533,1000000,1000000
2017-09-14 07:33:43.454000,8.01706,8.01533,1000000,1000000
2017-09-14 07:33:43.757000,8.01697,8.01533,1000000,1000000
2017-09-14 07:33:44.393000,8.01696,8.01533,1000000,1000000
2017-09-14 07:33:44.444000,8.01699,8.01533,1000000,1000000
2017-09-14 07:33:44.873000,8.01703,8.01533,1000000,1000000
2017-09-14 07:33:44.924000,8.01706,8.01533,1000000,1000000
2017-09-14 07:33:44.975000,8.01703,8.01533,1000000,1000000
2017-09-14 07:33:45.026000,8.01708,8.01533,1000000,1000000
2017-09-14 07:33:45.077000,8.01713,8.01533,1000000,1000000
2017-09-14 07:33:45.128000,8.01713,8.01542,1000000,1000000
2017-09-14 07:33:45.307000,8.01722,8.01542,1000000,1000000
2017-09-14 07:33:45.359000,8.01716,8.01542,1000000,1000000
2017-09-14 07:33:45.411000,8.0172,8.01542,1000000,1000000
2017-09-14 07:33:45.462000,8.01713,8.01542,1000000,1000000
2017-09-14 07:33:45.513000,8.01718,8.01542,1000000,1000000
2017-09-14 07:33:45.746000,8.01712,8.01542,1000000,1000000
2017-09-14 07:33:45.797000,8.01717,8.01542,1000000,1000000
2017-09-14 07:33:45.949000,8.01706,8.01542,1000000,1000000
2017-09-14 07:33:46,8.0171,8.01542,1000000,1000000
2017-09-14 07:33:46.592000,8.01718,8.01542,1000000,1000000
2017-09-14 07:33:46.753000,8.01714,8.01542,1000000,1000000
2017-09-14 07:33:46.855000,8.0172,8.01542,1000000,1000000
2017-09-14 07:33:47.439000,8.01723,8.01553,1000000,1000000
2017-09-14 07:33:47.775000,8.01718,8.01553,1000000,1000000
2017-09-14 07:33:48.167000,8.01724,8.01553,1000000,1000000
2017-09-14 07:33:48.218000,8.01727,8.01553,1000000,1000000
2017-09-14 07:33:48.269000,8.01725,8.01553,1000000,1000000
2017-09-14 07:33:48.419000,8.01729,8.01553,1000000,1000000
2017-09-14 07:33:48.470000,8.01716,8.01553,1000000,1000000
2017-09-14 07:33:48.571000,8.0172,8.01553,1000000,1000000
2017-09-14 07:33:48.978000,8.01724,8.01553,1000000,1000000
2017-09-14 07:33:49.052000,8.01728,8.01553,1000000,1000000
2017-09-14 07:33:49.204000,8.01722,8.01553,1000000,1000000
2017-09-14 07:33:49.615000,8.01706,8.01554,1000000,1000000
2017-09-14 07:33:49.666000,8.01721,8.01554,1000000,1000000
2017-09-14 07:33:50.174000,8.01742,8.01587,1000000,1000000
2017-09-14 07:33:50.377000,8.01735,8.01573,1000000,1000000
2017-09-14 07:33:50.478000,8.01735,8.01581,1000000,1000000
2017-09-14 07:33:50.625000,8.01735,8.01573,1000000,1000000
2017-09-14 07:33:51.212000,8.01734,8.01573,1000000,1000000
2017-09-14 07:33:51.509000,8.01736,8.01593,1000000,1000000
2017-09-14 07:33:51.560000,8.01763,8.01598,1000000,1000000
2017-09-14 07:33:51.715000,8.01763,8.01605,1000000,1000000
2017-09-14 07:33:51.766000,8.01774,8.01605,1000000,1000000
2017-09-14 07:33:52.088000,8.01769,8.01605,1000000,1000000
2017-09-14 07:33:52.310000,8.01772,8.01605,1000000,1000000
2017-09-14 07:33:52.411000,8.01774,8.01605,1000000,1000000
2017-09-14 07:33:52.462000,8.01756,8.01605,1000000,1000000
2017-09-14 07:33:52.513000,8.01773,8.01605,1000000,1000000
2017-09-14 07:33:52.670000,8.01779,8.01615,1000000,1000000
2017-09-14 07:33:52.973000,8.01837,8.01673,1000000,1000000
2017-09-14 07:33:53.278000,8.01843,8.01693,1000000,1000000
2017-09-14 07:33:53.329000,8.01849,8.01693,1000000,1000000
2017-09-14 07:33:53.576000,8.01852,8.01693,1000000,1000000
