time,ask,bid,ask_volume,bid_volume
2018-07-27 07:25:00.575000,8.79949,8.79803,1000000,1000000
2018-07-27 07:25:01.592000,8.79949,8.79806,1000000,1000000
2018-07-27 07:25:01.935000,8.79949,8.79824,1000000,1000000
2018-07-27 07:25:01.986000,8.79949,8.79814,1000000,1000000
2018-07-27 07:25:02.161000,8.79949,8.79793,1120000,1000000
2018-07-27 07:25:04.936000,8.79939,8.79793,1000000,1000000
2018-07-27 07:25:04.987000,8.79934,8.79768,1370000,1000000
2018-07-27 07:25:05.038000,8.79929,8.79771,1370000,1000000
2018-07-27 07:25:05.365000,8.79893,8.79758,1000000,1000000
2018-07-27 07:25:06.304000,8.79862,8.79758,1000000,1000000
2018-07-27 07:25:07.351000,8.79862,8.79748,1000000,1000000
2018-07-27 07:25:07.401000,8.79862,8.79751,1000000,1000000
2018-07-27 07:25:08,8.79897,8.7977,1000000,1000000
2018-07-27 07:25:08.052000,8.79897,8.79774,1000000,1000000
2018-07-27 07:25:08.219000,8.79897,8.79759,1000000,1000000
2018-07-27 07:25:08.270000,8.79897,8.79776,1000000,1000000
2018-07-27 07:25:08.588000,8.79897,8.79784,1000000,1000000
2018-07-27 07:25:08.639000,8.79935,8.79808,1000000,1000000
2018-07-27 07:25:08.690000,8.79935,8.79816,1000000,1000000
2018-07-27 07:25:08.880000,8.79935,8.7981,1000000,1000000
2018-07-27 07:25:08.994000,8.79935,8.79806,1000000,1000000
2018-07-27 07:25:09.046000,8.79935,8.79798,1000000,1000000
2018-07-27 07:25:09.149000,8.79935,8.79806,1000000,1000000
2018-07-27 07:25:09.251000,8.79973,8.79811,1370000,1000000
2018-07-27 07:25:09.551000,8.79973,8.79816,1370000,1000000
2018-07-27 07:25:09.602000,8.79973,8.79816,1370000,1000000
2018-07-27 07:25:10.378000,8.79973,8.79814,1370000,1000000
2018-07-27 07:25:14.299000,8.79973,8.79818,1370000,1000000
2018-07-27 07:25:14.541000,8.79973,8.79814,1000000,1000000
2018-07-27 07:25:14.593000,8.79973,8.79814,1370000,1000000
2018-07-27 07:25:17.436000,8.79954,8.79791,1000000,1000000
2018-07-27 07:25:17.488000,8.79954,8.79787,1370000,1000000
2018-07-27 07:25:17.797000,8.79935,8.79785,1000000,1000000
2018-07-27 07:25:18.450000,8.79935,8.79787,1000000,1000000
2018-07-27 07:25:19.468000,8.79935,8.79801,1000000,1000000
2018-07-27 07:25:19.520000,8.79935,8.79799,1000000,1000000
2018-07-27 07:25:19.572000,8.79963,8.79805,1370000,1000000
2018-07-27 07:25:19.674000,8.79963,8.79814,1370000,1000000
2018-07-27 07:25:20.016000,8.79965,8.79815,1000000,1000000
2018-07-27 07:25:20.068000,8.79965,8.79821,1000000,1000000
2018-07-27 07:25:20.269000,8.79965,8.79812,1000000,1000000
2018-07-27 07:25:20.320000,8.79965,8.79804,1000000,1000000
2018-07-27 07:25:20.372000,8.7996,8.79801,1000000,1000000
2018-07-27 07:25:20.704000,8.79951,8.79793,1370000,1000000
2018-07-27 07:25:21.002000,8.79951,8.79785,1370000,1000000
2018-07-27 07:25:21.763000,8.79934,8.79785,1000000,1000000
2018-07-27 07:25:22.310000,8.79934,8.79799,1000000,1000000
2018-07-27 07:25:22.592000,8.79934,8.79792,1000000,1000000
2018-07-27 07:25:23.846000,8.79934,8.79795,1000000,1000000
2018-07-27 07:25:24.143000,8.79934,8.7979,1000000,1000000
2018-07-27 07:25:27.552000,8.79934,8.79786,1000000,1000000
2018-07-27 07:25:28.269000,8.79934,8.79782,1120000,1000000
2018-07-27 07:25:28.611000,8.79934,8.79786,1120000,1000000
2018-07-27 07:25:29.171000,8.79934,8.79782,1120000,1000000
2018-07-27 07:25:30.977000,8.79934,8.7979,1000000,1000000
2018-07-27 07:25:31.569000,8.79934,8.79795,1000000,1000000
2018-07-27 07:25:31.922000,8.79934,8.79803,1000000,1000000
2018-07-27 07:25:32.516000,8.79934,8.79799,1000000,1000000
2018-07-27 07:25:32.769000,8.79934,8.79792,1000000,1000000
2018-07-27 07:25:37.074000,8.7995,8.79792,1370000,1000000
2018-07-27 07:25:37.293000,8.7995,8.79795,1370000,1000000
2018-07-27 07:25:37.751000,8.7995,8.79789,1370000,1000000
2018-07-27 07:25:38.012000,8.79944,8.79776,1000000,1000000
2018-07-27 07:25:38.220000,8.7995,8.79785,1370000,1000000
2018-07-27 07:25:39.945000,8.79942,8.79777,1000000,1000000
2018-07-27 07:25:39.997000,8.79935,8.79767,1000000,1370000
2018-07-27 07:25:40.153000,8.79945,8.79778,1120000,1000000
2018-07-27 07:25:40.255000,8.79945,8.79778,1370000,1000000
2018-07-27 07:25:40.570000,8.79926,8.79786,1000000,1000000
2018-07-27 07:25:41.053000,8.79926,8.79789,1000000,1000000
2018-07-27 07:25:41.256000,8.79921,8.79778,1000000,1000000
2018-07-27 07:25:41.807000,8.79921,8.79777,1000000,1000000
2018-07-27 07:25:44.186000,8.79921,8.79782,1000000,1000000
2018-07-27 07:25:46.815000,8.79921,8.79786,1000000,1000000
2018-07-27 07:25:47.358000,8.7992,8.79794,1000000,1000000
2018-07-27 07:25:50.378000,8.7992,8.79796,1000000,1000000
2018-07-27 07:25:50.491000,8.79926,8.79796,1000000,1000000
2018-07-27 07:25:50.542000,8.79926,8.79805,1000000,1000000
2018-07-27 07:25:50.643000,8.79943,8.79806,1000000,1000000
2018-07-27 07:25:51.232000,8.79943,8.79816,1000000,1000000
2018-07-27 07:25:51.514000,8.79943,8.79807,1000000,1000000
2018-07-27 07:25:51.946000,8.79927,8.79801,1000000,1000000
2018-07-27 07:25:52.168000,8.79927,8.79786,1000000,1000000
2018-07-27 07:25:55.929000,8.79927,8.79788,1000000,1000000
2018-07-27 07:25:58.111000,8.79927,8.79781,1000000,1000000
2018-07-27 07:26:00.037000,8.79876,8.79749,1000000,1000000
2018-07-27 07:26:00.142000,8.79876,8.7972,1000000,1120000
2018-07-27 07:26:00.195000,8.79876,8.79743,1000000,1000000
2018-07-27 07:26:00.246000,8.79876,8.79731,1000000,1000000
2018-07-27 07:26:01.793000,8.79876,8.79727,1000000,1000000
2018-07-27 07:26:04.003000,8.79876,8.79765,1000000,1000000
2018-07-27 07:26:04.054000,8.7989,8.79778,1000000,1000000
2018-07-27 07:26:04.105000,8.79897,8.79782,1000000,1000000
2018-07-27 07:26:04.206000,8.7991,8.79782,1000000,1000000
2018-07-27 07:26:04.641000,8.7991,8.79774,1000000,1000000
2018-07-27 07:26:05.157000,8.79891,8.79774,1000000,1000000
2018-07-27 07:26:05.208000,8.79891,8.79764,1000000,1000000
2018-07-27 07:26:05.309000,8.79891,8.79755,1000000,1000000
2018-07-27 07:26:05.411000,8.79891,8.79757,1000000,1000000
2018-07-27 07:26:05.536000,8.79891,8.79755,1000000,1000000
2018-07-27 07:26:06.353000,8.79891,8.79751,1000000,1000000
2018-07-27 07:26:07.005000,8.79891,8.79742,1000000,1000000
2018-07-27 07:26:07.107000,8.79891,8.79733,1000000,1000000
2018-07-27 07:26:07.198000,8.79873,8.79731,1000000,1000000
2018-07-27 07:26:07.659000,8.79873,8.79736,1000000,1000000
2018-07-27 07:26:08.029000,8.79865,8.79732,1000000,1000000
2018-07-27 07:26:08.679000,8.79865,8.79718,1000000,1370000
2018-07-27 07:26:08.831000,8.79865,8.79718,1000000,1000000
2018-07-27 07:26:09.926000,8.79865,8.79715,1000000,1120000
2018-07-27 07:26:12.124000,8.79854,8.79699,1000000,1370000
2018-07-27 07:26:14.179000,8.79834,8.79699,1000000,1370000
2018-07-27 07:26:14.504000,8.79865,8.79738,1000000,1000000
2018-07-27 07:26:14.831000,8.7986,8.79738,1000000,1000000
2018-07-27 07:26:16.794000,8.7986,8.79741,1000000,1000000
2018-07-27 07:26:17.899000,8.7986,8.79721,1000000,1000000
2018-07-27 07:26:17.951000,8.79838,8.79717,1000000,1000000
2018-07-27 07:26:18.006000,8.79836,8.79711,1000000,1000000
2018-07-27 07:26:19.112000,8.79836,8.79703,1000000,1370000
2018-07-27 07:26:19.163000,8.79832,8.79711,1000000,1000000
2018-07-27 07:26:19.215000,8.79836,8.79726,1000000,1370000
2018-07-27 07:26:19.318000,8.79836,8.79715,1000000,1000000
2018-07-27 07:26:19.421000,8.79844,8.79723,1000000,1000000
2018-07-27 07:26:19.651000,8.79838,8.79714,1000000,1000000
2018-07-27 07:26:19.862000,8.79838,8.79726,1000000,1000000
2018-07-27 07:26:20.170000,8.79838,8.79717,1000000,1000000
2018-07-27 07:26:20.423000,8.79838,8.79715,1000000,1000000
2018-07-27 07:26:20.474000,8.79854,8.79725,1000000,1000000
2018-07-27 07:26:20.575000,8.79854,8.79738,1000000,1000000
2018-07-27 07:26:20.976000,8.79854,8.79754,1000000,1000000
2018-07-27 07:26:21.026000,8.79882,8.79754,1000000,1000000
2018-07-27 07:26:21.378000,8.79882,8.79745,1000000,1000000
2018-07-27 07:26:21.429000,8.79864,8.79745,1000000,1000000
2018-07-27 07:26:21.480000,8.79864,8.79736,1000000,1000000
2018-07-27 07:26:21.714000,8.79864,8.79746,1000000,1000000
2018-07-27 07:26:21.765000,8.79882,8.79746,1000000,1000000
2018-07-27 07:26:22.096000,8.79882,8.79757,1000000,1000000
2018-07-27 07:26:22.281000,8.79882,8.79743,1000000,1000000
2018-07-27 07:26:22.332000,8.79884,8.79755,1000000,1000000
2018-07-27 07:26:22.382000,8.79884,8.79745,1000000,1000000
2018-07-27 07:26:22.433000,8.79871,8.79745,1000000,1000000
2018-07-27 07:26:22.484000,8.79892,8.79758,1000000,1000000
2018-07-27 07:26:22.535000,8.79892,8.79775,1000000,1000000
2018-07-27 07:26:22.739000,8.79913,8.79788,1000000,1000000
2018-07-27 07:26:22.861000,8.79913,8.79784,1000000,1000000
2018-07-27 07:26:22.964000,8.79913,8.79793,1000000,1000000
2018-07-27 07:26:23.797000,8.79913,8.79788,1000000,1000000
2018-07-27 07:26:23.848000,8.79929,8.79815,1000000,1000000
2018-07-27 07:26:23.899000,8.79929,8.79807,1000000,1000000
2018-07-27 07:26:23.950000,8.79945,8.79821,1000000,1120000
2018-07-27 07:26:24.001000,8.79945,8.79825,1000000,1000000
2018-07-27 07:26:24.315000,8.79945,8.79853,1000000,1000000
2018-07-27 07:26:24.366000,8.79963,8.79847,1000000,1000000
2018-07-27 07:26:24.519000,8.79963,8.7985,1000000,1000000
2018-07-27 07:26:24.950000,8.79963,8.79848,1000000,1000000
2018-07-27 07:26:25.001000,8.79964,8.79855,1000000,1000000
2018-07-27 07:26:25.344000,8.79964,8.79862,1000000,1000000
2018-07-27 07:26:25.878000,8.79964,8.79871,1000000,1000000
2018-07-27 07:26:26.211000,8.79999,8.79871,1000000,1000000
2018-07-27 07:26:26.262000,8.80002,8.79871,1500000,1000000
2018-07-27 07:26:26.363000,8.80002,8.79869,1500000,1000000
2018-07-27 07:26:26.669000,8.80002,8.79873,1000000,1000000
2018-07-27 07:26:26.721000,8.80036,8.79889,1000000,1000000
2018-07-27 07:26:26.804000,8.80036,8.79903,1000000,1000000
2018-07-27 07:26:27.178000,8.80026,8.79896,1000000,1000000
2018-07-27 07:26:27.228000,8.80037,8.79896,1000000,1000000
2018-07-27 07:26:27.751000,8.80037,8.79886,1000000,1000000
2018-07-27 07:26:27.904000,8.80037,8.79905,1000000,1000000
2018-07-27 07:26:28.281000,8.80037,8.79916,1000000,1000000
2018-07-27 07:26:28.475000,8.80037,8.79912,1000000,1000000
2018-07-27 07:26:28.548000,8.80037,8.79908,1000000,1000000
2018-07-27 07:26:28.855000,8.80037,8.79912,1000000,1000000
2018-07-27 07:26:29.276000,8.80037,8.79908,1000000,1000000
2018-07-27 07:26:29.328000,8.80037,8.7992,1000000,1000000
2018-07-27 07:26:29.705000,8.80037,8.79955,1000000,1000000
2018-07-27 07:26:29.757000,8.80078,8.79958,1000000,1000000
2018-07-27 07:26:29.885000,8.80078,8.79954,1000000,1000000
2018-07-27 07:26:29.936000,8.80078,8.79958,1000000,1000000
2018-07-27 07:26:29.987000,8.80078,8.79952,1000000,1000000
2018-07-27 07:26:30.089000,8.80078,8.79963,1000000,1000000
2018-07-27 07:26:30.140000,8.80078,8.79938,1000000,1000000
2018-07-27 07:26:30.191000,8.80078,8.79933,1000000,1000000
2018-07-27 07:26:30.244000,8.80078,8.79919,1000000,1000000
2018-07-27 07:26:30.466000,8.80078,8.79919,1370000,1000000
2018-07-27 07:26:30.517000,8.80078,8.79919,1370000,1000000
2018-07-27 07:26:30.568000,8.80078,8.79913,1370000,1000000
2018-07-27 07:26:30.619000,8.80069,8.79907,1000000,1000000
2018-07-27 07:26:31.086000,8.80078,8.79918,1000000,1000000
2018-07-27 07:26:31.265000,8.80075,8.79912,1000000,1000000
2018-07-27 07:26:31.368000,8.80053,8.79912,1000000,1000000
2018-07-27 07:26:31.612000,8.80053,8.79909,1000000,1370000
2018-07-27 07:26:31.663000,8.80053,8.79919,1000000,1000000
2018-07-27 07:26:31.970000,8.80053,8.79931,1000000,1000000
2018-07-27 07:26:32.251000,8.80078,8.79942,1000000,1000000
2018-07-27 07:26:32.403000,8.80078,8.79951,1000000,1000000
2018-07-27 07:26:34.747000,8.80097,8.79974,1000000,1000000
2018-07-27 07:26:34.850000,8.80106,8.79977,1000000,1000000
2018-07-27 07:26:37.345000,8.80106,8.79971,1000000,1000000
2018-07-27 07:26:37.798000,8.80106,8.79974,1000000,1000000
2018-07-27 07:26:38.970000,8.80106,8.7998,1000000,1000000
2018-07-27 07:26:39.929000,8.80126,8.7998,1000000,1000000
2018-07-27 07:26:39.981000,8.80126,8.7999,1000000,1000000
2018-07-27 07:26:40.210000,8.80151,8.8001,1000000,1000000
2018-07-27 07:26:41.025000,8.80161,8.8001,1000000,1000000
2018-07-27 07:26:41.587000,8.8016,8.80002,1000000,1000000
2018-07-27 07:26:41.726000,8.80161,8.80005,1000000,1000000
2018-07-27 07:26:42.164000,8.80161,8.80009,1000000,1000000
2018-07-27 07:26:42.551000,8.80161,8.80018,1000000,1000000
2018-07-27 07:26:42.757000,8.80161,8.80007,1000000,1000000
2018-07-27 07:26:43.490000,8.80133,8.80007,1000000,1000000
2018-07-27 07:26:44.022000,8.80133,8.80017,1000000,1000000
2018-07-27 07:26:44.326000,8.80158,8.80026,1000000,1000000
2018-07-27 07:26:45.361000,8.80158,8.8003,1000000,1000000
2018-07-27 07:26:45.527000,8.80158,8.80026,1000000,1000000
2018-07-27 07:26:46.796000,8.80158,8.80025,1000000,1000000
2018-07-27 07:26:50.193000,8.80158,8.80023,1000000,1000000
2018-07-27 07:26:50.244000,8.80158,8.80009,1370000,1000000
2018-07-27 07:26:50.346000,8.80127,8.79999,1000000,1000000
2018-07-27 07:26:50.448000,8.80127,8.79982,1000000,1000000
2018-07-27 07:26:50.550000,8.80127,8.79976,1000000,1000000
2018-07-27 07:26:50.601000,8.80127,8.79969,1000000,1000000
2018-07-27 07:26:50.734000,8.80099,8.79944,1000000,1000000
2018-07-27 07:26:51.044000,8.80099,8.7998,1000000,1000000
2018-07-27 07:26:51.148000,8.80099,8.79976,1000000,1000000
2018-07-27 07:26:51.200000,8.80099,8.79971,1000000,1000000
2018-07-27 07:26:51.306000,8.80122,8.79971,1000000,1000000
2018-07-27 07:26:51.712000,8.80122,8.79976,1000000,1000000
2018-07-27 07:26:52.345000,8.80122,8.79974,1000000,1000000
2018-07-27 07:26:55.908000,8.80122,8.79973,1000000,1000000
2018-07-27 07:26:56.537000,8.80122,8.79965,1000000,1000000
2018-07-27 07:26:58.049000,8.80122,8.7997,1000000,1000000
2018-07-27 07:26:58.101000,8.80121,8.79954,1000000,1000000
2018-07-27 07:26:58.153000,8.80091,8.79937,1000000,1000000
2018-07-27 07:26:58.461000,8.80062,8.7992,1000000,1000000
2018-07-27 07:26:58.512000,8.80062,8.79905,1000000,1120000
2018-07-27 07:26:58.563000,8.80059,8.79896,1500000,1000000
2018-07-27 07:26:59.109000,8.80043,8.7991,1000000,1000000
2018-07-27 07:26:59.211000,8.80062,8.79922,1000000,1000000
2018-07-27 07:26:59.414000,8.80062,8.7991,1000000,1370000
2018-07-27 07:26:59.465000,8.80043,8.79901,1000000,1000000
2018-07-27 07:27:00.716000,8.80027,8.79895,1000000,1000000
2018-07-27 07:27:00.767000,8.80027,8.79888,1000000,1000000
2018-07-27 07:27:00.818000,8.80018,8.79888,1000000,1000000
2018-07-27 07:27:01.209000,8.80027,8.79888,1000000,1000000
2018-07-27 07:27:01.311000,8.80016,8.79888,1000000,1000000
2018-07-27 07:27:01.362000,8.80027,8.79888,1000000,1000000
2018-07-27 07:27:01.517000,8.80027,8.79874,1000000,1000000
2018-07-27 07:27:03.950000,8.80027,8.79869,1000000,1000000
2018-07-27 07:27:04.001000,8.80027,8.79865,1000000,1120000
2018-07-27 07:27:04.353000,8.80027,8.79873,1000000,1000000
2018-07-27 07:27:04.788000,8.80027,8.79884,1000000,1000000
2018-07-27 07:27:07.294000,8.80027,8.79892,1000000,1000000
2018-07-27 07:27:11.325000,8.80008,8.7989,1370000,1000000
2018-07-27 07:27:11.377000,8.80027,8.79866,1500000,1370000
2018-07-27 07:27:11.429000,8.80007,8.7988,1000000,1000000
2018-07-27 07:27:11.481000,8.80007,8.79871,1000000,1000000
2018-07-27 07:27:11.532000,8.79942,8.79826,1000000,1000000
2018-07-27 07:27:11.790000,8.79933,8.79777,1120000,1000000
2018-07-27 07:27:12.033000,8.79942,8.79777,1500000,1000000
2018-07-27 07:27:12.084000,8.79932,8.79767,1370000,1000000
2018-07-27 07:27:12.395000,8.79923,8.79758,1370000,1000000
2018-07-27 07:27:12.446000,8.79921,8.79756,1370000,1000000
2018-07-27 07:27:13.627000,8.7991,8.79745,1370000,1000000
2018-07-27 07:27:14.769000,8.79901,8.79738,1000000,1000000
2018-07-27 07:27:15.386000,8.79901,8.79738,1370000,1000000
2018-07-27 07:27:15.541000,8.79892,8.79726,1000000,1000000
2018-07-27 07:27:16.794000,8.7989,8.79725,1000000,1000000
2018-07-27 07:27:22.345000,8.79883,8.79723,1000000,1000000
2018-07-27 07:27:22.914000,8.79891,8.79726,1000000,1000000
2018-07-27 07:27:22.966000,8.79908,8.79743,1370000,1000000
2018-07-27 07:27:23.068000,8.79904,8.79739,1000000,1000000
2018-07-27 07:27:23.119000,8.79904,8.79739,1370000,1000000
2018-07-27 07:27:23.170000,8.79899,8.79734,1370000,1000000
2018-07-27 07:27:23.273000,8.79893,8.79728,1000000,1000000
2018-07-27 07:27:24.145000,8.79897,8.79732,1370000,1000000
2018-07-27 07:27:25.160000,8.79923,8.79769,1000000,1000000
2018-07-27 07:27:25.610000,8.79923,8.7976,1000000,1000000
2018-07-27 07:27:25.713000,8.79923,8.79769,1370000,1000000
2018-07-27 07:27:25.764000,8.79923,8.79765,1370000,1000000
2018-07-27 07:27:25.815000,8.79923,8.79772,1000000,1000000
2018-07-27 07:27:25.917000,8.79936,8.79788,1370000,1000000
2018-07-27 07:27:26.280000,8.79935,8.7977,1120000,1000000
2018-07-27 07:27:27.684000,8.79936,8.7978,1000000,1000000
2018-07-27 07:27:27.989000,8.79952,8.79839,1000000,1000000
2018-07-27 07:27:28.039000,8.80002,8.79839,1000000,1000000
2018-07-27 07:27:28.090000,8.80002,8.7988,1000000,1000000
2018-07-27 07:27:28.143000,8.80028,8.79879,1370000,1000000
2018-07-27 07:27:28.195000,8.80028,8.79899,1370000,1000000
2018-07-27 07:27:28.247000,8.80028,8.79899,1000000,1000000
2018-07-27 07:27:28.299000,8.80028,8.7989,1000000,1000000
2018-07-27 07:27:28.351000,8.80055,8.7989,1000000,1000000
2018-07-27 07:27:28.496000,8.80055,8.7989,1370000,1000000
2018-07-27 07:27:28.547000,8.80059,8.79895,1000000,1370000
2018-07-27 07:27:28.598000,8.80059,8.79911,1000000,1000000
2018-07-27 07:27:28.852000,8.80085,8.79926,1000000,1000000
2018-07-27 07:27:28.903000,8.80078,8.79913,1000000,1000000
2018-07-27 07:27:29.055000,8.80078,8.79915,1000000,1000000
2018-07-27 07:27:29.458000,8.80083,8.79924,1000000,1000000
2018-07-27 07:27:29.509000,8.8008,8.79914,1000000,1000000
2018-07-27 07:27:30.134000,8.80085,8.79942,1000000,1000000
2018-07-27 07:27:30.467000,8.80122,8.79957,1000000,1000000
2018-07-27 07:27:30.568000,8.80122,8.79957,1370000,1000000
2018-07-27 07:27:30.885000,8.8011,8.79958,1000000,1000000
2018-07-27 07:27:31.276000,8.8011,8.79969,1000000,1000000
2018-07-27 07:27:31.327000,8.80126,8.79969,1000000,1000000
2018-07-27 07:27:31.843000,8.80126,8.79966,1000000,1120000
2018-07-27 07:27:31.894000,8.80126,8.79969,1000000,1000000
2018-07-27 07:27:32.254000,8.80126,8.79981,1000000,1000000
2018-07-27 07:27:32.356000,8.80126,8.79971,1000000,1000000
2018-07-27 07:27:33.419000,8.80126,8.79975,1000000,1000000
2018-07-27 07:27:33.866000,8.80133,8.79979,1000000,1120000
2018-07-27 07:27:34.475000,8.80125,8.79961,1000000,1370000
2018-07-27 07:27:34.527000,8.80111,8.79961,1000000,1000000
2018-07-27 07:27:34.578000,8.80106,8.79949,1000000,1370000
2018-07-27 07:27:34.630000,8.80104,8.7994,1000000,1000000
2018-07-27 07:27:34.681000,8.80106,8.79949,1000000,1000000
2018-07-27 07:27:34.822000,8.80103,8.79939,1370000,1000000
2018-07-27 07:27:34.874000,8.80082,8.79939,1000000,1000000
2018-07-27 07:27:35.180000,8.80082,8.79943,1000000,1000000
2018-07-27 07:27:35.589000,8.80082,8.79949,1000000,1000000
2018-07-27 07:27:35.645000,8.80106,8.79959,1000000,1000000
2018-07-27 07:27:36.232000,8.80111,8.79977,1000000,1000000
2018-07-27 07:27:36.418000,8.8014,8.79975,1000000,1870000
2018-07-27 07:27:36.469000,8.80148,8.79992,1000000,1000000
2018-07-27 07:27:36.571000,8.80148,8.79996,1000000,1000000
2018-07-27 07:27:36.622000,8.80148,8.79992,1000000,1000000
2018-07-27 07:27:36.723000,8.80148,8.79996,1000000,1000000
2018-07-27 07:27:37.025000,8.80148,8.8,1000000,1000000
2018-07-27 07:27:37.212000,8.80148,8.7999,1000000,1000000
2018-07-27 07:27:37.579000,8.80148,8.79993,1000000,1000000
2018-07-27 07:27:37.902000,8.80148,8.79996,1000000,1000000
2018-07-27 07:27:37.953000,8.80148,8.79994,1000000,1000000
2018-07-27 07:27:38.315000,8.80148,8.79998,1000000,1000000
2018-07-27 07:27:38.366000,8.80148,8.79983,1500000,1000000
2018-07-27 07:27:38.418000,8.80139,8.79974,1000000,1370000
2018-07-27 07:27:38.469000,8.80139,8.79974,1000000,1000000
2018-07-27 07:27:39.040000,8.80141,8.79977,1000000,1000000
2018-07-27 07:27:39.419000,8.80141,8.79979,1000000,1000000
2018-07-27 07:27:40.879000,8.80141,8.79977,1000000,1000000
2018-07-27 07:27:41.272000,8.80141,8.79977,1000000,1370000
2018-07-27 07:27:41.470000,8.80141,8.79979,1000000,1000000
2018-07-27 07:27:41.522000,8.80139,8.79974,1000000,1370000
2018-07-27 07:27:41.573000,8.80131,8.79969,1000000,1000000
2018-07-27 07:27:41.727000,8.80131,8.79966,1000000,1000000
2018-07-27 07:27:41.983000,8.8014,8.79975,1120000,1000000
2018-07-27 07:27:42.401000,8.80141,8.79982,1370000,1000000
2018-07-27 07:27:43.174000,8.80138,8.7999,1000000,1000000
2018-07-27 07:27:43.467000,8.80138,8.79986,1000000,1000000
2018-07-27 07:27:43.518000,8.80148,8.8,1000000,1000000
2018-07-27 07:27:43.671000,8.80157,8.8,1000000,1000000
2018-07-27 07:27:43.875000,8.80157,8.80007,1000000,1000000
2018-07-27 07:27:43.949000,8.80157,8.80004,1000000,1000000
2018-07-27 07:27:44.001000,8.80157,8.80008,1000000,1000000
2018-07-27 07:27:44.455000,8.80157,8.80001,1000000,1000000
2018-07-27 07:27:45.083000,8.80153,8.79988,1000000,1000000
2018-07-27 07:27:45.134000,8.80149,8.79984,1000000,1000000
2018-07-27 07:27:45.440000,8.80131,8.7999,1000000,1000000
2018-07-27 07:27:45.804000,8.80151,8.7999,1000000,1000000
2018-07-27 07:27:46.177000,8.80145,8.79982,1000000,1000000
2018-07-27 07:27:46.425000,8.80149,8.79984,1000000,1000000
2018-07-27 07:27:46.479000,8.80144,8.79979,1000000,1000000
2018-07-27 07:27:47.060000,8.80151,8.79998,1000000,1000000
2018-07-27 07:27:47.253000,8.80151,8.79988,1000000,1000000
2018-07-27 07:27:47.305000,8.80143,8.7998,1870000,1000000
2018-07-27 07:27:47.357000,8.80132,8.79967,1000000,1000000
2018-07-27 07:27:47.461000,8.80122,8.79967,1000000,1000000
2018-07-27 07:27:49.230000,8.80122,8.79979,1000000,1000000
2018-07-27 07:27:51.345000,8.80122,8.79965,1500000,1000000
2018-07-27 07:27:51.396000,8.80106,8.79959,1000000,1000000
2018-07-27 07:27:51.447000,8.80105,8.79949,1000000,1000000
2018-07-27 07:27:51.805000,8.801,8.79949,1000000,1000000
2018-07-27 07:27:51.946000,8.80115,8.79958,1000000,1000000
2018-07-27 07:27:52.149000,8.80119,8.79962,1370000,1000000
2018-07-27 07:27:52.703000,8.80122,8.79971,1370000,1000000
2018-07-27 07:27:54.677000,8.80122,8.79961,1370000,1000000
2018-07-27 07:27:55.929000,8.80122,8.79969,1370000,1000000
2018-07-27 07:27:57.101000,8.80122,8.79978,1370000,1000000
2018-07-27 07:27:59.107000,8.80122,8.79978,1000000,1000000
2018-07-27 07:27:59.159000,8.80122,8.79986,1000000,1000000
2018-07-27 07:27:59.479000,8.80122,8.79965,1370000,1000000
2018-07-27 07:27:59.838000,8.80122,8.7997,1370000,1000000
2018-07-27 07:28:00.201000,8.80122,8.79982,1000000,1000000
2018-07-27 07:28:00.253000,8.80122,8.79973,1500000,1000000
2018-07-27 07:28:00.304000,8.80105,8.79945,1000000,1000000
2018-07-27 07:28:00.356000,8.8012,8.79941,1370000,1370000
2018-07-27 07:28:00.459000,8.80115,8.79941,1000000,1370000
2018-07-27 07:28:00.765000,8.80091,8.79941,1000000,1370000
2018-07-27 07:28:01.366000,8.80091,8.7994,1000000,1000000
2018-07-27 07:28:05.477000,8.8009,8.7994,1000000,1000000
2018-07-27 07:28:05.528000,8.80074,8.79924,1000000,1000000
2018-07-27 07:28:07.294000,8.80074,8.79925,1000000,1000000
2018-07-27 07:28:09.960000,8.80074,8.79923,1000000,1000000
2018-07-27 07:28:10.017000,8.80074,8.79916,1000000,1000000
2018-07-27 07:28:10.592000,8.80074,8.79917,1000000,1000000
2018-07-27 07:28:11.149000,8.80074,8.79916,1000000,1000000
2018-07-27 07:28:14.076000,8.80074,8.79921,1000000,1000000
2018-07-27 07:28:15.280000,8.80074,8.79926,1000000,1000000
2018-07-27 07:28:15.595000,8.80094,8.79949,1000000,1000000
2018-07-27 07:28:16.794000,8.80094,8.79947,1000000,1000000
2018-07-27 07:28:20.414000,8.80094,8.79949,1000000,1000000
2018-07-27 07:28:20.466000,8.8011,8.79945,1000000,1000000
2018-07-27 07:28:20.518000,8.80089,8.7994,1000000,1000000
2018-07-27 07:28:20.569000,8.80089,8.79924,1500000,1000000
2018-07-27 07:28:20.620000,8.80089,8.79934,1000000,1000000
2018-07-27 07:28:22.294000,8.80089,8.79929,1000000,1000000
2018-07-27 07:28:24.981000,8.80093,8.7994,1000000,1000000
2018-07-27 07:28:25.032000,8.80093,8.79936,1000000,1000000
2018-07-27 07:28:25.185000,8.80084,8.79927,1000000,1000000
2018-07-27 07:28:25.578000,8.80079,8.79927,1000000,1000000
2018-07-27 07:28:25.879000,8.80079,8.79937,1000000,1000000
2018-07-27 07:28:25.981000,8.80079,8.79933,1000000,1000000
2018-07-27 07:28:29.253000,8.80084,8.79933,1000000,1000000
2018-07-27 07:28:29.652000,8.80084,8.79937,1000000,1000000
2018-07-27 07:28:30.986000,8.80095,8.79982,1000000,1000000
2018-07-27 07:28:31.037000,8.80109,8.79982,1000000,1000000
2018-07-27 07:28:31.088000,8.80114,8.79982,1000000,1000000
2018-07-27 07:28:31.141000,8.80097,8.79953,1000000,1370000
2018-07-27 07:28:31.499000,8.80097,8.79981,1000000,1000000
2018-07-27 07:28:31.551000,8.80118,8.79986,1000000,1000000
2018-07-27 07:28:31.603000,8.80118,8.79982,1000000,1000000
2018-07-27 07:28:31.770000,8.80118,8.79962,1000000,1000000
2018-07-27 07:28:31.821000,8.80118,8.79986,1000000,1000000
2018-07-27 07:28:32.193000,8.80118,8.7999,1000000,1000000
2018-07-27 07:28:32.244000,8.80118,8.79982,1000000,1000000
2018-07-27 07:28:32.347000,8.801,8.79953,1000000,1000000
2018-07-27 07:28:32.399000,8.801,8.79942,1000000,1000000
2018-07-27 07:28:32.510000,8.801,8.79952,1000000,1000000
2018-07-27 07:28:32.561000,8.801,8.79942,1000000,1000000
2018-07-27 07:28:32.646000,8.801,8.79952,1000000,1000000
2018-07-27 07:28:32.876000,8.801,8.79942,1000000,1000000
2018-07-27 07:28:32.927000,8.80103,8.79945,1000000,1000000
2018-07-27 07:28:33.248000,8.80103,8.79953,1000000,1000000
2018-07-27 07:28:33.589000,8.80084,8.7994,1000000,1000000
2018-07-27 07:28:34.007000,8.80084,8.7993,1000000,1000000
2018-07-27 07:28:34.534000,8.80084,8.79934,1000000,1000000
2018-07-27 07:28:34.585000,8.80091,8.79934,1000000,1000000
2018-07-27 07:28:35.020000,8.80091,8.7993,1000000,1000000
2018-07-27 07:28:35.140000,8.80091,8.79926,1000000,1000000
2018-07-27 07:28:36.913000,8.80091,8.7993,1000000,1000000
2018-07-27 07:28:37.247000,8.8005,8.799,1000000,1000000
2018-07-27 07:28:37.298000,8.8005,8.79898,1000000,1000000
2018-07-27 07:28:38.451000,8.8005,8.79907,1000000,1000000
2018-07-27 07:28:39.085000,8.8005,8.79909,1000000,1000000
2018-07-27 07:28:39.392000,8.8005,8.79915,1000000,1000000
2018-07-27 07:28:39.647000,8.8005,8.79909,1000000,1000000
2018-07-27 07:28:39.698000,8.8005,8.79915,1000000,1000000
2018-07-27 07:28:40.018000,8.8005,8.79917,1000000,1000000
2018-07-27 07:28:40.321000,8.8005,8.79922,1000000,1000000
2018-07-27 07:28:40.883000,8.8005,8.79919,1000000,1000000
2018-07-27 07:28:41.044000,8.8005,8.79926,1000000,1000000
2018-07-27 07:28:41.398000,8.8005,8.79919,1000000,1000000
2018-07-27 07:28:41.550000,8.8005,8.79915,1000000,1000000
2018-07-27 07:28:41.601000,8.8005,8.7991,1000000,1000000
2018-07-27 07:28:41.652000,8.8005,8.79915,1000000,1000000
2018-07-27 07:28:42.133000,8.8005,8.79909,1000000,1000000
2018-07-27 07:28:42.184000,8.8005,8.79915,1000000,1000000
2018-07-27 07:28:42.338000,8.8005,8.79909,1000000,1000000
2018-07-27 07:28:42.695000,8.8005,8.79906,1000000,1000000
2018-07-27 07:28:43.907000,8.80029,8.799,1000000,1000000
2018-07-27 07:28:43.958000,8.80029,8.79892,1000000,1000000
2018-07-27 07:28:44.066000,8.80029,8.79889,1000000,1000000
2018-07-27 07:28:44.118000,8.80029,8.79879,1000000,1000000
2018-07-27 07:28:44.220000,8.80006,8.7987,1000000,1000000
2018-07-27 07:28:44.336000,8.80006,8.79864,1000000,1000000
2018-07-27 07:28:44.542000,8.80006,8.7986,1500000,1000000
2018-07-27 07:28:45.052000,8.80006,8.79851,1500000,1000000
2018-07-27 07:28:45.103000,8.80006,8.79856,1500000,1000000
2018-07-27 07:28:45.154000,8.80006,8.79851,1500000,1000000
2018-07-27 07:28:48.233000,8.80006,8.79861,1500000,1000000
2018-07-27 07:28:49.624000,8.80006,8.79869,1500000,1000000
2018-07-27 07:28:49.778000,8.80006,8.79858,1500000,1000000
2018-07-27 07:28:49.865000,8.80006,8.7986,1500000,1000000
2018-07-27 07:28:49.917000,8.80006,8.79858,1500000,1000000
2018-07-27 07:28:50.019000,8.80006,8.79862,1500000,1000000
2018-07-27 07:28:50.071000,8.80006,8.79858,1500000,1000000
2018-07-27 07:28:50.122000,8.80006,8.79862,1500000,1000000
2018-07-27 07:28:50.539000,8.80006,8.79858,1500000,1000000
2018-07-27 07:28:50.590000,8.80006,8.79863,1500000,1000000
2018-07-27 07:28:50.848000,8.80006,8.79858,1500000,1000000
2018-07-27 07:28:50.951000,8.80006,8.79862,1500000,1000000
2018-07-27 07:28:51.123000,8.80006,8.79858,1500000,1000000
2018-07-27 07:28:51.174000,8.80006,8.79862,1500000,1000000
2018-07-27 07:28:51.418000,8.80006,8.79859,1500000,1000000
2018-07-27 07:28:51.521000,8.80006,8.79862,1500000,1000000
2018-07-27 07:28:52.286000,8.80006,8.79854,1500000,1000000
2018-07-27 07:28:52.339000,8.79961,8.79832,1000000,1000000
2018-07-27 07:28:52.391000,8.79961,8.7983,1000000,1000000
2018-07-27 07:28:52.443000,8.79961,8.79827,1000000,1000000
2018-07-27 07:28:52.497000,8.79965,8.79821,1000000,1000000
2018-07-27 07:28:52.548000,8.79965,8.79817,1000000,1000000
2018-07-27 07:28:52.696000,8.79965,8.79813,1000000,1000000
2018-07-27 07:28:55.134000,8.79965,8.79822,1000000,1000000
2018-07-27 07:28:55.729000,8.79965,8.79813,1000000,1000000
2018-07-27 07:28:55.909000,8.79965,8.79825,1000000,1000000
2018-07-27 07:28:55.961000,8.79976,8.79817,1000000,1000000
2018-07-27 07:28:56.013000,8.79983,8.79817,1000000,1000000
2018-07-27 07:28:56.851000,8.79983,8.79826,1000000,1000000
2018-07-27 07:28:56.902000,8.80003,8.79836,1000000,1000000
2018-07-27 07:28:57.085000,8.79984,8.79836,1000000,1000000
2018-07-27 07:28:57.136000,8.79983,8.79817,1000000,1000000
2018-07-27 07:28:57.188000,8.80003,8.79836,1000000,1000000
2018-07-27 07:28:57.405000,8.79983,8.79826,1000000,1000000
2018-07-27 07:28:57.457000,8.80006,8.79839,1500000,1000000
2018-07-27 07:28:57.662000,8.79986,8.7982,1000000,1000000
2018-07-27 07:28:57.867000,8.80006,8.79839,1500000,1000000
2018-07-27 07:28:58.101000,8.79985,8.79827,1000000,1000000
2018-07-27 07:28:58.409000,8.79982,8.79824,1000000,1000000
2018-07-27 07:28:58.711000,8.80001,8.79843,1000000,1000000
2018-07-27 07:28:59.036000,8.79981,8.79825,1000000,1370000
2018-07-27 07:28:59.087000,8.80001,8.79843,1000000,1000000
2018-07-27 07:28:59.261000,8.79982,8.79828,1000000,1000000
2018-07-27 07:28:59.567000,8.79982,8.79824,1000000,1000000
2018-07-27 07:28:59.619000,8.79982,8.79824,1000000,1370000
2018-07-27 07:28:59.823000,8.80001,8.79843,1000000,1000000
2018-07-27 07:28:59.876000,8.80006,8.79863,1000000,1000000
2018-07-27 07:29:00.031000,8.80001,8.79843,1000000,1000000
2018-07-27 07:29:00.148000,8.80001,8.79859,1000000,1000000
2018-07-27 07:29:00.200000,8.79982,8.79824,1000000,1000000
2018-07-27 07:29:01.350000,8.8,8.79842,1000000,1000000
2018-07-27 07:29:01.683000,8.8,8.79845,1000000,1000000
2018-07-27 07:29:02.027000,8.8,8.79853,1000000,1000000
2018-07-27 07:29:02.720000,8.8,8.79854,1000000,1000000
2018-07-27 07:29:04.098000,8.8,8.79853,1000000,1000000
2018-07-27 07:29:04.303000,8.79924,8.79751,1000000,1000000
2018-07-27 07:29:04.355000,8.79924,8.79751,1370000,1000000
2018-07-27 07:29:04.696000,8.79949,8.79769,1120000,1000000
2018-07-27 07:29:05.413000,8.79931,8.79771,1370000,1000000
2018-07-27 07:29:05.720000,8.79931,8.79788,1000000,1000000
2018-07-27 07:29:05.771000,8.7996,8.79759,1370000,1000000
2018-07-27 07:29:05.822000,8.7996,8.79775,1370000,1000000
2018-07-27 07:29:06.153000,8.79935,8.79768,1370000,1000000
2018-07-27 07:29:06.205000,8.79935,8.79762,1370000,1000000
2018-07-27 07:29:06.257000,8.79935,8.79762,1750000,1000000
2018-07-27 07:29:07.059000,8.79935,8.79765,1750000,1000000
2018-07-27 07:29:07.615000,8.79935,8.79767,1750000,1000000
2018-07-27 07:29:07.865000,8.79935,8.7976,1750000,1000000
2018-07-27 07:29:08.019000,8.79935,8.79754,1750000,1000000
2018-07-27 07:29:09.250000,8.79935,8.79759,1750000,1000000
2018-07-27 07:29:09.393000,8.79896,8.79729,1370000,1000000
2018-07-27 07:29:09.444000,8.79896,8.79733,1370000,1000000
2018-07-27 07:29:09.495000,8.79896,8.79733,1000000,1000000
2018-07-27 07:29:10.255000,8.79932,8.79733,1000000,1000000
2018-07-27 07:29:10.376000,8.79923,8.79724,1000000,1000000
2018-07-27 07:29:10.699000,8.79923,8.79724,1370000,1000000
2018-07-27 07:29:11.187000,8.79935,8.79726,1370000,1000000
2018-07-27 07:29:11.879000,8.79916,8.79707,1000000,1000000
2018-07-27 07:29:11.930000,8.79921,8.79713,1120000,1000000
2018-07-27 07:29:12.098000,8.79916,8.79707,1120000,1000000
2018-07-27 07:29:12.233000,8.7992,8.79711,1370000,1000000
2018-07-27 07:29:12.537000,8.79927,8.79719,1370000,1000000
2018-07-27 07:29:14.019000,8.79935,8.79726,1370000,1000000
2018-07-27 07:29:14.662000,8.79899,8.79724,1000000,1000000
2018-07-27 07:29:15.100000,8.79899,8.7972,1500000,1000000
2018-07-27 07:29:15.213000,8.79899,8.79732,1000000,1000000
2018-07-27 07:29:15.620000,8.79895,8.79704,1000000,1000000
2018-07-27 07:29:15.672000,8.79887,8.79699,1000000,1000000
2018-07-27 07:29:15.866000,8.79839,8.79616,1000000,1000000
2018-07-27 07:29:16.171000,8.79832,8.79609,1000000,1000000
2018-07-27 07:29:16.273000,8.79822,8.79587,1000000,1370000
2018-07-27 07:29:16.325000,8.79824,8.79655,1000000,1000000
2018-07-27 07:29:16.427000,8.79831,8.79625,1000000,1000000
2018-07-27 07:29:16.581000,8.79835,8.79624,1000000,1000000
2018-07-27 07:29:16.954000,8.79835,8.79652,1000000,1000000
2018-07-27 07:29:17.106000,8.79875,8.79666,1120000,1000000
2018-07-27 07:29:17.312000,8.79885,8.79675,1370000,1000000
2018-07-27 07:29:17.515000,8.799,8.7969,1370000,1000000
2018-07-27 07:29:17.755000,8.79904,8.79693,1370000,1000000
2018-07-27 07:29:18.551000,8.79923,8.79695,1750000,1000000
2018-07-27 07:29:19.588000,8.79919,8.79691,1750000,1000000
2018-07-27 07:29:19.691000,8.7993,8.79702,1370000,1000000
2018-07-27 07:29:20.340000,8.79927,8.79699,1370000,1000000
2018-07-27 07:29:21.923000,8.79925,8.79716,1370000,1000000
2018-07-27 07:29:22.686000,8.79933,8.79724,1370000,1000000
2018-07-27 07:29:23.184000,8.79897,8.79724,1000000,1000000
2018-07-27 07:29:23.891000,8.79897,8.79718,1000000,1000000
2018-07-27 07:29:24.141000,8.79948,8.79703,1370000,1000000
2018-07-27 07:29:24.193000,8.79948,8.79734,1000000,1000000
2018-07-27 07:29:24.441000,8.79972,8.79747,1000000,1000000
2018-07-27 07:29:24.543000,8.79972,8.79743,1000000,1000000
2018-07-27 07:29:24.594000,8.7999,8.79737,1120000,1000000
2018-07-27 07:29:25.001000,8.79992,8.79737,1750000,1000000
2018-07-27 07:29:25.052000,8.8,8.79741,1120000,1000000
2018-07-27 07:29:25.103000,8.79968,8.79717,1370000,1000000
2018-07-27 07:29:25.221000,8.79967,8.79721,1370000,1000000
2018-07-27 07:29:25.830000,8.79963,8.79717,1370000,1000000
2018-07-27 07:29:25.933000,8.79963,8.79722,1370000,1000000
2018-07-27 07:29:26.874000,8.79969,8.79693,1370000,1370000
2018-07-27 07:29:26.924000,8.79966,8.79724,1000000,1000000
2018-07-27 07:29:27.228000,8.79965,8.79774,1000000,1000000
2018-07-27 07:29:27.742000,8.79965,8.79791,1000000,1000000
2018-07-27 07:29:27.912000,8.80005,8.79795,1000000,1000000
2018-07-27 07:29:27.963000,8.80016,8.79802,1000000,1000000
2018-07-27 07:29:28.015000,8.80028,8.7979,1000000,1000000
2018-07-27 07:29:28.067000,8.80024,8.79804,1000000,1000000
2018-07-27 07:29:28.118000,8.80054,8.79806,1000000,1120000
2018-07-27 07:29:29.590000,8.8002,8.79788,1000000,1000000
2018-07-27 07:29:29.901000,8.80017,8.79799,1000000,1000000
2018-07-27 07:29:30.054000,8.80014,8.79777,1000000,1000000
2018-07-27 07:29:30.106000,8.79998,8.79747,1000000,1000000
2018-07-27 07:29:30.157000,8.79968,8.79747,1000000,1000000
2018-07-27 07:29:30.298000,8.80018,8.79719,1000000,1000000
2018-07-27 07:29:30.349000,8.80013,8.79713,1000000,1000000
2018-07-27 07:29:30.400000,8.80021,8.79737,1000000,1000000
2018-07-27 07:29:30.707000,8.80029,8.79747,1000000,1000000
2018-07-27 07:29:30.810000,8.80026,8.79743,1000000,1000000
2018-07-27 07:29:31.363000,8.80028,8.79747,1000000,1000000
2018-07-27 07:29:31.896000,8.80029,8.79692,1000000,1370000
2018-07-27 07:29:31.998000,8.80029,8.79758,1000000,1000000
2018-07-27 07:29:32.318000,8.80035,8.79695,1000000,1370000
2018-07-27 07:29:32.774000,8.80031,8.79695,1000000,1000000
2018-07-27 07:29:33.380000,8.80033,8.79697,1000000,1000000
2018-07-27 07:29:34.345000,8.80036,8.79644,1000000,1120000
2018-07-27 07:29:34.600000,8.80066,8.79663,1750000,1820000
2018-07-27 07:29:38.593000,8.80079,8.79644,1120000,1200000
2018-07-27 07:29:38.785000,8.80091,8.79625,1750000,1950000
2018-07-27 07:29:38.837000,8.80091,8.79625,1370000,1820000
2018-07-27 07:29:40.728000,8.80063,8.79663,1000000,1570000
2018-07-27 07:29:40.934000,8.80101,8.79656,1620000,1070000
2018-07-27 07:29:40.985000,8.80106,8.79656,1120000,1070000
2018-07-27 07:29:41.365000,8.80097,8.79632,1370000,1200000
2018-07-27 07:29:45.124000,8.80054,8.79677,1000000,1370000
2018-07-27 07:29:46.896000,8.80054,8.79623,1000000,1120000
2018-07-27 07:29:46.991000,8.80054,8.79583,1000000,1450000
2018-07-27 07:29:47.083000,8.80054,8.79583,1000000,1370000
2018-07-27 07:29:47.135000,8.80054,8.79583,1000000,1000000
2018-07-27 07:29:47.193000,8.80054,8.79573,1000000,1070000
2018-07-27 07:29:47.716000,8.80054,8.79583,1000000,1000000
2018-07-27 07:29:47.825000,8.80107,8.79613,1250000,1000000
2018-07-27 07:29:47.876000,8.80108,8.79599,1000000,1000000
2018-07-27 07:29:47.928000,8.80145,8.79638,1000000,1000000
2018-07-27 07:29:48.260000,8.80353,8.79718,1120000,1190000
2018-07-27 07:29:48.311000,8.80353,8.79946,1120000,1000000
2018-07-27 07:29:48.361000,8.80353,8.79653,1120000,1940000
2018-07-27 07:29:48.412000,8.80353,8.80024,1120000,1000000
2018-07-27 07:29:48.517000,8.81071,8.80621,1000000,1120000
2018-07-27 07:29:48.568000,8.80353,8.8012,1120000,1000000
2018-07-27 07:29:48.619000,8.80507,8.79693,1120000,1190000
2018-07-27 07:29:48.669000,8.80703,8.80496,2250000,1000000
2018-07-27 07:29:48.720000,8.80787,8.80219,1370000,1000000
2018-07-27 07:29:48.836000,8.80875,8.80244,1370000,1990000
2018-07-27 07:29:48.894000,8.8053,8.79915,1650000,2260000
2018-07-27 07:29:48.944000,8.80475,8.7998,1000000,1000000
2018-07-27 07:29:49.150000,8.80624,8.79633,1000000,1000000
2018-07-27 07:29:49.251000,8.80625,8.79598,1000000,1000000
2018-07-27 07:29:49.427000,8.80655,8.79598,1370000,1370000
2018-07-27 07:29:49.937000,8.80596,8.79587,1000000,1800000
2018-07-27 07:29:50.137000,8.80597,8.79606,1000000,1000000
2018-07-27 07:29:50.470000,8.80427,8.79606,1480000,1000000
2018-07-27 07:29:50.820000,8.80322,8.79533,1000000,1000000
2018-07-27 07:29:51.292000,8.80322,8.79543,1000000,1000000
2018-07-27 07:29:53.293000,8.80322,8.7954,1000000,1000000
2018-07-27 07:29:54.081000,8.80295,8.7954,1000000,1000000
2018-07-27 07:29:54.455000,8.80274,8.7954,1000000,1000000
2018-07-27 07:29:55.110000,8.80327,8.7954,1250000,1000000
2018-07-27 07:29:55.162000,8.80327,8.79458,1250000,1690000
2018-07-27 07:29:55.213000,8.80464,8.79458,1000000,1500000
2018-07-27 07:29:55.265000,8.80596,8.79453,1000000,1000000
2018-07-27 07:29:55.367000,8.80596,8.79473,1000000,1000000
2018-07-27 07:29:56.165000,8.80623,8.79473,1080000,1000000
2018-07-27 07:29:56.496000,8.80623,8.79483,1080000,1000000
2018-07-27 07:29:57.379000,8.80623,8.79503,1080000,1000000
2018-07-27 07:29:57.699000,8.80623,8.79514,1080000,1000000
2018-07-27 07:29:58.068000,8.80623,8.79503,1080000,1000000
2018-07-27 07:29:58.562000,8.80623,8.79513,1080000,1000000
2018-07-27 07:29:58.612000,8.80596,8.79513,1100000,1000000
2018-07-27 07:29:59.109000,8.80615,8.79513,1000000,1000000
2018-07-27 07:29:59.649000,8.80615,8.79493,1000000,1000000
2018-07-27 07:30:00.018000,8.80615,8.79483,1000000,1000000
2018-07-27 07:30:00.264000,8.80615,8.79493,1000000,1000000
2018-07-27 07:30:00.705000,8.80615,8.79483,1000000,1000000
2018-07-27 07:30:00.756000,8.80595,8.79483,1000000,1000000
2018-07-27 07:30:00.807000,8.80595,8.79473,1000000,1000000
2018-07-27 07:30:01.146000,8.80595,8.79483,1000000,1000000
2018-07-27 07:30:01.590000,8.80605,8.79494,1800000,1000000
2018-07-27 07:30:01.752000,8.80625,8.79504,1000000,1000000
2018-07-27 07:30:01.903000,8.80631,8.79523,1000000,1000000
2018-07-27 07:30:02.414000,8.80631,8.79543,1000000,1000000
2018-07-27 07:30:02.861000,8.80631,8.79573,1000000,1000000
2018-07-27 07:30:03.164000,8.80631,8.79613,1000000,1000000
2018-07-27 07:30:03.614000,8.80631,8.79623,1000000,1000000
2018-07-27 07:30:04.203000,8.80631,8.79633,1000000,1000000
2018-07-27 07:30:04.269000,8.80631,8.79623,1000000,1000000
2018-07-27 07:30:04.598000,8.80631,8.79633,1000000,1000000
2018-07-27 07:30:05.367000,8.80631,8.79603,1000000,1000000
2018-07-27 07:30:05.725000,8.80631,8.79604,1080000,1000000
2018-07-27 07:30:05.776000,8.80631,8.79583,1080000,1000000
2018-07-27 07:30:05.903000,8.80631,8.79583,1000000,1000000
2018-07-27 07:30:06.299000,8.80631,8.79573,1000000,1000000
2018-07-27 07:30:06.352000,8.80631,8.79583,1000000,1000000
2018-07-27 07:30:06.659000,8.80627,8.79655,1000000,1000000
2018-07-27 07:30:06.864000,8.80603,8.79623,1000000,1000000
2018-07-27 07:30:06.915000,8.80505,8.79573,1000000,1000000
2018-07-27 07:30:07.018000,8.80603,8.79614,1000000,1000000
2018-07-27 07:30:07.069000,8.80601,8.79614,1000000,1000000
2018-07-27 07:30:07.222000,8.80602,8.79583,1000000,1000000
2018-07-27 07:30:07.274000,8.80603,8.79683,1000000,1000000
2018-07-27 07:30:07.325000,8.80603,8.79664,1000000,1000000
2018-07-27 07:30:07.404000,8.80603,8.79613,1000000,1000000
2018-07-27 07:30:07.456000,8.80603,8.79593,1000000,1000000
2018-07-27 07:30:07.793000,8.80602,8.79583,1000000,1000000
2018-07-27 07:30:08.045000,8.80602,8.79593,1000000,1000000
2018-07-27 07:30:08.118000,8.80602,8.79583,1000000,1000000
2018-07-27 07:30:08.355000,8.80602,8.79573,1000000,1000000
2018-07-27 07:30:08.450000,8.80602,8.79603,1000000,1000000
2018-07-27 07:30:08.760000,8.80746,8.79723,1000000,1000000
2018-07-27 07:30:08.861000,8.80875,8.79704,1000000,1000000
2018-07-27 07:30:09.036000,8.80952,8.79717,1000000,1000000
2018-07-27 07:30:09.087000,8.81149,8.79764,1000000,1000000
2018-07-27 07:30:09.138000,8.81149,8.79767,1000000,1000000
2018-07-27 07:30:09.451000,8.81267,8.80617,2370000,220000
2018-07-27 07:30:09.553000,8.81212,8.80349,1000000,220000
2018-07-27 07:30:09.694000,8.81173,8.8029,1000000,220000
2018-07-27 07:30:09.746000,8.81259,8.80266,1000000,1220000
2018-07-27 07:30:09.797000,8.81432,8.80415,1000000,220000
2018-07-27 07:30:09.848000,8.81436,8.80415,2250000,220000
2018-07-27 07:30:09.900000,8.81527,8.79784,1000000,1290000
2018-07-27 07:30:09.951000,8.81631,8.79767,1000000,1290000
2018-07-27 07:30:10.002000,8.81646,8.79905,1500000,1410000
2018-07-27 07:30:10.104000,8.81849,8.80034,1500000,1500000
2018-07-27 07:30:10.156000,8.81937,8.80239,1000000,750000
2018-07-27 07:30:10.258000,8.81947,8.80239,1000000,1000000
2018-07-27 07:30:10.477000,8.82047,8.80683,1000000,1000000
2018-07-27 07:30:10.791000,8.81957,8.80447,1000000,1800000
2018-07-27 07:30:10.893000,8.81986,8.80447,1000000,1800000
2018-07-27 07:30:10.944000,8.81987,8.80747,1000000,1450000
2018-07-27 07:30:11.369000,8.82007,8.80747,1000000,1820000
2018-07-27 07:30:11.492000,8.81997,8.80651,1000000,1370000
2018-07-27 07:30:11.593000,8.81987,8.80631,1000000,2060000
2018-07-27 07:30:11.721000,8.81837,8.80448,1000000,1370000
2018-07-27 07:30:11.772000,8.81907,8.80204,1370000,1120000
2018-07-27 07:30:11.873000,8.81877,8.80808,1000000,220000
2018-07-27 07:30:11.977000,8.81937,8.80673,3750000,1220000
2018-07-27 07:30:12.028000,8.81929,8.80845,1000000,220000
2018-07-27 07:30:12.080000,8.81929,8.80736,1000000,220000
2018-07-27 07:30:12.191000,8.81841,8.80736,1000000,220000
2018-07-27 07:30:12.243000,8.81817,8.80203,1000000,1370000
2018-07-27 07:30:12.294000,8.81763,8.80168,1000000,1370000
2018-07-27 07:30:12.642000,8.81642,8.80391,1000000,1000000
2018-07-27 07:30:12.840000,8.8165,8.80381,1000000,1000000
2018-07-27 07:30:13.042000,8.81586,8.80381,1000000,1000000
2018-07-27 07:30:13.470000,8.81566,8.80381,1000000,1000000
2018-07-27 07:30:13.778000,8.81316,8.80394,2650000,1900000
2018-07-27 07:30:14.096000,8.8138,8.80569,1000000,1070000
2018-07-27 07:30:14.301000,8.81336,8.80432,1120000,1370000
2018-07-27 07:30:14.457000,8.81435,8.80432,1000000,1070000
2018-07-27 07:30:14.508000,8.8134,8.80344,1000000,1370000
2018-07-27 07:30:14.815000,8.81287,8.80344,1000000,1070000
2018-07-27 07:30:15.120000,8.81287,8.80475,1000000,1260000
2018-07-27 07:30:15.428000,8.81153,8.80598,1000000,1000000
2018-07-27 07:30:15.741000,8.81041,8.80486,1000000,1000000
2018-07-27 07:30:15.894000,8.81053,8.80497,1000000,1000000
2018-07-27 07:30:16.046000,8.81064,8.80508,1000000,1000000
2018-07-27 07:30:16.383000,8.81068,8.80512,1000000,1000000
2018-07-27 07:30:16.752000,8.81077,8.80522,1000000,1000000
2018-07-27 07:30:17.018000,8.8109,8.8053,1000000,1000000
2018-07-27 07:30:17.233000,8.81094,8.80531,1000000,1000000
2018-07-27 07:30:17.336000,8.81127,8.80481,1000000,1070000
2018-07-27 07:30:17.437000,8.81129,8.80573,1000000,1000000
2018-07-27 07:30:17.539000,8.81173,8.80618,1000000,1000000
2018-07-27 07:30:17.641000,8.81158,8.80602,1000000,1000000
2018-07-27 07:30:17.919000,8.81188,8.80633,1000000,1000000
2018-07-27 07:30:18.109000,8.81191,8.80635,1000000,1000000
2018-07-27 07:30:18.559000,8.81194,8.80638,1000000,1000000
2018-07-27 07:30:18.864000,8.81185,8.80629,1000000,1000000
2018-07-27 07:30:19.269000,8.81183,8.80629,1000000,1000000
2018-07-27 07:30:19.625000,8.81183,8.80627,1000000,1000000
2018-07-27 07:30:20.201000,8.81184,8.80628,1000000,1000000
2018-07-27 07:30:20.529000,8.812,8.80646,1000000,1000000
2018-07-27 07:30:20.731000,8.81195,8.8064,1000000,1000000
2018-07-27 07:30:21.038000,8.81113,8.80604,1250000,1000000
2018-07-27 07:30:21.141000,8.81043,8.80489,1000000,1000000
2018-07-27 07:30:21.344000,8.81051,8.80468,1370000,1000000
2018-07-27 07:30:21.754000,8.81052,8.80454,1370000,1000000
2018-07-27 07:30:22.145000,8.81034,8.80468,1370000,1000000
2018-07-27 07:30:22.347000,8.81042,8.80463,1370000,1000000
2018-07-27 07:30:22.538000,8.8102,8.80458,1370000,1000000
2018-07-27 07:30:22.734000,8.8101,8.80454,1000000,1000000
2018-07-27 07:30:22.969000,8.81008,8.80452,1000000,1000000
2018-07-27 07:30:23.339000,8.81003,8.80447,1000000,1000000
2018-07-27 07:30:23.662000,8.80994,8.80446,1000000,1000000
2018-07-27 07:30:23.800000,8.80994,8.80444,1000000,1000000
2018-07-27 07:30:23.852000,8.80984,8.80444,1000000,1000000
2018-07-27 07:30:24.156000,8.80982,8.8045,1000000,1000000
2018-07-27 07:30:24.207000,8.80991,8.8045,1000000,1000000
2018-07-27 07:30:24.393000,8.80991,8.80452,1000000,1000000
2018-07-27 07:30:24.596000,8.80998,8.80457,1000000,1000000
2018-07-27 07:30:24.721000,8.80979,8.80457,1000000,1000000
2018-07-27 07:30:24.772000,8.8102,8.80469,1000000,1000000
2018-07-27 07:30:24.823000,8.80953,8.80469,1000000,1000000
2018-07-27 07:30:24.873000,8.80977,8.80469,1000000,1000000
2018-07-27 07:30:24.974000,8.80977,8.8046,1000000,1000000
2018-07-27 07:30:25.025000,8.80928,8.8046,1000000,1000000
2018-07-27 07:30:25.076000,8.80939,8.8046,1000000,1000000
2018-07-27 07:30:25.177000,8.80939,8.80465,1000000,1000000
2018-07-27 07:30:25.428000,8.80972,8.80461,1000000,1000000
2018-07-27 07:30:25.479000,8.80929,8.80461,1000000,1000000
2018-07-27 07:30:25.580000,8.80929,8.80459,1000000,1000000
2018-07-27 07:30:25.635000,8.80969,8.80459,1000000,1000000
2018-07-27 07:30:25.686000,8.80926,8.80459,1000000,1000000
2018-07-27 07:30:25.787000,8.80926,8.80456,1000000,1000000
2018-07-27 07:30:26.274000,8.81008,8.8054,1000000,1000000
2018-07-27 07:30:26.578000,8.80944,8.80625,1000000,1000000
2018-07-27 07:30:26.629000,8.81015,8.80596,1000000,1500000
2018-07-27 07:30:26.680000,8.81087,8.80596,1000000,1500000
2018-07-27 07:30:26.781000,8.81087,8.80608,1000000,1000000
2018-07-27 07:30:27.045000,8.81107,8.80623,1000000,1000000
2018-07-27 07:30:27.096000,8.81107,8.80633,1000000,1000000
2018-07-27 07:30:27.147000,8.81144,8.80633,1000000,1000000
2018-07-27 07:30:27.198000,8.81144,8.80639,1000000,1000000
2018-07-27 07:30:27.316000,8.81166,8.8063,1000000,1000000
2018-07-27 07:30:27.417000,8.81145,8.80601,1000000,1000000
2018-07-27 07:30:27.467000,8.81148,8.80621,1000000,1000000
2018-07-27 07:30:27.569000,8.81209,8.80662,1000000,1000000
2018-07-27 07:30:27.842000,8.8121,8.80655,1500000,1000000
2018-07-27 07:30:27.990000,8.8121,8.80657,1000000,1000000
2018-07-27 07:30:28.209000,8.8121,8.80655,1500000,1000000
2018-07-27 07:30:28.372000,8.8121,8.80657,1000000,1000000
2018-07-27 07:30:28.715000,8.81192,8.80659,1000000,1000000
2018-07-27 07:30:28.829000,8.81195,8.80659,1000000,1000000
2018-07-27 07:30:28.880000,8.81195,8.80664,1000000,1000000
2018-07-27 07:30:29.086000,8.81209,8.80663,1000000,1000000
2018-07-27 07:30:29.137000,8.81207,8.80663,1000000,1000000
2018-07-27 07:30:29.473000,8.81268,8.80717,1070000,1000000
2018-07-27 07:30:29.575000,8.81246,8.80716,1090000,1000000
2018-07-27 07:30:29.626000,8.81246,8.80724,1000000,1000000
2018-07-27 07:30:29.788000,8.81246,8.80715,1000000,1000000
2018-07-27 07:30:29.988000,8.81246,8.80713,1000000,1000000
2018-07-27 07:30:30.039000,8.81208,8.80713,1000000,1000000
2018-07-27 07:30:30.141000,8.81212,8.80713,1000000,1000000
2018-07-27 07:30:30.192000,8.81212,8.80699,1000000,1000000
2018-07-27 07:30:30.294000,8.81225,8.80699,1000000,1000000
2018-07-27 07:30:30.427000,8.81225,8.80691,1000000,1000000
2018-07-27 07:30:30.585000,8.81225,8.80697,1000000,1000000
2018-07-27 07:30:30.687000,8.81252,8.80711,1000000,1000000
2018-07-27 07:30:30.740000,8.81252,8.80697,1000000,1000000
2018-07-27 07:30:30.791000,8.81248,8.80692,1000000,1000000
2018-07-27 07:30:30.842000,8.81181,8.80692,1000000,1000000
2018-07-27 07:30:30.994000,8.8113,8.80602,1000000,1000000
2018-07-27 07:30:31.045000,8.81093,8.80601,1000000,1000000
2018-07-27 07:30:31.371000,8.81069,8.80641,1000000,1000000
2018-07-27 07:30:31.977000,8.81096,8.80661,1000000,1000000
2018-07-27 07:30:32.028000,8.81099,8.80661,1000000,1000000
2018-07-27 07:30:32.206000,8.81089,8.80661,1000000,1000000
2018-07-27 07:30:32.376000,8.81099,8.80661,1000000,1000000
2018-07-27 07:30:32.570000,8.81099,8.80671,1000000,1000000
2018-07-27 07:30:32.919000,8.81117,8.80691,1000000,1000000
2018-07-27 07:30:33.490000,8.81119,8.80691,1000000,1000000
2018-07-27 07:30:35.318000,8.81117,8.80691,1000000,1000000
2018-07-27 07:30:35.654000,8.81088,8.80671,1000000,1000000
2018-07-27 07:30:35.975000,8.81084,8.80671,1000000,1000000
2018-07-27 07:30:36.305000,8.8108,8.80671,1000000,1000000
2018-07-27 07:30:36.623000,8.81007,8.8072,1000000,1000000
2018-07-27 07:30:36.838000,8.81012,8.80722,1000000,1000000
2018-07-27 07:30:37.016000,8.81015,8.80726,1000000,1000000
2018-07-27 07:30:37.067000,8.81023,8.80733,1000000,1000000
2018-07-27 07:30:37.119000,8.81027,8.80726,1000000,1000000
2018-07-27 07:30:37.520000,8.81033,8.80731,1000000,1000000
2018-07-27 07:30:37.571000,8.81038,8.80737,1000000,1000000
2018-07-27 07:30:38.030000,8.81042,8.80741,1000000,1000000
2018-07-27 07:30:38.413000,8.81048,8.80753,1000000,1000000
2018-07-27 07:30:38.464000,8.81048,8.80746,1000000,1000000
2018-07-27 07:30:38.515000,8.81057,8.80725,1000000,1000000
2018-07-27 07:30:38.566000,8.8105,8.80714,1000000,1000000
2018-07-27 07:30:38.668000,8.81046,8.80738,1000000,1000000
2018-07-27 07:30:39.004000,8.81042,8.80738,1000000,1000000
2018-07-27 07:30:39.072000,8.81039,8.80734,1000000,1000000
2018-07-27 07:30:40.703000,8.81042,8.80738,1000000,1000000
2018-07-27 07:30:41.049000,8.81034,8.80738,1000000,1000000
2018-07-27 07:30:41.779000,8.81034,8.80721,1000000,1000000
2018-07-27 07:30:41.830000,8.81033,8.80738,1000000,1000000
2018-07-27 07:30:41.881000,8.8103,8.80734,1000000,1000000
2018-07-27 07:30:41.933000,8.81025,8.80735,1000000,1000000
2018-07-27 07:30:42.910000,8.81005,8.80736,1000000,1000000
2018-07-27 07:30:43.217000,8.80904,8.80671,1000000,1000000
2018-07-27 07:30:43.556000,8.80957,8.80728,1000000,1000000
2018-07-27 07:30:43.812000,8.80967,8.80728,1000000,1000000
2018-07-27 07:30:43.966000,8.80967,8.80722,1000000,1000000
2018-07-27 07:30:44.017000,8.80967,8.80711,1000000,1000000
2018-07-27 07:30:44.219000,8.80967,8.80709,1000000,1000000
2018-07-27 07:30:45.012000,8.80967,8.8069,1000000,1000000
2018-07-27 07:30:45.064000,8.80989,8.80643,1000000,1000000
2018-07-27 07:30:45.115000,8.80922,8.80587,1000000,1000000
2018-07-27 07:30:45.166000,8.80944,8.80583,1000000,1100000
2018-07-27 07:30:45.217000,8.80944,8.80601,1000000,1000000
2018-07-27 07:30:45.523000,8.80921,8.80601,1000000,1000000
2018-07-27 07:30:45.574000,8.80921,8.80581,1000000,1000000
2018-07-27 07:30:45.626000,8.80918,8.80581,1000000,1000000
2018-07-27 07:30:45.677000,8.80924,8.80581,1000000,1000000
2018-07-27 07:30:45.861000,8.80941,8.80581,1000000,1000000
2018-07-27 07:30:45.912000,8.80964,8.80581,1000000,1000000
2018-07-27 07:30:46.016000,8.80978,8.80587,1000000,1000000
2018-07-27 07:30:46.119000,8.80966,8.80609,1000000,1000000
2018-07-27 07:30:46.424000,8.8097,8.80629,1000000,1000000
2018-07-27 07:30:46.730000,8.80968,8.80649,1000000,1000000
2018-07-27 07:30:46.818000,8.80963,8.80643,1000000,1000000
2018-07-27 07:30:46.869000,8.81015,8.8065,1000000,1000000
2018-07-27 07:30:46.921000,8.81019,8.80653,1000000,1000000
2018-07-27 07:30:46.971000,8.80962,8.8065,1000000,1000000
2018-07-27 07:30:47.124000,8.80971,8.80658,1000000,1000000
2018-07-27 07:30:47.175000,8.80958,8.80645,1000000,1000000
2018-07-27 07:30:47.557000,8.80952,8.80639,1000000,1000000
2018-07-27 07:30:47.709000,8.80959,8.80639,1000000,1000000
2018-07-27 07:30:47.768000,8.80959,8.80641,1000000,1000000
2018-07-27 07:30:48.186000,8.80954,8.80633,1000000,1000000
2018-07-27 07:30:48.321000,8.80944,8.80631,1000000,1000000
2018-07-27 07:30:48.422000,8.80944,8.80624,1000000,1000000
2018-07-27 07:30:48.580000,8.80944,8.80631,1000000,1000000
2018-07-27 07:30:48.630000,8.80947,8.80631,1000000,1000000
2018-07-27 07:30:48.835000,8.80945,8.80631,1000000,1000000
2018-07-27 07:30:48.940000,8.81004,8.80638,1000000,1000000
2018-07-27 07:30:49.066000,8.80956,8.80631,1000000,1000000
2018-07-27 07:30:49.119000,8.80945,8.80631,1000000,1000000
2018-07-27 07:30:49.271000,8.80956,8.80631,1000000,1000000
2018-07-27 07:30:49.325000,8.80962,8.80631,1000000,1000000
2018-07-27 07:30:49.376000,8.80957,8.80631,1000000,1000000
2018-07-27 07:30:49.481000,8.80953,8.80626,1000000,1000000
2018-07-27 07:30:49.864000,8.80949,8.80626,1000000,1000000
2018-07-27 07:30:50.097000,8.80968,8.8063,1000000,1000000
2018-07-27 07:30:50.249000,8.80971,8.80634,1000000,1000000
2018-07-27 07:30:51.417000,8.8101,8.80695,1000000,1000000
2018-07-27 07:30:51.570000,8.8097,8.80634,1000000,1000000
2018-07-27 07:30:52.368000,8.80966,8.80635,1000000,1000000
2018-07-27 07:30:52.703000,8.8082,8.80708,1000000,1000000
2018-07-27 07:30:52.754000,8.8081,8.80624,1000000,1000000
2018-07-27 07:30:52.855000,8.80803,8.80598,1000000,1000000
2018-07-27 07:30:52.906000,8.80801,8.80598,1000000,1000000
2018-07-27 07:30:53.009000,8.80801,8.80587,1000000,1000000
2018-07-27 07:30:53.060000,8.80783,8.80565,1000000,1000000
2018-07-27 07:30:53.112000,8.80782,8.80547,1000000,1000000
2018-07-27 07:30:53.556000,8.80792,8.80554,1000000,1000000
2018-07-27 07:30:55.878000,8.80793,8.80554,1000000,1000000
2018-07-27 07:30:56.131000,8.80793,8.80557,1000000,1000000
2018-07-27 07:30:57.240000,8.80797,8.8056,1000000,1000000
2018-07-27 07:30:57.291000,8.80793,8.80557,1000000,1000000
2018-07-27 07:30:57.638000,8.80785,8.80549,1000000,1000000
2018-07-27 07:30:58.064000,8.80874,8.80501,1000000,1000000
2018-07-27 07:30:58.115000,8.80866,8.80513,1750000,1000000
2018-07-27 07:30:58.465000,8.80852,8.80571,1000000,1000000
2018-07-27 07:30:58.773000,8.80867,8.80586,1000000,1120000
2018-07-27 07:30:58.876000,8.8087,8.80611,1000000,1370000
2018-07-27 07:30:58.928000,8.80879,8.80571,1000000,1000000
2018-07-27 07:30:58.980000,8.80878,8.80545,1000000,1000000
2018-07-27 07:30:59.031000,8.80881,8.80545,1000000,1000000
2018-07-27 07:30:59.082000,8.80881,8.80532,1000000,1000000
2018-07-27 07:30:59.134000,8.80874,8.80561,1000000,1000000
2018-07-27 07:30:59.185000,8.80877,8.80561,1000000,1000000
2018-07-27 07:30:59.237000,8.80877,8.80541,1000000,1000000
2018-07-27 07:30:59.402000,8.80877,8.80531,1000000,1000000
2018-07-27 07:30:59.522000,8.80873,8.80531,1000000,1000000
2018-07-27 07:30:59.843000,8.80884,8.80561,1000000,1000000
2018-07-27 07:31:00.151000,8.80862,8.80561,1000000,1000000
2018-07-27 07:31:00.519000,8.80875,8.80562,1000000,1370000
2018-07-27 07:31:00.680000,8.80875,8.80571,1000000,1000000
2018-07-27 07:31:00.885000,8.80922,8.80582,1000000,1000000
2018-07-27 07:31:00.937000,8.80932,8.80601,1000000,1000000
2018-07-27 07:31:00.988000,8.80939,8.80601,1000000,1000000
2018-07-27 07:31:01.040000,8.80903,8.80704,1000000,1000000
2018-07-27 07:31:03.127000,8.80876,8.80675,1000000,1000000
2018-07-27 07:31:06.409000,8.80876,8.80675,1000000,1370000
2018-07-27 07:31:06.563000,8.80876,8.80675,1000000,1000000
2018-07-27 07:31:06.716000,8.80851,8.8065,1000000,1000000
2018-07-27 07:31:07.518000,8.80824,8.80626,1000000,1000000
2018-07-27 07:31:07.902000,8.80855,8.80654,1000000,1000000
2018-07-27 07:31:08.279000,8.80827,8.80626,1000000,1000000
2018-07-27 07:31:08.612000,8.80774,8.80601,1000000,1000000
2018-07-27 07:31:08.664000,8.80798,8.80601,1000000,1000000
2018-07-27 07:31:09.181000,8.80798,8.806,1000000,1500000
2018-07-27 07:31:09.304000,8.80798,8.80604,1000000,1000000
2018-07-27 07:31:09.407000,8.80835,8.80637,1000000,1000000
2018-07-27 07:31:10.414000,8.80835,8.80673,1000000,1000000
2018-07-27 07:31:10.466000,8.80835,8.8067,1000000,1000000
2018-07-27 07:31:10.517000,8.80868,8.80667,1000000,1000000
2018-07-27 07:31:11.113000,8.80812,8.80612,1000000,1000000
2018-07-27 07:31:11.164000,8.80907,8.80591,1000000,1000000
2018-07-27 07:31:11.215000,8.80907,8.80613,1000000,1000000
2018-07-27 07:31:11.266000,8.80912,8.80613,1000000,1000000
2018-07-27 07:31:11.368000,8.81003,8.80613,1370000,1000000
2018-07-27 07:31:11.418000,8.80993,8.80613,1000000,1000000
2018-07-27 07:31:11.726000,8.80936,8.80591,1370000,1000000
2018-07-27 07:31:12.047000,8.80915,8.80616,1120000,1000000
2018-07-27 07:31:12.098000,8.80915,8.8061,1120000,1000000
2018-07-27 07:31:12.149000,8.80831,8.80631,1000000,1000000
2018-07-27 07:31:13.068000,8.80802,8.80601,1000000,1000000
2018-07-27 07:31:13.852000,8.80765,8.80564,1000000,1000000
2018-07-27 07:31:15.127000,8.80795,8.80595,1000000,1000000
2018-07-27 07:31:26.595000,8.80832,8.80631,1000000,1000000
2018-07-27 07:31:32.954000,8.80696,8.80631,1000000,1000000
2018-07-27 07:31:33.006000,8.80704,8.80573,1370000,1000000
2018-07-27 07:31:33.057000,8.80699,8.80573,1000000,1000000
2018-07-27 07:31:33.109000,8.80774,8.80573,2250000,1000000
2018-07-27 07:31:33.212000,8.8072,8.80553,1000000,1000000
2018-07-27 07:31:33.303000,8.80747,8.80553,1120000,1000000
2018-07-27 07:31:34.226000,8.80747,8.80553,1370000,1000000
2018-07-27 07:31:34.328000,8.80747,8.80548,1370000,1000000
2018-07-27 07:31:34.457000,8.80726,8.80548,1120000,1000000
2018-07-27 07:31:34.509000,8.80718,8.80517,1750000,1000000
2018-07-27 07:31:36.607000,8.80718,8.80519,1750000,1000000
2018-07-27 07:31:37.352000,8.80718,8.80521,1750000,1000000
2018-07-27 07:31:38.915000,8.80687,8.80512,1000000,1000000
2018-07-27 07:31:38.968000,8.80687,8.80499,1000000,1000000
2018-07-27 07:31:39.019000,8.80655,8.80482,1000000,1000000
2018-07-27 07:31:39.124000,8.80655,8.80476,1000000,1000000
2018-07-27 07:31:39.879000,8.80655,8.80465,1000000,1000000
2018-07-27 07:31:40.986000,8.80655,8.80475,1000000,1000000
2018-07-27 07:31:41.685000,8.80655,8.80457,1000000,1000000
2018-07-27 07:31:41.837000,8.80631,8.80451,1000000,1370000
2018-07-27 07:31:43.692000,8.80631,8.80459,1000000,1000000
2018-07-27 07:31:46.490000,8.80631,8.80472,1000000,1000000
2018-07-27 07:31:46.542000,8.80631,8.80464,1000000,1000000
2018-07-27 07:31:46.594000,8.80631,8.80452,1000000,1000000
2018-07-27 07:31:52.005000,8.80631,8.80467,1000000,1000000
2018-07-27 07:31:52.817000,8.80631,8.80462,1000000,1000000
2018-07-27 07:31:52.868000,8.80618,8.80432,1370000,1000000
2018-07-27 07:31:52.920000,8.80616,8.8043,1370000,1500000
2018-07-27 07:31:52.972000,8.80574,8.80418,1000000,1000000
2018-07-27 07:31:53.295000,8.80574,8.80426,1000000,1000000
2018-07-27 07:31:53.858000,8.80574,8.8042,1000000,1000000
2018-07-27 07:31:54.613000,8.80574,8.80429,1000000,1000000
2018-07-27 07:31:54.817000,8.80574,8.80423,1000000,1000000
2018-07-27 07:31:55.021000,8.80574,8.80429,1000000,1000000
2018-07-27 07:31:55.073000,8.80574,8.80423,1000000,1000000
2018-07-27 07:31:55.313000,8.80574,8.80429,1000000,1000000
2018-07-27 07:31:55.466000,8.80574,8.80423,1000000,1000000
2018-07-27 07:31:55.568000,8.80574,8.80429,1000000,1000000
2018-07-27 07:31:55.670000,8.80574,8.80423,1000000,1000000
2018-07-27 07:31:55.923000,8.80574,8.80429,1000000,1000000
2018-07-27 07:31:55.973000,8.80574,8.80424,1000000,1000000
2018-07-27 07:31:56.074000,8.80574,8.80429,1000000,1000000
2018-07-27 07:31:56.208000,8.80574,8.80424,1000000,1000000
2018-07-27 07:31:56.410000,8.80574,8.80429,1000000,1000000
2018-07-27 07:31:56.460000,8.80574,8.80424,1000000,1000000
2018-07-27 07:31:56.562000,8.80574,8.80429,1000000,1000000
2018-07-27 07:31:56.765000,8.80574,8.80424,1000000,1000000
2018-07-27 07:31:56.816000,8.80574,8.80429,1000000,1000000
2018-07-27 07:31:57.528000,8.80574,8.80439,1000000,1000000
2018-07-27 07:31:57.825000,8.80615,8.80437,1000000,1000000
2018-07-27 07:31:59.122000,8.80615,8.80438,1000000,1000000
2018-07-27 07:32:00.222000,8.80531,8.80414,1000000,1000000
2018-07-27 07:32:00.273000,8.80502,8.80342,1000000,1370000
2018-07-27 07:32:00.324000,8.80498,8.80339,1000000,1370000
2018-07-27 07:32:00.476000,8.80492,8.80336,1000000,1370000
2018-07-27 07:32:00.527000,8.80484,8.80324,1000000,1000000
2018-07-27 07:32:00.628000,8.80467,8.80307,1000000,1370000
2018-07-27 07:32:00.983000,8.80461,8.80305,1000000,1370000
2018-07-27 07:32:01.106000,8.80464,8.80307,1000000,1370000
2018-07-27 07:32:01.852000,8.80468,8.80311,1000000,1370000
2018-07-27 07:32:02.522000,8.80469,8.80312,1000000,1370000
2018-07-27 07:32:02.744000,8.8046,8.80305,1000000,1370000
2018-07-27 07:32:02.846000,8.80457,8.80305,1000000,1000000
2018-07-27 07:32:02.898000,8.80457,8.803,1000000,1370000
2018-07-27 07:32:03.632000,8.80457,8.803,1000000,1000000
2018-07-27 07:32:04.251000,8.8046,8.80305,1000000,1000000
2018-07-27 07:32:07.192000,8.8047,8.80312,1000000,1000000
2018-07-27 07:32:07.507000,8.80461,8.80304,1000000,1000000
2018-07-27 07:32:10.929000,8.8046,8.80304,1000000,1370000
2018-07-27 07:32:16.795000,8.80463,8.80306,1000000,1370000
2018-07-27 07:32:20.963000,8.80505,8.80313,1000000,1000000
2018-07-27 07:32:21.065000,8.80462,8.80305,1000000,1370000
2018-07-27 07:32:21.385000,8.80464,8.80307,1000000,1000000
2018-07-27 07:32:21.437000,8.8046,8.80304,1000000,1000000
2018-07-27 07:32:21.692000,8.8045,8.80293,1000000,1000000
2018-07-27 07:32:22.294000,8.80456,8.80299,1000000,1000000
2018-07-27 07:32:22.646000,8.8046,8.80303,1000000,1000000
2018-07-27 07:32:24.063000,8.80474,8.80305,1500000,1000000
2018-07-27 07:32:24.165000,8.8046,8.80303,1000000,1000000
2018-07-27 07:32:25.613000,8.80474,8.80304,1500000,1000000
2018-07-27 07:32:28.034000,8.80452,8.80295,1000000,1000000
2018-07-27 07:32:28.846000,8.80474,8.80295,1500000,1000000
2018-07-27 07:32:31.794000,8.80474,8.80293,1500000,1000000
2018-07-27 07:32:31.946000,8.80474,8.80293,1000000,1370000
2018-07-27 07:32:32.126000,8.80503,8.80304,1000000,1370000
2018-07-27 07:32:37.295000,8.80503,8.80313,1000000,1000000
2018-07-27 07:32:40.880000,8.80503,8.80314,1000000,1000000
2018-07-27 07:32:43.091000,8.80519,8.80332,1370000,1000000
2018-07-27 07:32:47.685000,8.80507,8.80332,1370000,1000000
2018-07-27 07:32:49.869000,8.80498,8.80332,1000000,1000000
2018-07-27 07:32:50.131000,8.80498,8.80312,1000000,1000000
2018-07-27 07:32:50.182000,8.80498,8.80305,1000000,1000000
2018-07-27 07:32:50.380000,8.80496,8.80305,1000000,1000000
2018-07-27 07:32:50.922000,8.80495,8.80305,1000000,1000000
2018-07-27 07:32:51.229000,8.8049,8.8032,1000000,1000000
2018-07-27 07:32:51.657000,8.80474,8.80308,1000000,1370000
2018-07-27 07:32:52.011000,8.80486,8.80321,1000000,1000000
2018-07-27 07:32:52.062000,8.80497,8.80334,1000000,1000000
2018-07-27 07:32:52.724000,8.80497,8.80336,1000000,1000000
2018-07-27 07:32:55.543000,8.80489,8.80336,1000000,1000000
2018-07-27 07:32:55.892000,8.80456,8.80299,1000000,1000000
2018-07-27 07:32:55.944000,8.8046,8.80299,1000000,1000000
2018-07-27 07:32:55.996000,8.80473,8.80308,1000000,1000000
2018-07-27 07:32:58.128000,8.80453,8.80299,1000000,1000000
2018-07-27 07:32:58.331000,8.80457,8.80299,1000000,1000000
2018-07-27 07:32:58.382000,8.80463,8.803,1000000,1000000
2018-07-27 07:32:59.180000,8.80475,8.8031,1000000,1000000
2018-07-27 07:32:59.283000,8.80489,8.80323,1000000,1000000
2018-07-27 07:32:59.876000,8.80502,8.80337,1000000,1000000
2018-07-27 07:33:00.216000,8.80503,8.80345,1000000,1000000
2018-07-27 07:33:00.590000,8.80497,8.8034,1000000,1000000
2018-07-27 07:33:01.833000,8.80495,8.80338,1000000,1000000
2018-07-27 07:33:02.612000,8.80495,8.80351,1000000,1000000
2018-07-27 07:33:02.928000,8.80515,8.80402,1000000,1000000
2018-07-27 07:33:03.081000,8.80531,8.80402,1000000,1000000
2018-07-27 07:33:03.815000,8.8053,8.80402,1000000,1000000
2018-07-27 07:33:07.294000,8.80537,8.80402,1000000,1000000
2018-07-27 07:33:10.395000,8.80564,8.80402,1000000,1000000
2018-07-27 07:33:10.447000,8.8057,8.80402,1000000,1000000
2018-07-27 07:33:10.499000,8.80577,8.80432,1000000,1000000
2018-07-27 07:33:10.807000,8.80585,8.80445,1000000,1000000
2018-07-27 07:33:10.859000,8.80585,8.80441,1000000,1000000
2018-07-27 07:33:11.298000,8.806,8.80441,1000000,1000000
2018-07-27 07:33:12.672000,8.806,8.8047,1000000,1000000
2018-07-27 07:33:12.724000,8.80605,8.8047,1000000,1000000
2018-07-27 07:33:12.776000,8.80611,8.8047,1000000,1000000
2018-07-27 07:33:12.828000,8.80613,8.80471,1000000,1000000
2018-07-27 07:33:12.880000,8.80613,8.805,1000000,1000000
2018-07-27 07:33:12.931000,8.80618,8.805,1000000,1000000
2018-07-27 07:33:15.328000,8.80609,8.805,1000000,1000000
2018-07-27 07:33:15.708000,8.80598,8.805,1000000,1000000
2018-07-27 07:33:16.798000,8.80602,8.805,1000000,1000000
2018-07-27 07:33:17.783000,8.80611,8.805,1000000,1000000
2018-07-27 07:33:17.986000,8.80607,8.805,1000000,1000000
2018-07-27 07:33:18.260000,8.80625,8.805,1000000,1000000
2018-07-27 07:33:18.311000,8.80606,8.805,1000000,1000000
2018-07-27 07:33:18.362000,8.8064,8.805,1000000,1000000
2018-07-27 07:33:18.413000,8.80643,8.805,1000000,1000000
2018-07-27 07:33:18.536000,8.80643,8.80525,1000000,1000000
2018-07-27 07:33:18.872000,8.80653,8.80525,1000000,1000000
2018-07-27 07:33:19.338000,8.80639,8.80525,1000000,1000000
2018-07-27 07:33:19.440000,8.80649,8.80525,1000000,1000000
2018-07-27 07:33:19.699000,8.80639,8.80525,1000000,1000000
2018-07-27 07:33:19.866000,8.80649,8.80525,1000000,1000000
2018-07-27 07:33:19.969000,8.8064,8.80525,1000000,1000000
2018-07-27 07:33:20.020000,8.80651,8.80525,1000000,1000000
2018-07-27 07:33:20.123000,8.80639,8.80525,1000000,1000000
2018-07-27 07:33:20.519000,8.80653,8.80525,1000000,1000000
2018-07-27 07:33:20.570000,8.80639,8.80525,1000000,1000000
2018-07-27 07:33:20.921000,8.80646,8.80525,1000000,1000000
2018-07-27 07:33:21.081000,8.80657,8.80525,1000000,1000000
2018-07-27 07:33:22.294000,8.80656,8.80525,1000000,1000000
2018-07-27 07:33:23.934000,8.80656,8.80509,1000000,1000000
2018-07-27 07:33:23.986000,8.80658,8.8052,1000000,1120000
2018-07-27 07:33:24.038000,8.80699,8.80546,1000000,1000000
2018-07-27 07:33:24.089000,8.80699,8.80571,1000000,1000000
2018-07-27 07:33:24.141000,8.80748,8.80583,1000000,1000000
2018-07-27 07:33:24.244000,8.80748,8.80591,1000000,1000000
2018-07-27 07:33:24.347000,8.80758,8.80593,1000000,1000000
2018-07-27 07:33:24.399000,8.80768,8.80603,1000000,1000000
2018-07-27 07:33:24.706000,8.80773,8.80633,1000000,1000000
2018-07-27 07:33:24.760000,8.80802,8.80633,1750000,1000000
2018-07-27 07:33:26.398000,8.80772,8.80633,1000000,1000000
2018-07-27 07:33:27.020000,8.80767,8.80633,1000000,1000000
2018-07-27 07:33:27.370000,8.80775,8.80633,1000000,1000000
2018-07-27 07:33:27.422000,8.80765,8.80633,1000000,1000000
2018-07-27 07:33:27.524000,8.80774,8.80633,1000000,1000000
2018-07-27 07:33:27.576000,8.80789,8.80633,1000000,1000000
2018-07-27 07:33:27.628000,8.80797,8.80633,1000000,1000000
2018-07-27 07:33:27.680000,8.80806,8.80633,1000000,1000000
2018-07-27 07:33:27.732000,8.80816,8.80633,1000000,1000000
2018-07-27 07:33:27.784000,8.80803,8.80638,1000000,1000000
2018-07-27 07:33:28.089000,8.80823,8.80659,1370000,1000000
2018-07-27 07:33:28.580000,8.80817,8.80659,1000000,1000000
2018-07-27 07:33:29.042000,8.80804,8.80659,1000000,1000000
2018-07-27 07:33:30.438000,8.80813,8.80659,1000000,1000000
2018-07-27 07:33:30.516000,8.80821,8.80659,1000000,1000000
2018-07-27 07:33:30.567000,8.80861,8.8069,1000000,1000000
2018-07-27 07:33:30.619000,8.80857,8.80692,1000000,1000000
2018-07-27 07:33:30.928000,8.80873,8.80719,1000000,1000000
2018-07-27 07:33:31.234000,8.80878,8.80719,1000000,1000000
2018-07-27 07:33:31.848000,8.80881,8.80719,1000000,1000000
2018-07-27 07:33:32.481000,8.80919,8.80728,1370000,1000000
2018-07-27 07:33:32.618000,8.80919,8.80755,1370000,1000000
2018-07-27 07:33:32.669000,8.80914,8.80738,1370000,1000000
2018-07-27 07:33:32.720000,8.80919,8.8075,1000000,1000000
2018-07-27 07:33:33.024000,8.80946,8.80803,1000000,1000000
2018-07-27 07:33:33.126000,8.80956,8.80803,1370000,1000000
2018-07-27 07:33:33.330000,8.81003,8.80803,1370000,1000000
2018-07-27 07:33:33.382000,8.81007,8.80846,1750000,1000000
2018-07-27 07:33:33.586000,8.81003,8.80815,1370000,1000000
2018-07-27 07:33:33.845000,8.80974,8.80815,1000000,1000000
2018-07-27 07:33:33.896000,8.80993,8.80815,1370000,1000000
2018-07-27 07:33:34.398000,8.80979,8.80815,1370000,1000000
2018-07-27 07:33:34.500000,8.81002,8.80815,1370000,1000000
2018-07-27 07:33:34.604000,8.81011,8.80846,1120000,1000000
2018-07-27 07:33:34.929000,8.81044,8.80846,1370000,1000000
2018-07-27 07:33:35.032000,8.81044,8.80888,1370000,1000000
2018-07-27 07:33:35.489000,8.81044,8.80888,1750000,1000000
2018-07-27 07:33:35.864000,8.81055,8.80888,1500000,1000000
2018-07-27 07:33:36.024000,8.81027,8.80888,1370000,1000000
2018-07-27 07:33:36.180000,8.80994,8.8085,1370000,1000000
2018-07-27 07:33:36.969000,8.81007,8.8085,1370000,1000000
2018-07-27 07:33:37.021000,8.81012,8.80823,1370000,1000000
2018-07-27 07:33:37.072000,8.8102,8.80823,1000000,1000000
2018-07-27 07:33:37.123000,8.8102,8.80846,1000000,1000000
2018-07-27 07:33:37.226000,8.8103,8.80846,1370000,1000000
2018-07-27 07:33:37.636000,8.81015,8.80846,1370000,1000000
2018-07-27 07:33:37.947000,8.81006,8.80846,1370000,1000000
2018-07-27 07:33:40.086000,8.81021,8.80846,1370000,1000000
2018-07-27 07:33:41.011000,8.8101,8.80846,1000000,1000000
2018-07-27 07:33:41.262000,8.8101,8.80846,1370000,1000000
2018-07-27 07:33:41.832000,8.81007,8.80846,1000000,1000000
2018-07-27 07:33:41.883000,8.81003,8.80846,1000000,1000000
2018-07-27 07:33:41.933000,8.81025,8.80846,1370000,1000000
2018-07-27 07:33:42.712000,8.81027,8.80877,1370000,1000000
2018-07-27 07:33:42.964000,8.81027,8.80877,1000000,1000000
2018-07-27 07:33:44.028000,8.81036,8.80877,1370000,1000000
2018-07-27 07:33:45.098000,8.81027,8.80877,1000000,1000000
2018-07-27 07:33:46.765000,8.81038,8.80877,1000000,1000000
2018-07-27 07:33:46.869000,8.81057,8.80877,1370000,1000000
2018-07-27 07:33:46.941000,8.81057,8.80877,1370000,1000000
2018-07-27 07:33:48.120000,8.81057,8.80879,1370000,1000000
2018-07-27 07:33:48.171000,8.81057,8.80877,1370000,1000000
2018-07-27 07:33:48.454000,8.8107,8.80915,1000000,1000000
2018-07-27 07:33:48.573000,8.81082,8.80915,1370000,1000000
2018-07-27 07:33:48.860000,8.81067,8.80915,1000000,1000000
2018-07-27 07:33:49.918000,8.81074,8.80915,1370000,1000000
2018-07-27 07:33:52.938000,8.81068,8.80915,1000000,1000000
2018-07-27 07:33:53.043000,8.81107,8.80915,1750000,1000000
2018-07-27 07:33:53.101000,8.81146,8.80982,1050000,1000000
2018-07-27 07:33:53.152000,8.81146,8.80982,1000000,1000000
2018-07-27 07:33:53.204000,8.81144,8.80982,1000000,1000000
2018-07-27 07:33:53.255000,8.81169,8.80982,1370000,1000000
2018-07-27 07:33:53.306000,8.81159,8.80982,1000000,1000000
2018-07-27 07:33:53.734000,8.81159,8.80982,1370000,1000000
2018-07-27 07:34:02.673000,8.81171,8.81002,1370000,1000000
2018-07-27 07:34:03.139000,8.81159,8.81022,1370000,1000000
2018-07-27 07:34:03.445000,8.81134,8.81022,1000000,1000000
2018-07-27 07:34:03.904000,8.81131,8.80984,1000000,1000000
2018-07-27 07:34:04.057000,8.81128,8.80984,1000000,1000000
2018-07-27 07:34:04.210000,8.8113,8.80984,1000000,1000000
2018-07-27 07:34:04.888000,8.81124,8.80984,1000000,1000000
2018-07-27 07:34:06.063000,8.81129,8.80984,1000000,1000000
2018-07-27 07:34:06.290000,8.81123,8.80984,1000000,1000000
2018-07-27 07:34:06.470000,8.81129,8.80984,1000000,1000000
2018-07-27 07:34:06.976000,8.81112,8.80984,1000000,1000000
2018-07-27 07:34:07.328000,8.8111,8.80984,1000000,1000000
2018-07-27 07:34:07.990000,8.81114,8.80984,1000000,1000000
2018-07-27 07:34:08.041000,8.81118,8.80984,1000000,1000000
2018-07-27 07:34:08.170000,8.81125,8.80984,1000000,1000000
2018-07-27 07:34:08.404000,8.81137,8.80984,1000000,1000000
2018-07-27 07:34:08.456000,8.81125,8.80984,1000000,1000000
2018-07-27 07:34:08.507000,8.81137,8.80984,1000000,1000000
2018-07-27 07:34:08.821000,8.81129,8.80984,1000000,1000000
2018-07-27 07:34:08.872000,8.81138,8.80984,1000000,1000000
2018-07-27 07:34:09.026000,8.81138,8.81008,1000000,1000000
2018-07-27 07:34:09.077000,8.81143,8.81008,1000000,1000000
2018-07-27 07:34:09.961000,8.81141,8.81008,1000000,1000000
2018-07-27 07:34:10.013000,8.81163,8.81008,1000000,1000000
2018-07-27 07:34:10.116000,8.81144,8.81008,1000000,1000000
2018-07-27 07:34:10.880000,8.81143,8.81008,1000000,1000000
2018-07-27 07:34:12.758000,8.81146,8.81008,1000000,1000000
2018-07-27 07:34:16.724000,8.8115,8.81008,1000000,1000000
2018-07-27 07:34:17.102000,8.81146,8.81008,1000000,1000000
2018-07-27 07:34:19.102000,8.81137,8.81008,1000000,1000000
2018-07-27 07:34:19.451000,8.81133,8.81008,1000000,1000000
2018-07-27 07:34:20.380000,8.81131,8.81008,1000000,1000000
2018-07-27 07:34:22.294000,8.81132,8.81008,1000000,1000000
2018-07-27 07:34:24.946000,8.81132,8.81015,1000000,1000000
2018-07-27 07:34:25.279000,8.81128,8.81015,1000000,1000000
2018-07-27 07:34:27.764000,8.81118,8.81015,1000000,1000000
2018-07-27 07:34:28.130000,8.81114,8.81015,1000000,1000000
2018-07-27 07:34:28.553000,8.81104,8.80985,1000000,1000000
2018-07-27 07:34:28.678000,8.81102,8.80985,1000000,1000000
2018-07-27 07:34:29.993000,8.81097,8.80985,1000000,1000000
2018-07-27 07:34:32.060000,8.81107,8.80985,1000000,1000000
2018-07-27 07:34:35.249000,8.81094,8.80985,1000000,1000000
2018-07-27 07:34:35.373000,8.81087,8.80956,1000000,1000000
2018-07-27 07:34:35.424000,8.81068,8.80956,1000000,1000000
2018-07-27 07:34:35.576000,8.81049,8.80919,1000000,1000000
2018-07-27 07:34:35.627000,8.81041,8.80919,1000000,1000000
2018-07-27 07:34:35.962000,8.81007,8.80888,1000000,1000000
2018-07-27 07:34:36.013000,8.81021,8.80888,1000000,1000000
2018-07-27 07:34:36.168000,8.81039,8.80918,1000000,1000000
2018-07-27 07:34:37.295000,8.81031,8.80918,1000000,1000000
2018-07-27 07:34:37.822000,8.8101,8.80918,1000000,1000000
2018-07-27 07:34:37.924000,8.81007,8.80888,1000000,1000000
2018-07-27 07:34:38.025000,8.81016,8.80888,1000000,1000000
2018-07-27 07:34:38.076000,8.81019,8.80888,1000000,1000000
2018-07-27 07:34:38.548000,8.81011,8.80888,1000000,1000000
2018-07-27 07:34:39.015000,8.81005,8.80888,1000000,1000000
2018-07-27 07:34:40.345000,8.81016,8.80908,1000000,1000000
2018-07-27 07:34:40.879000,8.81014,8.80908,1000000,1000000
2018-07-27 07:34:41.309000,8.81012,8.80908,1000000,1000000
2018-07-27 07:34:43.231000,8.81016,8.80908,1000000,1000000
2018-07-27 07:34:43.283000,8.81016,8.80888,1000000,1000000
2018-07-27 07:34:48.719000,8.81017,8.80888,1000000,1000000
2018-07-27 07:34:49.371000,8.81009,8.80888,1000000,1000000
2018-07-27 07:34:50.515000,8.81005,8.80888,1000000,1000000
2018-07-27 07:34:50.820000,8.80991,8.80888,1000000,1000000
2018-07-27 07:34:50.937000,8.80991,8.80853,1000000,1000000
2018-07-27 07:34:50.989000,8.80991,8.80883,1000000,1000000
2018-07-27 07:34:52.295000,8.8099,8.80883,1000000,1000000
2018-07-27 07:34:55.879000,8.80991,8.80883,1000000,1000000
2018-07-27 07:34:56.251000,8.8098,8.80883,1000000,1000000
2018-07-27 07:34:56.355000,8.80975,8.80846,1000000,1000000
2018-07-27 07:34:57.857000,8.80979,8.80846,1000000,1000000
2018-07-27 07:34:59.099000,8.81006,8.80846,1000000,1000000
2018-07-27 07:34:59.205000,8.81011,8.8085,1000000,1000000
2018-07-27 07:34:59.256000,8.81013,8.80895,1000000,1000000
2018-07-27 07:35:00.163000,8.81014,8.80895,1000000,1000000
2018-07-27 07:35:00.392000,8.81008,8.80879,1000000,1000000
2018-07-27 07:35:00.443000,8.81004,8.80879,1000000,1000000
2018-07-27 07:35:00.749000,8.80999,8.80868,1000000,1000000
2018-07-27 07:35:02.210000,8.80989,8.80868,1000000,1000000
2018-07-27 07:35:02.644000,8.80984,8.80868,1000000,1000000
2018-07-27 07:35:02.696000,8.80984,8.80851,1000000,1000000
2018-07-27 07:35:02.748000,8.80989,8.80851,1000000,1000000
2018-07-27 07:35:07.009000,8.80972,8.80851,1000000,1000000
2018-07-27 07:35:07.163000,8.80955,8.80828,1000000,1000000
2018-07-27 07:35:10.741000,8.80959,8.80828,1000000,1000000
2018-07-27 07:35:10.894000,8.80965,8.80828,1000000,1000000
2018-07-27 07:35:10.945000,8.8098,8.80828,1000000,1000000
2018-07-27 07:35:11.115000,8.80984,8.80828,1000000,1000000
2018-07-27 07:35:13.755000,8.80986,8.80828,1000000,1000000
2018-07-27 07:35:13.835000,8.80989,8.80851,1000000,1000000
2018-07-27 07:35:14.202000,8.80989,8.80831,1500000,1000000
2018-07-27 07:35:17.096000,8.80989,8.8084,1000000,1000000
2018-07-27 07:35:17.148000,8.81008,8.80851,1000000,1000000
2018-07-27 07:35:17.328000,8.81009,8.8087,1000000,1000000
2018-07-27 07:35:18.179000,8.81025,8.80884,1000000,1000000
2018-07-27 07:35:19.117000,8.81028,8.80884,1000000,1000000
2018-07-27 07:35:20.380000,8.8103,8.80884,1000000,1000000
2018-07-27 07:35:21.895000,8.81034,8.80884,1000000,1000000
2018-07-27 07:35:22.592000,8.81035,8.80884,1000000,1000000
2018-07-27 07:35:22.709000,8.81039,8.80884,1000000,1000000
2018-07-27 07:35:24.544000,8.81037,8.80884,1000000,1000000
2018-07-27 07:35:24.915000,8.81035,8.80884,1000000,1000000
2018-07-27 07:35:25.879000,8.81036,8.80884,1000000,1000000
2018-07-27 07:35:26.350000,8.81042,8.80884,1500000,1000000
2018-07-27 07:35:26.462000,8.81036,8.80884,1000000,1000000
2018-07-27 07:35:30.783000,8.81042,8.80884,1000000,1000000
2018-07-27 07:35:30.886000,8.81042,8.80895,1000000,1000000
2018-07-27 07:35:33.739000,8.81042,8.80895,1000000,1720000
2018-07-27 07:35:33.847000,8.81067,8.80909,1000000,1000000
2018-07-27 07:35:35.122000,8.81067,8.80909,1000000,1370000
2018-07-27 07:35:35.226000,8.81087,8.80929,1000000,1370000
2018-07-27 07:35:35.278000,8.81087,8.80929,1000000,1970000
2018-07-27 07:35:35.330000,8.81112,8.80959,1000000,1000000
2018-07-27 07:35:35.993000,8.81107,8.80959,1000000,1000000
2018-07-27 07:35:36.177000,8.81112,8.80959,1000000,1000000
2018-07-27 07:35:36.764000,8.81097,8.8095,1000000,1000000
2018-07-27 07:35:36.867000,8.81094,8.80929,1000000,1000000
2018-07-27 07:35:36.919000,8.81112,8.80947,1000000,1000000
2018-07-27 07:35:37.234000,8.81093,8.80929,1000000,1370000
2018-07-27 07:35:37.695000,8.81093,8.80941,1000000,1000000
2018-07-27 07:35:37.746000,8.81093,8.80929,1000000,1370000
2018-07-27 07:35:37.851000,8.81093,8.80929,1500000,1000000
2018-07-27 07:35:37.994000,8.81087,8.80929,1000000,1000000
2018-07-27 07:35:39.045000,8.81081,8.80929,1000000,1000000
2018-07-27 07:35:40.992000,8.81087,8.80929,1000000,1000000
2018-07-27 07:35:43.929000,8.81087,8.80929,1000000,1600000
2018-07-27 07:35:44.081000,8.81093,8.80929,1000000,1600000
2018-07-27 07:35:45.261000,8.81093,8.80929,1000000,1970000
2018-07-27 07:35:45.314000,8.81117,8.8095,1000000,3220000
2018-07-27 07:35:45.365000,8.81139,8.80966,1000000,1970000
2018-07-27 07:35:45.416000,8.81139,8.80966,1000000,1970000
2018-07-27 07:35:45.632000,8.81155,8.80988,1000000,1000000
2018-07-27 07:35:46.761000,8.81136,8.80988,1000000,1000000
2018-07-27 07:35:46.925000,8.81136,8.80974,1000000,1000000
2018-07-27 07:35:47.789000,8.81142,8.80982,1000000,1000000
2018-07-27 07:35:48.374000,8.81149,8.80982,1000000,1500000
2018-07-27 07:35:48.478000,8.81164,8.81001,1000000,1120000
2018-07-27 07:35:48.581000,8.8118,8.81016,1000000,1000000
2018-07-27 07:35:48.675000,8.81187,8.8102,1000000,1000000
2018-07-27 07:35:50.382000,8.81189,8.81021,1000000,1000000
2018-07-27 07:35:51.107000,8.81192,8.81026,1000000,1000000
2018-07-27 07:35:51.543000,8.81189,8.81034,1000000,1000000
2018-07-27 07:35:51.697000,8.81198,8.81034,1000000,1350000
2018-07-27 07:35:51.749000,8.81202,8.81034,1000000,1350000
2018-07-27 07:35:52.304000,8.81208,8.81034,1000000,1350000
2018-07-27 07:35:52.881000,8.81207,8.81034,1000000,1350000
2018-07-27 07:35:52.933000,8.81197,8.81034,1000000,1350000
2018-07-27 07:35:55.955000,8.81187,8.81034,1000000,1000000
2018-07-27 07:35:56.006000,8.81197,8.81034,1000000,1000000
2018-07-27 07:35:56.710000,8.81216,8.81034,1000000,1000000
2018-07-27 07:35:56.760000,8.81212,8.81034,1000000,1000000
2018-07-27 07:36:00.097000,8.81218,8.81053,1000000,1000000
2018-07-27 07:36:00.150000,8.81233,8.81053,1000000,1000000
2018-07-27 07:36:00.253000,8.81227,8.81065,1000000,1000000
2018-07-27 07:36:00.356000,8.81233,8.81065,1000000,1000000
2018-07-27 07:36:00.920000,8.81227,8.81065,1000000,1000000
2018-07-27 07:36:01.326000,8.81233,8.81065,1000000,1000000
2018-07-27 07:36:01.530000,8.81227,8.81059,1500000,1000000
2018-07-27 07:36:01.734000,8.81224,8.81053,1000000,1000000
2018-07-27 07:36:01.838000,8.81227,8.81059,1500000,1000000
2018-07-27 07:36:02.716000,8.81226,8.81059,1000000,1000000
2018-07-27 07:36:03.034000,8.81207,8.81059,1000000,1000000
2018-07-27 07:36:03.086000,8.81216,8.81059,1000000,1000000
2018-07-27 07:36:03.190000,8.81226,8.81059,1000000,1000000
2018-07-27 07:36:03.479000,8.81216,8.81059,1000000,1000000
2018-07-27 07:36:03.828000,8.81206,8.81059,1000000,1000000
2018-07-27 07:36:04.945000,8.81186,8.81059,1000000,1000000
2018-07-27 07:36:04.998000,8.81186,8.81035,1000000,1000000
2018-07-27 07:36:05.977000,8.81188,8.81022,1000000,2470000
2018-07-27 07:36:06.028000,8.81202,8.81036,1000000,1000000
2018-07-27 07:36:06.079000,8.81212,8.81036,1000000,1370000
2018-07-27 07:36:06.130000,8.81212,8.81052,1000000,1000000
2018-07-27 07:36:06.500000,8.81212,8.81059,1000000,1000000
2018-07-27 07:36:07.295000,8.81209,8.81059,1000000,1000000
2018-07-27 07:36:07.576000,8.81222,8.81059,1000000,1000000
2018-07-27 07:36:07.904000,8.81211,8.81059,1000000,1000000
2018-07-27 07:36:08.006000,8.81218,8.81052,1000000,1000000
2018-07-27 07:36:08.107000,8.81229,8.81052,1000000,1000000
2018-07-27 07:36:08.208000,8.81238,8.8106,1000000,1000000
2018-07-27 07:36:08.259000,8.81234,8.8106,1000000,1000000
2018-07-27 07:36:08.598000,8.8123,8.8106,1000000,1000000
2018-07-27 07:36:11.161000,8.81242,8.8106,1000000,1000000
2018-07-27 07:36:11.213000,8.81253,8.8107,1000000,1120000
2018-07-27 07:36:11.265000,8.81261,8.81092,1000000,1000000
2018-07-27 07:36:11.316000,8.8127,8.81092,1000000,1120000
2018-07-27 07:36:11.419000,8.81266,8.81092,1000000,1120000
2018-07-27 07:36:11.679000,8.8124,8.81057,1000000,1370000
2018-07-27 07:36:11.730000,8.8124,8.81073,1000000,1000000
2018-07-27 07:36:11.936000,8.81243,8.81073,1000000,1000000
2018-07-27 07:36:12.093000,8.81256,8.81086,1000000,1000000
2018-07-27 07:36:12.415000,8.81258,8.81093,1000000,1000000
2018-07-27 07:36:14.345000,8.8125,8.81093,1000000,1000000
2018-07-27 07:36:14.756000,8.8126,8.81093,1000000,1000000
2018-07-27 07:36:15.412000,8.81266,8.81093,1000000,1000000
2018-07-27 07:36:15.464000,8.81285,8.81094,1000000,1870000
2018-07-27 07:36:15.516000,8.81287,8.81103,1000000,1370000
2018-07-27 07:36:15.627000,8.81287,8.81108,1000000,1370000
2018-07-27 07:36:15.682000,8.81297,8.81116,1000000,1370000
2018-07-27 07:36:16.818000,8.81302,8.81116,1000000,1370000
2018-07-27 07:36:16.947000,8.81309,8.81122,1000000,1120000
2018-07-27 07:36:17.572000,8.81296,8.81116,1000000,1370000
2018-07-27 07:36:18.381000,8.81307,8.81118,1000000,1370000
2018-07-27 07:36:18.433000,8.81313,8.81134,1000000,1000000
2018-07-27 07:36:18.907000,8.81289,8.81124,1000000,1000000
2018-07-27 07:36:19.115000,8.81272,8.81106,1000000,1000000
2018-07-27 07:36:19.466000,8.81268,8.81087,1000000,1370000
2018-07-27 07:36:20.380000,8.8127,8.81087,1000000,1370000
2018-07-27 07:36:20.492000,8.81278,8.81094,1000000,1370000
2018-07-27 07:36:20.544000,8.81288,8.81109,1000000,1000000
2018-07-27 07:36:20.850000,8.81293,8.81117,1000000,1000000
2018-07-27 07:36:21.085000,8.81296,8.81117,1000000,1000000
2018-07-27 07:36:21.136000,8.81281,8.81117,1000000,1000000
2018-07-27 07:36:21.320000,8.81278,8.81102,1000000,1000000
2018-07-27 07:36:22.242000,8.81274,8.81102,1000000,1000000
2018-07-27 07:36:22.344000,8.81288,8.81107,1500000,1000000
2018-07-27 07:36:24.296000,8.81288,8.81112,1000000,1000000
2018-07-27 07:36:25.548000,8.81288,8.81118,1000000,1000000
2018-07-27 07:36:25.600000,8.81282,8.81101,1000000,1120000
2018-07-27 07:36:25.652000,8.81276,8.81099,1000000,1370000
2018-07-27 07:36:25.856000,8.81265,8.81087,1000000,1370000
2018-07-27 07:36:26.456000,8.81271,8.81092,1000000,1000000
2018-07-27 07:36:26.509000,8.81287,8.8111,1000000,1000000
2018-07-27 07:36:26.817000,8.81303,8.81143,1000000,1000000
2018-07-27 07:36:27.972000,8.81306,8.81147,1000000,1000000
2018-07-27 07:36:28.075000,8.81303,8.81143,1000000,1000000
2018-07-27 07:36:28.288000,8.81306,8.81147,1000000,1000000
2018-07-27 07:36:28.600000,8.81302,8.81144,1000000,1000000
2018-07-27 07:36:30.525000,8.81305,8.81148,1000000,1000000
2018-07-27 07:36:30.576000,8.81282,8.81122,1000000,1000000
2018-07-27 07:36:30.627000,8.81271,8.81117,1000000,1000000
2018-07-27 07:36:30.679000,8.81257,8.81097,1000000,1000000
2018-07-27 07:36:30.730000,8.81252,8.81097,1000000,1000000
2018-07-27 07:36:30.832000,8.81252,8.81092,1000000,1000000
2018-07-27 07:36:31.034000,8.81249,8.81092,1000000,1000000
2018-07-27 07:36:31.211000,8.8124,8.81082,1000000,1500000
2018-07-27 07:36:31.324000,8.8124,8.81086,1000000,1000000
2018-07-27 07:36:31.375000,8.8124,8.81082,1000000,1000000
2018-07-27 07:36:31.795000,8.81238,8.8108,1000000,1000000
2018-07-27 07:36:32.109000,8.81242,8.81084,1000000,1000000
2018-07-27 07:36:32.625000,8.81248,8.81093,1000000,1000000
2018-07-27 07:36:34.023000,8.81255,8.81097,1000000,1000000
2018-07-27 07:36:34.075000,8.81259,8.81101,1000000,1000000
2018-07-27 07:36:34.936000,8.81259,8.81101,1600000,1000000
2018-07-27 07:36:35.114000,8.81202,8.81044,1500000,1000000
2018-07-27 07:36:35.165000,8.81202,8.81035,1000000,1000000
2018-07-27 07:36:35.216000,8.81202,8.81059,1000000,1000000
2018-07-27 07:36:35.318000,8.81241,8.81059,1000000,1000000
2018-07-27 07:36:35.419000,8.81241,8.81061,1000000,1000000
2018-07-27 07:36:35.749000,8.81231,8.81074,1000000,1000000
2018-07-27 07:36:36.401000,8.81235,8.81077,1000000,1000000
2018-07-27 07:36:37.295000,8.81241,8.81085,1000000,1000000
2018-07-27 07:36:38.367000,8.81242,8.81085,1000000,1000000
2018-07-27 07:36:41.914000,8.81242,8.81075,1000000,1000000
2018-07-27 07:36:42.960000,8.81226,8.81063,1000000,1000000
2018-07-27 07:36:43.285000,8.81216,8.81052,1000000,1600000
2018-07-27 07:36:46.795000,8.81214,8.81046,1000000,1600000
2018-07-27 07:36:47.504000,8.81212,8.81044,1000000,1720000
2018-07-27 07:36:47.634000,8.81208,8.81043,1000000,1370000
2018-07-27 07:36:48.347000,8.81204,8.81043,1000000,1370000
2018-07-27 07:36:48.420000,8.81208,8.81043,1000000,1370000
2018-07-27 07:36:48.690000,8.81208,8.81041,1000000,1000000
2018-07-27 07:36:48.794000,8.81204,8.81037,1000000,1000000
2018-07-27 07:36:48.902000,8.81199,8.81031,1000000,1000000
2018-07-27 07:36:48.954000,8.81193,8.81025,1000000,1000000
2018-07-27 07:36:50.380000,8.81195,8.81027,1000000,1000000
2018-07-27 07:36:51.181000,8.8118,8.8102,1000000,1000000
2018-07-27 07:36:51.487000,8.81174,8.81006,1000000,1370000
2018-07-27 07:36:52.166000,8.81174,8.81006,1000000,1000000
2018-07-27 07:36:52.614000,8.81177,8.81009,1000000,1000000
2018-07-27 07:36:52.918000,8.81173,8.81038,1000000,1000000
2018-07-27 07:36:53.046000,8.81183,8.81034,1000000,1000000
2018-07-27 07:36:53.310000,8.81192,8.81034,1000000,1000000
2018-07-27 07:36:53.412000,8.81201,8.81053,1000000,1000000
2018-07-27 07:36:56.922000,8.81207,8.81053,1000000,1000000
2018-07-27 07:36:57.309000,8.81194,8.81053,1000000,1000000
2018-07-27 07:36:57.566000,8.8118,8.81034,1000000,1000000
2018-07-27 07:36:59.087000,8.81189,8.81034,1000000,1000000
2018-07-27 07:36:59.544000,8.81192,8.81034,1000000,1120000
2018-07-27 07:37:00.221000,8.81197,8.81011,1000000,1750000
2018-07-27 07:37:00.273000,8.81195,8.81027,1000000,1370000
2018-07-27 07:37:00.325000,8.81193,8.81026,1000000,1000000
2018-07-27 07:37:00.536000,8.81183,8.81015,1000000,1370000
2018-07-27 07:37:01.019000,8.81176,8.81015,1000000,1370000
2018-07-27 07:37:01.789000,8.81176,8.81015,1000000,1000000
2018-07-27 07:37:01.841000,8.81176,8.81013,1000000,1000000
2018-07-27 07:37:02.399000,8.81176,8.81012,1000000,1000000
2018-07-27 07:37:02.613000,8.81176,8.81022,1000000,1000000
2018-07-27 07:37:05.379000,8.81176,8.81024,1000000,1000000
2018-07-27 07:37:07.295000,8.81174,8.81017,1000000,1000000
2018-07-27 07:37:07.713000,8.81154,8.81002,1000000,1000000
2018-07-27 07:37:08.108000,8.81154,8.80985,1000000,1370000
2018-07-27 07:37:08.159000,8.81171,8.80985,1000000,1370000
2018-07-27 07:37:08.747000,8.81147,8.80987,1000000,1370000
2018-07-27 07:37:10.404000,8.81147,8.80992,1000000,1000000
2018-07-27 07:37:10.557000,8.81115,8.80955,1000000,1000000
2018-07-27 07:37:10.609000,8.81079,8.80921,1000000,1500000
2018-07-27 07:37:10.711000,8.81079,8.80917,1000000,1000000
2018-07-27 07:37:11.383000,8.81079,8.80914,1000000,1370000
2018-07-27 07:37:12.255000,8.81079,8.80922,1000000,1500000
2018-07-27 07:37:12.593000,8.81079,8.80929,1000000,1370000
2018-07-27 07:37:14.826000,8.81079,8.80933,1000000,1000000
2018-07-27 07:37:15.499000,8.81079,8.80938,1000000,1000000
2018-07-27 07:37:15.551000,8.81116,8.80938,1000000,1000000
2018-07-27 07:37:15.603000,8.81116,8.80945,1000000,1000000
2018-07-27 07:37:15.937000,8.81115,8.80958,1000000,1000000
2018-07-27 07:37:16.795000,8.81113,8.80956,1000000,1000000
2018-07-27 07:37:18.032000,8.81111,8.80954,1000000,1000000
2018-07-27 07:37:20.313000,8.8112,8.80963,1000000,1000000
2018-07-27 07:37:20.414000,8.81126,8.8095,1000000,1000000
2018-07-27 07:37:20.728000,8.81091,8.80934,1000000,1000000
2018-07-27 07:37:21.140000,8.81054,8.80899,1000000,1000000
2018-07-27 07:37:21.888000,8.81064,8.80907,1000000,1000000
2018-07-27 07:37:22.129000,8.81049,8.80892,1000000,1370000
2018-07-27 07:37:22.396000,8.81049,8.80892,1000000,1000000
2018-07-27 07:37:22.673000,8.8104,8.80883,1000000,1000000
2018-07-27 07:37:25.880000,8.81038,8.80881,1000000,1370000
2018-07-27 07:37:26.198000,8.81051,8.80897,1000000,1000000
2018-07-27 07:37:26.495000,8.8104,8.80883,1000000,1000000
2018-07-27 07:37:27.082000,8.81051,8.80898,1000000,1000000
2018-07-27 07:37:27.134000,8.81051,8.80896,1000000,1000000
2018-07-27 07:37:28.199000,8.81044,8.80889,1000000,1000000
2018-07-27 07:37:28.603000,8.81036,8.80879,1000000,1370000
2018-07-27 07:37:29.065000,8.81027,8.8087,1000000,1370000
2018-07-27 07:37:29.168000,8.81027,8.8087,1000000,1000000
2018-07-27 07:37:30.250000,8.81031,8.80874,1000000,1000000
2018-07-27 07:37:30.302000,8.81039,8.80881,1000000,1000000
2018-07-27 07:37:30.578000,8.81051,8.80898,1000000,1000000
2018-07-27 07:37:30.903000,8.81051,8.80906,1000000,1000000
2018-07-27 07:37:31.258000,8.81051,8.80913,1000000,1000000
2018-07-27 07:37:31.309000,8.81051,8.80903,1000000,1000000
2018-07-27 07:37:31.533000,8.81051,8.80895,1000000,1370000
2018-07-27 07:37:31.705000,8.81051,8.80911,1000000,1000000
2018-07-27 07:37:32.210000,8.81051,8.80928,1000000,1000000
2018-07-27 07:37:32.261000,8.81051,8.80913,1000000,1000000
2018-07-27 07:37:32.312000,8.81081,8.80906,1000000,1000000
2018-07-27 07:37:32.364000,8.81081,8.80901,1000000,1000000
2018-07-27 07:37:33.305000,8.81081,8.80918,1000000,1000000
2018-07-27 07:37:33.613000,8.81052,8.80918,1000000,1000000
2018-07-27 07:37:34.296000,8.81072,8.80918,1000000,1000000
2018-07-27 07:37:34.348000,8.81077,8.80918,1000000,1000000
2018-07-27 07:37:35.379000,8.81077,8.80914,1000000,1000000
2018-07-27 07:37:35.482000,8.81077,8.80928,1000000,1000000
2018-07-27 07:37:35.796000,8.81077,8.80942,1000000,1000000
2018-07-27 07:37:36.117000,8.81077,8.80934,1000000,1000000
2018-07-27 07:37:36.244000,8.81077,8.80929,1000000,1000000
2018-07-27 07:37:36.298000,8.81077,8.80932,1000000,1000000
2018-07-27 07:37:36.911000,8.81077,8.80911,1000000,1000000
2018-07-27 07:37:40.880000,8.81077,8.80908,1000000,1370000
2018-07-27 07:37:40.932000,8.81077,8.80943,1000000,1370000
2018-07-27 07:37:41.035000,8.81126,8.80951,1000000,1120000
2018-07-27 07:37:41.139000,8.81126,8.80956,1000000,1000000
2018-07-27 07:37:41.483000,8.8109,8.80933,1000000,1000000
2018-07-27 07:37:41.971000,8.81081,8.80928,1000000,1000000
2018-07-27 07:37:42.308000,8.81084,8.80935,1000000,1000000
2018-07-27 07:37:42.899000,8.81083,8.80926,1000000,1000000
2018-07-27 07:37:43.194000,8.81084,8.80938,1000000,1000000
2018-07-27 07:37:43.246000,8.81084,8.80929,1000000,1000000
2018-07-27 07:37:45.242000,8.81075,8.80922,1000000,1000000
2018-07-27 07:37:45.799000,8.81084,8.80922,1500000,1000000
2018-07-27 07:37:46.040000,8.81084,8.80933,1000000,1000000
2018-07-27 07:37:46.319000,8.81113,8.80951,1000000,1000000
2018-07-27 07:37:46.429000,8.81091,8.80933,1000000,1000000
2018-07-27 07:37:46.948000,8.81093,8.80933,1000000,1500000
2018-07-27 07:37:47.252000,8.81111,8.80949,1000000,1000000
2018-07-27 07:37:47.406000,8.81092,8.80933,1000000,1000000
2018-07-27 07:37:47.735000,8.81097,8.80949,1000000,1000000
2018-07-27 07:37:47.786000,8.81111,8.80949,1000000,1000000
2018-07-27 07:37:56.428000,8.81127,8.80966,1000000,1000000
2018-07-27 07:37:58.709000,8.81108,8.80948,1000000,1000000
2018-07-27 07:37:59.058000,8.81108,8.80946,1000000,1000000
2018-07-27 07:38:00.262000,8.81088,8.80936,1000000,1000000
2018-07-27 07:38:01.846000,8.81088,8.80937,1000000,1000000
2018-07-27 07:38:08.217000,8.81088,8.80948,1000000,1000000
2018-07-27 07:38:09.995000,8.81088,8.80944,1000000,1000000
2018-07-27 07:38:10.097000,8.81088,8.80941,1000000,1000000
2018-07-27 07:38:10.687000,8.81088,8.80936,1000000,1000000
2018-07-27 07:38:10.740000,8.81068,8.80922,1000000,1000000
2018-07-27 07:38:10.891000,8.81068,8.80919,1000000,1000000
2018-07-27 07:38:10.942000,8.81059,8.80911,1000000,1000000
2018-07-27 07:38:13.980000,8.81064,8.80916,1000000,1000000
2018-07-27 07:38:14.032000,8.81081,8.80925,1000000,1000000
2018-07-27 07:38:14.083000,8.81063,8.80916,1000000,1000000
2018-07-27 07:38:15.817000,8.81094,8.80936,1500000,1000000
2018-07-27 07:38:15.868000,8.81074,8.80916,1000000,1500000
2018-07-27 07:38:16.497000,8.81051,8.80909,1000000,1000000
2018-07-27 07:38:16.548000,8.81051,8.80903,1000000,1000000
2018-07-27 07:38:16.728000,8.81051,8.80899,1000000,1000000
2018-07-27 07:38:19.447000,8.81051,8.80902,1000000,1000000
2018-07-27 07:38:20.138000,8.81051,8.809,1000000,1000000
2018-07-27 07:38:21.036000,8.81073,8.80893,1000000,1000000
2018-07-27 07:38:21.088000,8.81062,8.80885,1000000,1000000
2018-07-27 07:38:21.447000,8.81021,8.80863,1000000,1000000
2018-07-27 07:38:21.926000,8.81062,8.80871,1870000,1000000
2018-07-27 07:38:21.978000,8.81023,8.80863,1000000,1000000
2018-07-27 07:38:22.764000,8.81034,8.80867,1000000,1370000
2018-07-27 07:38:22.815000,8.81038,8.8087,1000000,1000000
2018-07-27 07:38:22.988000,8.81044,8.80876,1000000,1000000
2018-07-27 07:38:23.626000,8.81051,8.80884,1000000,1000000
2018-07-27 07:38:24.324000,8.81055,8.80887,1000000,1000000
2018-07-27 07:38:24.377000,8.81059,8.80891,1000000,1000000
2018-07-27 07:38:24.747000,8.81057,8.80889,1000000,1000000
2018-07-27 07:38:25.079000,8.81055,8.80887,1000000,1000000
2018-07-27 07:38:25.937000,8.81035,8.80872,1000000,1370000
2018-07-27 07:38:26.960000,8.81048,8.80881,1000000,1120000
2018-07-27 07:38:27.429000,8.81041,8.80873,1000000,1370000
2018-07-27 07:38:27.563000,8.81048,8.80881,1000000,1120000
2018-07-27 07:38:28.673000,8.81043,8.80875,1000000,1370000
2018-07-27 07:38:28.724000,8.81052,8.80885,1000000,1000000
2018-07-27 07:38:28.937000,8.81045,8.80877,1000000,1370000
2018-07-27 07:38:28.988000,8.81051,8.80886,1000000,1000000
2018-07-27 07:38:29.363000,8.81045,8.80877,1000000,1370000
2018-07-27 07:38:29.414000,8.81052,8.80885,1000000,1000000
2018-07-27 07:38:29.466000,8.81045,8.80877,1000000,1370000
2018-07-27 07:38:29.517000,8.81052,8.80885,1000000,1000000
2018-07-27 07:38:29.855000,8.81045,8.80877,1000000,1370000
2018-07-27 07:38:29.907000,8.81052,8.80885,1000000,1000000
2018-07-27 07:38:29.958000,8.81055,8.80889,1000000,1000000
2018-07-27 07:38:31.627000,8.81062,8.80898,1000000,1000000
2018-07-27 07:38:31.678000,8.81092,8.809,1000000,1370000
2018-07-27 07:38:31.799000,8.81092,8.80891,1120000,1000000
2018-07-27 07:38:31.912000,8.81078,8.80891,1000000,1000000
2018-07-27 07:38:35.088000,8.81082,8.80891,1370000,1000000
2018-07-27 07:38:40.880000,8.81074,8.80891,1000000,1000000
2018-07-27 07:38:43.042000,8.81062,8.80874,1000000,1000000
2018-07-27 07:38:46.796000,8.81062,8.80876,1000000,1000000
2018-07-27 07:38:47.227000,8.81062,8.80871,1000000,1370000
2018-07-27 07:38:47.330000,8.81062,8.80898,1000000,1000000
2018-07-27 07:38:47.640000,8.81062,8.80898,1000000,1370000
2018-07-27 07:38:48.437000,8.81092,8.80898,1000000,1370000
2018-07-27 07:38:49.028000,8.81092,8.80912,1000000,1000000
2018-07-27 07:38:49.081000,8.81121,8.80927,1000000,1000000
2018-07-27 07:38:50.418000,8.81121,8.80929,1000000,1000000
2018-07-27 07:38:52.203000,8.81114,8.80929,1000000,1000000
2018-07-27 07:38:52.466000,8.81111,8.80924,1000000,1000000
2018-07-27 07:38:52.517000,8.81115,8.80928,1000000,1000000
2018-07-27 07:38:52.888000,8.81111,8.80924,1000000,1000000
2018-07-27 07:38:53.221000,8.81115,8.80928,1000000,1000000
2018-07-27 07:38:53.531000,8.8111,8.80925,1000000,1000000
2018-07-27 07:38:53.583000,8.81115,8.80928,1000000,1000000
2018-07-27 07:38:54.199000,8.81111,8.80924,1000000,1000000
2018-07-27 07:38:55.879000,8.811,8.8092,1000000,1000000
2018-07-27 07:38:56.683000,8.81095,8.8092,1000000,1000000
2018-07-27 07:38:56.871000,8.81101,8.8092,1000000,1500000
2018-07-27 07:38:56.922000,8.81084,8.8092,1000000,1000000
2018-07-27 07:38:59.201000,8.8108,8.8092,1000000,1000000
2018-07-27 07:39:00.113000,8.81083,8.8092,1000000,1000000
2018-07-27 07:39:00.217000,8.81107,8.80931,1000000,1000000
2018-07-27 07:39:00.270000,8.81103,8.80925,1000000,1000000
2018-07-27 07:39:00.378000,8.81112,8.80932,1000000,1000000
2018-07-27 07:39:00.430000,8.81104,8.80924,1000000,1000000
2018-07-27 07:39:01.064000,8.81084,8.80924,1000000,1000000
2018-07-27 07:39:01.270000,8.81099,8.80924,1000000,1000000
2018-07-27 07:39:01.685000,8.81095,8.80935,1000000,1000000
2018-07-27 07:39:02.543000,8.811,8.80941,1000000,1000000
2018-07-27 07:39:03.601000,8.811,8.80949,1000000,1000000
2018-07-27 07:39:04.500000,8.81106,8.80949,1000000,1000000
2018-07-27 07:39:04.552000,8.81091,8.80949,1000000,1000000
2018-07-27 07:39:04.655000,8.81089,8.80929,1000000,1000000
2018-07-27 07:39:04.920000,8.81103,8.80943,1000000,1000000
2018-07-27 07:39:05.316000,8.81086,8.80926,1000000,1000000
2018-07-27 07:39:06.072000,8.81082,8.80926,1000000,1000000
2018-07-27 07:39:07.295000,8.8108,8.8092,1000000,1000000
2018-07-27 07:39:07.479000,8.81082,8.80924,1000000,1000000
2018-07-27 07:39:07.803000,8.81079,8.80921,1000000,1000000
2018-07-27 07:39:08.003000,8.81073,8.80913,1000000,1000000
2018-07-27 07:39:08.104000,8.81061,8.8091,1000000,1000000
2018-07-27 07:39:08.307000,8.81052,8.80892,1000000,1000000
2018-07-27 07:39:08.949000,8.81056,8.80896,1000000,1000000
2018-07-27 07:39:09.303000,8.81052,8.80892,1000000,1000000
2018-07-27 07:39:10.127000,8.81061,8.80901,1000000,1000000
2018-07-27 07:39:10.734000,8.81056,8.80896,1000000,1000000
2018-07-27 07:39:11.045000,8.81049,8.80891,1000000,1000000
2018-07-27 07:39:15.994000,8.8105,8.8089,1000000,1000000
2018-07-27 07:39:16.729000,8.81051,8.80891,1000000,1000000
2018-07-27 07:39:18.032000,8.81043,8.80883,1000000,1000000
2018-07-27 07:39:18.337000,8.81051,8.80891,1000000,1000000
2018-07-27 07:39:18.684000,8.81048,8.80889,1000000,1000000
2018-07-27 07:39:20.379000,8.81047,8.80887,1000000,1000000
