time,ask,bid,ask_volume,bid_volume
2020-08-28 07:25:00.328000,8.64878,8.64763,1000000,1500000
2020-08-28 07:25:00.379000,8.64871,8.64756,1000000,1000000
2020-08-28 07:25:00.430000,8.64879,8.64763,1000000,1000000
2020-08-28 07:25:01.378000,8.64877,8.64762,1000000,1000000
2020-08-28 07:25:01.479000,8.64848,8.64738,1000000,1000000
2020-08-28 07:25:01.580000,8.64827,8.64717,1000000,1000000
2020-08-28 07:25:01.681000,8.64841,8.64743,1000000,1000000
2020-08-28 07:25:01.732000,8.6484,8.64732,1000000,1000000
2020-08-28 07:25:01.782000,8.64814,8.64704,1000000,1000000
2020-08-28 07:25:01.883000,8.64805,8.64695,1000000,1000000
2020-08-28 07:25:01.984000,8.64827,8.64719,1000000,1000000
2020-08-28 07:25:02.085000,8.6482,8.6471,1000000,1000000
2020-08-28 07:25:02.136000,8.64828,8.64714,1000000,1000000
2020-08-28 07:25:03.571000,8.64835,8.64733,1000000,1000000
2020-08-28 07:25:03.622000,8.64843,8.64733,1000000,1500000
2020-08-28 07:25:05.749000,8.64843,8.64727,1000000,1000000
2020-08-28 07:25:05.800000,8.64822,8.64707,1000000,1000000
2020-08-28 07:25:05.901000,8.64837,8.64722,1000000,1000000
2020-08-28 07:25:05.951000,8.64829,8.64703,1000000,1000000
2020-08-28 07:25:06.002000,8.64836,8.64715,1000000,1000000
2020-08-28 07:25:06.163000,8.64829,8.64703,1000000,1000000
2020-08-28 07:25:06.506000,8.64826,8.64701,1000000,1000000
2020-08-28 07:25:06.607000,8.64796,8.64669,1000000,1000000
2020-08-28 07:25:06.658000,8.64787,8.64669,1000000,1000000
2020-08-28 07:25:06.759000,8.64787,8.64633,1000000,1000000
2020-08-28 07:25:07.284000,8.64784,8.64633,1000000,1000000
2020-08-28 07:25:08.291000,8.64784,8.64643,1000000,1000000
2020-08-28 07:25:08.694000,8.64784,8.64633,1000000,1000000
2020-08-28 07:25:09.282000,8.64784,8.64643,1000000,1000000
2020-08-28 07:25:09.487000,8.64784,8.64633,1000000,1000000
2020-08-28 07:25:09.538000,8.64784,8.64643,1000000,1000000
2020-08-28 07:25:09.756000,8.64784,8.64653,1000000,1000000
2020-08-28 07:25:09.857000,8.64793,8.64673,1000000,1000000
2020-08-28 07:25:09.907000,8.64793,8.64663,1000000,1000000
2020-08-28 07:25:09.958000,8.64792,8.64674,1000000,1000000
2020-08-28 07:25:10.009000,8.64793,8.64653,1000000,1000000
2020-08-28 07:25:10.795000,8.64793,8.64663,1000000,1000000
2020-08-28 07:25:10.846000,8.64793,8.64653,1000000,1000000
2020-08-28 07:25:10.897000,8.64792,8.64664,1000000,1000000
2020-08-28 07:25:10.947000,8.64793,8.64653,1000000,1000000
2020-08-28 07:25:11.921000,8.64793,8.64643,1000000,1000000
2020-08-28 07:25:12.397000,8.64793,8.64633,1000000,1000000
2020-08-28 07:25:12.447000,8.64776,8.64623,1000000,1000000
2020-08-28 07:25:12.549000,8.64769,8.64613,1000000,1000000
2020-08-28 07:25:12.879000,8.64783,8.64623,1000000,1000000
2020-08-28 07:25:13.030000,8.64784,8.64623,1000000,1000000
2020-08-28 07:25:13.498000,8.64785,8.64643,1000000,1000000
2020-08-28 07:25:13.549000,8.64785,8.64633,1000000,1000000
2020-08-28 07:25:13.599000,8.64798,8.64653,1000000,1000000
2020-08-28 07:25:14.047000,8.64798,8.64643,1000000,1000000
2020-08-28 07:25:14.255000,8.64791,8.64623,1000000,1000000
2020-08-28 07:25:14.420000,8.64791,8.64633,1000000,1000000
2020-08-28 07:25:14.622000,8.6479,8.64633,1000000,1000000
2020-08-28 07:25:14.723000,8.6479,8.64623,1000000,1000000
2020-08-28 07:25:14.774000,8.64789,8.64634,1000000,1000000
2020-08-28 07:25:14.824000,8.6479,8.64623,1000000,1000000
2020-08-28 07:25:15.965000,8.64789,8.64634,1000000,1000000
2020-08-28 07:25:16.066000,8.64789,8.64644,1000000,1000000
2020-08-28 07:25:16.168000,8.64799,8.64673,1000000,1000000
2020-08-28 07:25:16.392000,8.64799,8.64643,1000000,1000000
2020-08-28 07:25:16.442000,8.64792,8.64653,1000000,1000000
2020-08-28 07:25:16.493000,8.64792,8.64643,1000000,1000000
2020-08-28 07:25:20.702000,8.64792,8.64633,1000000,1000000
2020-08-28 07:25:20.753000,8.64777,8.64643,1000000,1000000
2020-08-28 07:25:20.854000,8.64776,8.64633,1000000,1000000
2020-08-28 07:25:20.905000,8.64759,8.64623,1000000,1000000
2020-08-28 07:25:21.064000,8.64758,8.64623,1000000,1000000
2020-08-28 07:25:22.435000,8.64761,8.64623,1000000,1000000
2020-08-28 07:25:23.285000,8.64761,8.64633,1000000,1000000
2020-08-28 07:25:23.387000,8.64781,8.64664,1000000,1000000
2020-08-28 07:25:23.438000,8.64782,8.64653,1000000,1000000
2020-08-28 07:25:23.539000,8.64782,8.64663,1000000,1000000
2020-08-28 07:25:23.640000,8.64782,8.64643,1000000,1000000
2020-08-28 07:25:23.691000,8.64782,8.64653,1000000,1000000
2020-08-28 07:25:23.742000,8.64787,8.64653,1000000,1000000
2020-08-28 07:25:23.792000,8.64787,8.64673,1000000,1000000
2020-08-28 07:25:23.952000,8.64787,8.64663,1000000,1000000
2020-08-28 07:25:24.640000,8.64787,8.64673,1000000,1000000
2020-08-28 07:25:24.691000,8.64793,8.64663,1000000,1000000
2020-08-28 07:25:24.792000,8.64795,8.64683,1000000,1000000
2020-08-28 07:25:24.842000,8.64817,8.64683,1000000,1000000
2020-08-28 07:25:24.893000,8.64817,8.64693,1000000,1000000
2020-08-28 07:25:25.219000,8.64817,8.64683,1000000,1000000
2020-08-28 07:25:25.544000,8.64817,8.64673,1000000,1000000
2020-08-28 07:25:25.695000,8.64807,8.64664,1000000,1000000
2020-08-28 07:25:25.796000,8.64808,8.64673,1000000,1000000
2020-08-28 07:25:26.649000,8.64816,8.64683,1000000,1000000
2020-08-28 07:25:27.052000,8.64788,8.64673,1000000,1000000
2020-08-28 07:25:27.153000,8.64748,8.64643,1000000,1000000
2020-08-28 07:25:27.203000,8.64762,8.64633,1000000,1000000
2020-08-28 07:25:27.254000,8.64734,8.64624,1000000,1000000
2020-08-28 07:25:27.355000,8.64757,8.64643,1000000,1000000
2020-08-28 07:25:27.406000,8.64771,8.64653,1000000,1000000
2020-08-28 07:25:28.024000,8.64771,8.64643,1000000,1000000
2020-08-28 07:25:28.284000,8.64771,8.64653,1000000,1000000
2020-08-28 07:25:28.498000,8.64771,8.64643,1000000,1000000
2020-08-28 07:25:29.073000,8.64771,8.64653,1000000,1000000
2020-08-28 07:25:29.760000,8.64771,8.64643,1000000,1000000
2020-08-28 07:25:29.810000,8.64734,8.64624,1000000,1000000
2020-08-28 07:25:29.922000,8.64735,8.64613,1000000,1000000
2020-08-28 07:25:32.025000,8.64728,8.64613,1000000,1000000
2020-08-28 07:25:32.176000,8.64728,8.64603,1000000,1000000
2020-08-28 07:25:32.620000,8.64728,8.64613,1000000,1000000
2020-08-28 07:25:32.721000,8.64743,8.64643,1000000,1000000
2020-08-28 07:25:32.771000,8.64755,8.64623,1000000,1000000
2020-08-28 07:25:32.821000,8.64742,8.64613,1000000,1000000
2020-08-28 07:25:32.923000,8.64741,8.64624,1000000,1000000
2020-08-28 07:25:32.974000,8.64734,8.64613,1000000,1000000
2020-08-28 07:25:33.025000,8.64734,8.64623,1000000,1000000
2020-08-28 07:25:33.076000,8.64734,8.64613,1000000,1000000
2020-08-28 07:25:33.228000,8.64734,8.64603,1000000,1000000
2020-08-28 07:25:33.383000,8.64734,8.64613,1000000,1000000
2020-08-28 07:25:36.018000,8.64734,8.64633,1000000,1000000
2020-08-28 07:25:36.068000,8.64747,8.64623,1000000,1000000
2020-08-28 07:25:36.119000,8.64787,8.64623,1500000,1000000
2020-08-28 07:25:36.220000,8.64788,8.64623,1000000,1000000
2020-08-28 07:25:36.321000,8.64798,8.64623,1000000,1000000
2020-08-28 07:25:36.371000,8.64809,8.64653,1000000,1000000
2020-08-28 07:25:36.783000,8.64809,8.64643,1000000,1000000
2020-08-28 07:25:37.198000,8.64817,8.64643,1000000,1000000
2020-08-28 07:25:37.637000,8.64823,8.64643,1000000,1000000
2020-08-28 07:25:37.738000,8.6482,8.64653,1000000,1000000
2020-08-28 07:25:37.890000,8.6482,8.64643,1000000,1000000
2020-08-28 07:25:37.941000,8.6482,8.64633,1000000,1000000
2020-08-28 07:25:38.709000,8.6482,8.64613,1000000,1000000
2020-08-28 07:25:39.605000,8.64813,8.64613,1000000,1000000
2020-08-28 07:25:39.733000,8.6481,8.64613,1000000,1000000
2020-08-28 07:25:40.155000,8.6481,8.64623,1000000,1000000
2020-08-28 07:25:40.205000,8.6481,8.64613,1000000,1000000
2020-08-28 07:25:40.256000,8.64794,8.64593,1000000,1000000
2020-08-28 07:25:40.307000,8.64802,8.64613,1000000,1000000
2020-08-28 07:25:40.408000,8.64794,8.64613,1000000,1000000
2020-08-28 07:25:40.509000,8.64788,8.64613,1000000,1000000
2020-08-28 07:25:40.610000,8.64786,8.64613,1000000,1000000
2020-08-28 07:25:41.031000,8.64786,8.64603,1000000,1000000
2020-08-28 07:25:41.082000,8.64765,8.64603,1000000,1000000
2020-08-28 07:25:41.238000,8.64744,8.64563,1000000,1000000
2020-08-28 07:25:41.289000,8.64743,8.64584,1000000,1000000
2020-08-28 07:25:41.339000,8.64753,8.64583,1000000,1000000
2020-08-28 07:25:41.390000,8.64765,8.64593,1000000,1000000
2020-08-28 07:25:41.444000,8.64764,8.64583,1000000,1000000
2020-08-28 07:25:41.646000,8.6478,8.64613,1000000,1000000
2020-08-28 07:25:41.697000,8.64778,8.64583,1000000,1000000
2020-08-28 07:25:41.748000,8.64772,8.64583,1000000,1000000
2020-08-28 07:25:41.798000,8.64778,8.64583,1000000,1000000
2020-08-28 07:25:42.229000,8.64781,8.64583,1000000,1000000
2020-08-28 07:25:42.344000,8.64793,8.64583,1000000,1000000
2020-08-28 07:25:42.628000,8.64793,8.64593,1000000,1000000
2020-08-28 07:25:42.794000,8.64793,8.64583,1000000,1000000
2020-08-28 07:25:42.844000,8.648,8.64593,1000000,1000000
2020-08-28 07:25:43.175000,8.648,8.64583,1000000,1000000
2020-08-28 07:25:43.270000,8.648,8.64593,1000000,1000000
2020-08-28 07:25:43.383000,8.64808,8.64623,1000000,1000000
2020-08-28 07:25:43.585000,8.64815,8.64623,1000000,1000000
2020-08-28 07:25:43.635000,8.64815,8.64633,1000000,1000000
2020-08-28 07:25:43.905000,8.64815,8.64623,1000000,1000000
2020-08-28 07:25:44.529000,8.64815,8.64633,1000000,1000000
2020-08-28 07:25:44.883000,8.64814,8.64624,1000000,1000000
2020-08-28 07:25:44.934000,8.64815,8.64633,1000000,1000000
2020-08-28 07:25:44.985000,8.64815,8.64623,1000000,1000000
2020-08-28 07:25:45.288000,8.64815,8.64633,1000000,1000000
2020-08-28 07:25:45.459000,8.64815,8.64623,1000000,1000000
2020-08-28 07:25:45.610000,8.64815,8.64613,1000000,1000000
2020-08-28 07:25:46.471000,8.64815,8.64623,1000000,1000000
2020-08-28 07:25:46.808000,8.64815,8.64613,1000000,1000000
2020-08-28 07:25:47.415000,8.64815,8.64623,1000000,1000000
2020-08-28 07:25:47.566000,8.64815,8.64613,1000000,1000000
2020-08-28 07:25:48.530000,8.64815,8.64603,1000000,1000000
2020-08-28 07:25:48.833000,8.64809,8.64603,1000000,1000000
2020-08-28 07:25:49.481000,8.64809,8.64613,1000000,1000000
2020-08-28 07:25:49.948000,8.64809,8.64603,1000000,1000000
2020-08-28 07:25:51.196000,8.64776,8.64583,1000000,1000000
2020-08-28 07:25:51.297000,8.64765,8.64553,1000000,1000000
2020-08-28 07:25:51.398000,8.64765,8.64543,1000000,1000000
2020-08-28 07:25:51.590000,8.64765,8.64553,1000000,1000000
2020-08-28 07:25:51.691000,8.6478,8.64543,1000000,1000000
2020-08-28 07:25:52.524000,8.6478,8.64563,1000000,1000000
2020-08-28 07:25:53.014000,8.6478,8.64553,1000000,1000000
2020-08-28 07:25:53.064000,8.64771,8.64563,1000000,1000000
2020-08-28 07:25:54.084000,8.64771,8.64573,1000000,1000000
2020-08-28 07:25:54.230000,8.64771,8.64563,1000000,1000000
2020-08-28 07:25:54.330000,8.6475,8.64543,1000000,1000000
2020-08-28 07:25:54.381000,8.64743,8.64533,1000000,1000000
2020-08-28 07:25:54.482000,8.64743,8.64523,1000000,1000000
2020-08-28 07:25:54.583000,8.6473,8.64513,1000000,1000000
2020-08-28 07:25:54.785000,8.6473,8.64503,1000000,1500000
2020-08-28 07:25:55.138000,8.6473,8.64513,1000000,1000000
2020-08-28 07:25:55.271000,8.6473,8.64523,1000000,1000000
2020-08-28 07:25:55.322000,8.6473,8.64513,1000000,1000000
2020-08-28 07:25:55.459000,8.6473,8.64523,1000000,1000000
2020-08-28 07:25:55.987000,8.64745,8.64577,1000000,1000000
2020-08-28 07:25:56.038000,8.64788,8.64577,1000000,1000000
2020-08-28 07:25:56.513000,8.64784,8.64577,1000000,1000000
2020-08-28 07:25:56.614000,8.64784,8.64548,1500000,1000000
2020-08-28 07:25:56.715000,8.64757,8.64548,1000000,1000000
2020-08-28 07:25:56.817000,8.64754,8.64556,1000000,1000000
2020-08-28 07:25:56.868000,8.64754,8.64551,1000000,1000000
2020-08-28 07:25:56.969000,8.64753,8.64551,1000000,1000000
2020-08-28 07:25:57.159000,8.64756,8.64551,1000000,1000000
2020-08-28 07:25:59.105000,8.64773,8.64551,1000000,1000000
2020-08-28 07:25:59.307000,8.64765,8.64551,1000000,1000000
2020-08-28 07:25:59.466000,8.6476,8.64551,1000000,1000000
2020-08-28 07:25:59.671000,8.64748,8.64551,1000000,1000000
2020-08-28 07:26:00.769000,8.64748,8.64535,1000000,1000000
2020-08-28 07:26:00.869000,8.64746,8.64532,1000000,1000000
2020-08-28 07:26:01.021000,8.64755,8.64533,1000000,1000000
2020-08-28 07:26:01.238000,8.64747,8.64532,1000000,1000000
2020-08-28 07:26:01.339000,8.64747,8.64518,1000000,1000000
2020-08-28 07:26:01.440000,8.64728,8.64518,1000000,1000000
2020-08-28 07:26:01.644000,8.64722,8.64519,1000000,1000000
2020-08-28 07:26:01.845000,8.6474,8.64518,1000000,1000000
2020-08-28 07:26:02.048000,8.64746,8.64518,1000000,1000000
2020-08-28 07:26:02.513000,8.64742,8.64518,1000000,1000000
2020-08-28 07:26:02.614000,8.64742,8.64528,1000000,1000000
2020-08-28 07:26:02.715000,8.64752,8.64528,1000000,1000000
2020-08-28 07:26:02.877000,8.64748,8.64528,1000000,1000000
2020-08-28 07:26:02.978000,8.64748,8.64543,1000000,1000000
2020-08-28 07:26:03.410000,8.64748,8.64533,1000000,1000000
2020-08-28 07:26:03.472000,8.6475,8.64533,1000000,1000000
2020-08-28 07:26:03.624000,8.6475,8.64552,1000000,1000000
2020-08-28 07:26:03.674000,8.64765,8.64553,1000000,1000000
2020-08-28 07:26:03.775000,8.64765,8.64552,1000000,1000000
2020-08-28 07:26:03.876000,8.64764,8.64553,1500000,1000000
2020-08-28 07:26:03.977000,8.6475,8.64552,1000000,1000000
2020-08-28 07:26:04.695000,8.6475,8.64557,1000000,1000000
2020-08-28 07:26:04.746000,8.6475,8.64552,1000000,1000000
2020-08-28 07:26:04.997000,8.64743,8.64553,1000000,1000000
2020-08-28 07:26:05.098000,8.64744,8.64556,1000000,1000000
2020-08-28 07:26:05.199000,8.64748,8.64556,1000000,1000000
2020-08-28 07:26:05.671000,8.64748,8.6454,1000000,1000000
2020-08-28 07:26:05.901000,8.64753,8.64555,1000000,1000000
2020-08-28 07:26:06.052000,8.64761,8.64555,1000000,1000000
2020-08-28 07:26:06.256000,8.64766,8.64555,1000000,1000000
2020-08-28 07:26:06.475000,8.64771,8.64555,1000000,1000000
2020-08-28 07:26:06.702000,8.64771,8.64579,1000000,1000000
2020-08-28 07:26:06.803000,8.64794,8.64583,1000000,1000000
2020-08-28 07:26:06.904000,8.64794,8.64579,1000000,1000000
2020-08-28 07:26:07.004000,8.64765,8.6454,1000000,1000000
2020-08-28 07:26:07.105000,8.64766,8.64543,1000000,1500000
2020-08-28 07:26:07.206000,8.64725,8.64543,1000000,1000000
2020-08-28 07:26:07.307000,8.64753,8.64543,1000000,1000000
2020-08-28 07:26:08.065000,8.64749,8.64543,1000000,1000000
2020-08-28 07:26:08.870000,8.64759,8.64543,1000000,1000000
2020-08-28 07:26:10.572000,8.64759,8.64533,1000000,1000000
2020-08-28 07:26:10.672000,8.64759,8.64543,1000000,1000000
2020-08-28 07:26:10.781000,8.64748,8.64543,1000000,1000000
2020-08-28 07:26:10.832000,8.64748,8.64533,1000000,1500000
2020-08-28 07:26:10.882000,8.64748,8.64543,1000000,1000000
2020-08-28 07:26:10.933000,8.64748,8.64533,1000000,1000000
2020-08-28 07:26:11.034000,8.64748,8.64513,1500000,1500000
2020-08-28 07:26:11.134000,8.6469,8.64513,1000000,1500000
2020-08-28 07:26:12.666000,8.64692,8.64513,1000000,1000000
2020-08-28 07:26:12.881000,8.64712,8.64513,1000000,1000000
2020-08-28 07:26:13.222000,8.64715,8.64514,1000000,1500000
2020-08-28 07:26:13.642000,8.64712,8.64513,1000000,1000000
2020-08-28 07:26:13.844000,8.6469,8.64513,1000000,1500000
2020-08-28 07:26:14.045000,8.64694,8.64513,1000000,1500000
2020-08-28 07:26:14.247000,8.64715,8.64513,1000000,1500000
2020-08-28 07:26:15.153000,8.64694,8.64513,1000000,1000000
2020-08-28 07:26:15.524000,8.64707,8.64529,1000000,1000000
2020-08-28 07:26:15.676000,8.64739,8.64529,1000000,1000000
2020-08-28 07:26:15.877000,8.64729,8.6453,1000000,1000000
2020-08-28 07:26:15.981000,8.64738,8.64529,1000000,1000000
2020-08-28 07:26:16.310000,8.64722,8.64529,1000000,1000000
2020-08-28 07:26:16.412000,8.64721,8.6453,1100000,1000000
2020-08-28 07:26:16.935000,8.64722,8.64543,1100000,1000000
2020-08-28 07:26:17.324000,8.6474,8.64565,1100000,1000000
2020-08-28 07:26:17.475000,8.64739,8.6458,1100000,1000000
2020-08-28 07:26:17.817000,8.64739,8.64575,1100000,1000000
2020-08-28 07:26:17.935000,8.64739,8.64549,1100000,1000000
2020-08-28 07:26:18.049000,8.64741,8.6454,1100000,1000000
2020-08-28 07:26:19.286000,8.64741,8.64536,1600000,1000000
2020-08-28 07:26:19.664000,8.64738,8.64545,1100000,1000000
2020-08-28 07:26:21.165000,8.64712,8.64524,1100000,1000000
2020-08-28 07:26:21.216000,8.64712,8.6454,1100000,1000000
2020-08-28 07:26:23.730000,8.64741,8.64564,1100000,1000000
2020-08-28 07:26:23.781000,8.64741,8.64555,1100000,1000000
2020-08-28 07:26:23.882000,8.64741,8.64546,1100000,1000000
2020-08-28 07:26:24.033000,8.64741,8.64542,1100000,1000000
2020-08-28 07:26:26.531000,8.64745,8.64542,1000000,1000000
2020-08-28 07:26:26.582000,8.64745,8.64548,1000000,1000000
2020-08-28 07:26:26.683000,8.64754,8.64552,1000000,1000000
2020-08-28 07:26:26.734000,8.64754,8.64544,1000000,1000000
2020-08-28 07:26:26.785000,8.64754,8.64549,1000000,1000000
2020-08-28 07:26:26.886000,8.64735,8.64549,1000000,1000000
2020-08-28 07:26:27.089000,8.6473,8.64549,1000000,1000000
2020-08-28 07:26:27.488000,8.64729,8.64549,1000000,1000000
2020-08-28 07:26:27.683000,8.64734,8.64549,1000000,1000000
2020-08-28 07:26:28.267000,8.64733,8.64549,1000000,1000000
2020-08-28 07:26:28.520000,8.64739,8.64549,1000000,1000000
2020-08-28 07:26:28.571000,8.64761,8.64549,2250000,1000000
2020-08-28 07:26:29.515000,8.64733,8.64549,1000000,1000000
2020-08-28 07:26:29.854000,8.64732,8.64548,1000000,1000000
2020-08-28 07:26:29.905000,8.64732,8.64572,1000000,1000000
2020-08-28 07:26:29.956000,8.64733,8.64551,1000000,1000000
2020-08-28 07:26:30.007000,8.64745,8.64552,1000000,1000000
2020-08-28 07:26:30.108000,8.64741,8.64551,1000000,1000000
2020-08-28 07:26:30.471000,8.64741,8.64571,1000000,1000000
2020-08-28 07:26:30.521000,8.64755,8.64571,1000000,1000000
2020-08-28 07:26:30.984000,8.64755,8.64566,1000000,1000000
2020-08-28 07:26:31.133000,8.64749,8.64567,1000000,1000000
2020-08-28 07:26:31.334000,8.64755,8.64566,1000000,1000000
2020-08-28 07:26:31.385000,8.64755,8.64573,1000000,1000000
2020-08-28 07:26:31.486000,8.64755,8.64633,1000000,1000000
2020-08-28 07:26:31.537000,8.64764,8.64633,1000000,1000000
2020-08-28 07:26:31.588000,8.64774,8.64643,1000000,1000000
2020-08-28 07:26:31.639000,8.64777,8.64645,1000000,1000000
2020-08-28 07:26:31.689000,8.64764,8.64629,1000000,1000000
2020-08-28 07:26:31.740000,8.64773,8.6463,1000000,1000000
2020-08-28 07:26:31.791000,8.64773,8.64626,1000000,1000000
2020-08-28 07:26:31.843000,8.64777,8.64625,1000000,1000000
2020-08-28 07:26:31.944000,8.64777,8.6464,1000000,1000000
2020-08-28 07:26:32.048000,8.64774,8.64653,1000000,1000000
2020-08-28 07:26:32.099000,8.64774,8.64648,1000000,1000000
2020-08-28 07:26:32.149000,8.64777,8.64653,1000000,1000000
2020-08-28 07:26:32.495000,8.64777,8.6466,1000000,1000000
2020-08-28 07:26:32.596000,8.64777,8.64663,1000000,1000000
2020-08-28 07:26:32.906000,8.64777,8.6466,1000000,1000000
2020-08-28 07:26:33.422000,8.64777,8.64659,1000000,1000000
2020-08-28 07:26:33.766000,8.64777,8.64653,1000000,1000000
2020-08-28 07:26:34.499000,8.64777,8.64663,1000000,1000000
2020-08-28 07:26:34.549000,8.64777,8.64653,1000000,1000000
2020-08-28 07:26:34.871000,8.64777,8.64646,1250000,1000000
2020-08-28 07:26:34.973000,8.64777,8.64653,1250000,1000000
2020-08-28 07:26:35.275000,8.64777,8.64663,1000000,1000000
2020-08-28 07:26:35.684000,8.64777,8.64673,1000000,1000000
2020-08-28 07:26:36.645000,8.64777,8.64663,1000000,1000000
2020-08-28 07:26:38.091000,8.64777,8.64654,1000000,1000000
2020-08-28 07:26:38.444000,8.64777,8.64673,1000000,1000000
2020-08-28 07:26:39.392000,8.64777,8.64667,1000000,1000000
2020-08-28 07:26:39.493000,8.64777,8.64664,1000000,1000000
2020-08-28 07:26:40.818000,8.64777,8.64673,1000000,1000000
2020-08-28 07:26:40.869000,8.64777,8.64664,1000000,1000000
2020-08-28 07:26:40.919000,8.64777,8.64683,1000000,1000000
2020-08-28 07:26:41.020000,8.64777,8.64673,1000000,1000000
2020-08-28 07:26:41.179000,8.64777,8.64676,1000000,1000000
2020-08-28 07:26:41.416000,8.64777,8.64681,1000000,1000000
2020-08-28 07:26:41.467000,8.64777,8.64673,1000000,1000000
2020-08-28 07:26:41.518000,8.64777,8.64662,1000000,1000000
2020-08-28 07:26:41.569000,8.64777,8.64686,1000000,1000000
2020-08-28 07:26:41.619000,8.64777,8.64674,1000000,1000000
2020-08-28 07:26:41.670000,8.64777,8.64684,1000000,1000000
2020-08-28 07:26:41.879000,8.64776,8.64679,1000000,1000000
2020-08-28 07:26:41.930000,8.64777,8.64686,1000000,1000000
2020-08-28 07:26:41.981000,8.64777,8.64678,1000000,1000000
2020-08-28 07:26:42.277000,8.64777,8.64674,1000000,1000000
2020-08-28 07:26:42.590000,8.64777,8.64671,1000000,1000000
2020-08-28 07:26:43.136000,8.64791,8.64671,1000000,1000000
2020-08-28 07:26:43.187000,8.64816,8.64671,1000000,1000000
2020-08-28 07:26:43.237000,8.64818,8.64678,1000000,1000000
2020-08-28 07:26:43.349000,8.64791,8.64678,1000000,1000000
2020-08-28 07:26:44.428000,8.64777,8.64678,1000000,1000000
2020-08-28 07:26:44.679000,8.64777,8.64658,1000000,1000000
2020-08-28 07:26:44.730000,8.64777,8.64634,1000000,1000000
2020-08-28 07:26:44.780000,8.64777,8.64661,1000000,1000000
2020-08-28 07:26:45.666000,8.64777,8.64646,1000000,1000000
2020-08-28 07:26:45.767000,8.64777,8.64659,1000000,1000000
2020-08-28 07:26:46.390000,8.64777,8.64647,1000000,1000000
2020-08-28 07:26:46.730000,8.64777,8.64656,1000000,1000000
2020-08-28 07:26:46.881000,8.64791,8.64685,1000000,1000000
2020-08-28 07:26:46.982000,8.64877,8.64695,1760000,1000000
2020-08-28 07:26:47.032000,8.64867,8.64711,1010000,1000000
2020-08-28 07:26:47.083000,8.64875,8.64724,1260000,1000000
2020-08-28 07:26:47.184000,8.64875,8.6474,1260000,1000000
2020-08-28 07:26:47.285000,8.64902,8.64775,1260000,1000000
2020-08-28 07:26:47.386000,8.64902,8.64778,1260000,1000000
2020-08-28 07:26:47.490000,8.64973,8.64792,1260000,1000000
2020-08-28 07:26:47.609000,8.64973,8.64795,1260000,1000000
2020-08-28 07:26:48.025000,8.64976,8.64808,1000000,1000000
2020-08-28 07:26:48.075000,8.64976,8.6482,1000000,1000000
2020-08-28 07:26:48.416000,8.64981,8.6482,1000000,1000000
2020-08-28 07:26:48.467000,8.64981,8.64835,1000000,1000000
2020-08-28 07:26:48.626000,8.65006,8.64835,1000000,1000000
2020-08-28 07:26:48.794000,8.65006,8.64828,1000000,1000000
2020-08-28 07:26:48.845000,8.64981,8.6482,1000000,1000000
2020-08-28 07:26:49.147000,8.64986,8.6482,1000000,1000000
2020-08-28 07:26:50.462000,8.64984,8.6482,1000000,1000000
2020-08-28 07:26:50.837000,8.64977,8.6482,1000000,1000000
2020-08-28 07:26:51.489000,8.64979,8.64821,1000000,1000000
2020-08-28 07:26:51.539000,8.64979,8.64792,1260000,1000000
2020-08-28 07:26:51.640000,8.6498,8.64799,1260000,1000000
2020-08-28 07:26:51.691000,8.64967,8.64807,1000000,1000000
2020-08-28 07:26:52.192000,8.64962,8.64808,1000000,1000000
2020-08-28 07:26:52.354000,8.64983,8.64816,1000000,1000000
2020-08-28 07:26:52.405000,8.64983,8.64834,1000000,1000000
2020-08-28 07:26:52.455000,8.64983,8.64821,1000000,1000000
2020-08-28 07:26:52.607000,8.6498,8.64821,1000000,1000000
2020-08-28 07:26:53.813000,8.64977,8.64821,1000000,1000000
2020-08-28 07:26:53.865000,8.64977,8.64814,1000000,1000000
2020-08-28 07:26:53.966000,8.64972,8.64814,1000000,1000000
2020-08-28 07:26:54.338000,8.64977,8.64814,1000000,1000000
2020-08-28 07:26:55.829000,8.6498,8.64814,1000000,1000000
2020-08-28 07:26:56.502000,8.6498,8.64835,1000000,1000000
2020-08-28 07:26:56.603000,8.64997,8.64835,1000000,1000000
2020-08-28 07:26:56.704000,8.64997,8.64826,1000000,1000000
2020-08-28 07:26:56.805000,8.64988,8.64826,1000000,1000000
2020-08-28 07:26:57.062000,8.64992,8.64826,1000000,1000000
2020-08-28 07:26:58.884000,8.64992,8.64835,1000000,1000000
2020-08-28 07:26:58.935000,8.6501,8.6485,1000000,1000000
2020-08-28 07:26:59.036000,8.65016,8.64852,1000000,1000000
2020-08-28 07:26:59.503000,8.65014,8.64852,1000000,1000000
2020-08-28 07:26:59.656000,8.65014,8.64853,1000000,1000000
2020-08-28 07:26:59.757000,8.65033,8.64877,1000000,1000000
2020-08-28 07:26:59.908000,8.65045,8.64883,1000000,1000000
2020-08-28 07:27:00.097000,8.6503,8.64883,1000000,1000000
2020-08-28 07:27:00.198000,8.6503,8.64906,1000000,1000000
2020-08-28 07:27:00.299000,8.65049,8.64907,1000000,1000000
2020-08-28 07:27:00.629000,8.65049,8.64913,1000000,1000000
2020-08-28 07:27:00.730000,8.65075,8.64912,1000000,1000000
2020-08-28 07:27:00.781000,8.65075,8.64921,1000000,1000000
2020-08-28 07:27:00.882000,8.65075,8.64935,1000000,1000000
2020-08-28 07:27:00.933000,8.65103,8.64954,1000000,1000000
2020-08-28 07:27:00.983000,8.65125,8.64984,1000000,1000000
2020-08-28 07:27:01.034000,8.65152,8.64993,1000000,1000000
2020-08-28 07:27:01.085000,8.65152,8.65014,1000000,1000000
2020-08-28 07:27:01.136000,8.65162,8.65014,1000000,1000000
2020-08-28 07:27:01.303000,8.65167,8.65014,1000000,1000000
2020-08-28 07:27:01.509000,8.65155,8.65015,1000000,1000000
2020-08-28 07:27:01.619000,8.65156,8.65013,1000000,1000000
2020-08-28 07:27:01.770000,8.6517,8.65007,1000000,1000000
2020-08-28 07:27:01.820000,8.65169,8.6501,1000000,1000000
2020-08-28 07:27:01.921000,8.65149,8.65009,1000000,1000000
2020-08-28 07:27:02.123000,8.65136,8.65009,1000000,1000000
2020-08-28 07:27:02.444000,8.65141,8.65009,1000000,1000000
2020-08-28 07:27:02.675000,8.65136,8.65009,1000000,1000000
2020-08-28 07:27:02.968000,8.65136,8.64993,1000000,1000000
2020-08-28 07:27:03.119000,8.65132,8.64993,1000000,1000000
2020-08-28 07:27:03.371000,8.65133,8.64993,1000000,1000000
2020-08-28 07:27:03.664000,8.65133,8.65005,1000000,1000000
2020-08-28 07:27:03.765000,8.6514,8.65005,1000000,1000000
2020-08-28 07:27:04.067000,8.65151,8.65005,1000000,1000000
2020-08-28 07:27:04.368000,8.6515,8.65005,1000000,1000000
2020-08-28 07:27:05.039000,8.65144,8.65006,1000000,1000000
2020-08-28 07:27:05.578000,8.65152,8.65005,1000000,1000000
2020-08-28 07:27:05.975000,8.65153,8.65005,1000000,1000000
2020-08-28 07:27:06.769000,8.65156,8.65006,1000000,1000000
2020-08-28 07:27:06.820000,8.65161,8.65005,1000000,1000000
2020-08-28 07:27:07.626000,8.65157,8.65005,1000000,1000000
2020-08-28 07:27:08.260000,8.65185,8.65005,1000000,1000000
2020-08-28 07:27:08.311000,8.65172,8.65009,1000000,1000000
2020-08-28 07:27:08.412000,8.65229,8.65008,1000000,1000000
2020-08-28 07:27:08.614000,8.65238,8.65016,1000000,1000000
2020-08-28 07:27:08.805000,8.65246,8.65016,1000000,1000000
2020-08-28 07:27:09.048000,8.65227,8.65016,1000000,1000000
2020-08-28 07:27:09.157000,8.65246,8.65023,1000000,1000000
2020-08-28 07:27:09.259000,8.65257,8.65051,1000000,1000000
2020-08-28 07:27:09.568000,8.65267,8.65051,1000000,1000000
2020-08-28 07:27:09.619000,8.65267,8.65058,1000000,1000000
2020-08-28 07:27:09.798000,8.65275,8.65058,1000000,1000000
2020-08-28 07:27:09.953000,8.65267,8.65058,1000000,1000000
2020-08-28 07:27:10.633000,8.65256,8.65059,1000000,1000000
2020-08-28 07:27:10.683000,8.65267,8.65058,1000000,1000000
2020-08-28 07:27:10.734000,8.65257,8.65058,1000000,1000000
2020-08-28 07:27:10.791000,8.65257,8.65051,1000000,1000000
2020-08-28 07:27:10.892000,8.65267,8.65064,1000000,1000000
2020-08-28 07:27:10.993000,8.65257,8.65064,1000000,1000000
2020-08-28 07:27:11.195000,8.65267,8.65064,1000000,1000000
2020-08-28 07:27:11.346000,8.65257,8.65064,1000000,1000000
2020-08-28 07:27:11.733000,8.65237,8.65061,1000000,1000000
2020-08-28 07:27:11.783000,8.65257,8.65055,1000000,1000000
2020-08-28 07:27:11.834000,8.65265,8.65082,1000000,1000000
2020-08-28 07:27:11.935000,8.65277,8.6509,1000000,1000000
2020-08-28 07:27:12.086000,8.65267,8.6509,1000000,1000000
2020-08-28 07:27:12.246000,8.65257,8.6509,1000000,1000000
2020-08-28 07:27:13.169000,8.65257,8.65083,1000000,1000000
2020-08-28 07:27:13.275000,8.65267,8.65083,1000000,1000000
2020-08-28 07:27:13.473000,8.65257,8.65083,1000000,1000000
2020-08-28 07:27:13.685000,8.6527,8.65097,1000000,1000000
2020-08-28 07:27:13.836000,8.65287,8.65112,1000000,1000000
2020-08-28 07:27:14.709000,8.65277,8.65112,1000000,1000000
2020-08-28 07:27:14.759000,8.65267,8.65097,1000000,1000000
2020-08-28 07:27:14.860000,8.65276,8.65098,1000000,1000000
2020-08-28 07:27:14.911000,8.65267,8.65097,1000000,1000000
2020-08-28 07:27:15.124000,8.65277,8.65097,1000000,1000000
2020-08-28 07:27:15.175000,8.65278,8.6512,1000000,1000000
2020-08-28 07:27:15.276000,8.65278,8.65142,1000000,1000000
2020-08-28 07:27:15.327000,8.65326,8.65149,1000000,1000000
2020-08-28 07:27:15.378000,8.65317,8.65135,1000000,1000000
2020-08-28 07:27:15.429000,8.65322,8.65141,1000000,1000000
2020-08-28 07:27:15.641000,8.65317,8.65142,1000000,1000000
2020-08-28 07:27:15.794000,8.65318,8.65151,1000000,1000000
2020-08-28 07:27:15.845000,8.65336,8.65151,1000000,1000000
2020-08-28 07:27:15.996000,8.65324,8.65151,1000000,1000000
2020-08-28 07:27:16.248000,8.65324,8.65142,1000000,1000000
2020-08-28 07:27:16.299000,8.65313,8.65142,1000000,1000000
2020-08-28 07:27:16.950000,8.65315,8.65142,1000000,1000000
2020-08-28 07:27:18.023000,8.65315,8.65134,1000000,1000000
2020-08-28 07:27:18.175000,8.65298,8.65134,1000000,1000000
2020-08-28 07:27:18.747000,8.65289,8.65135,1000000,1000000
2020-08-28 07:27:18.949000,8.65282,8.65126,1000000,1000000
2020-08-28 07:27:19.150000,8.65286,8.65126,1000000,1000000
2020-08-28 07:27:19.347000,8.65286,8.65116,1000000,1000000
2020-08-28 07:27:19.952000,8.65288,8.65116,1000000,1000000
2020-08-28 07:27:20.309000,8.6529,8.65116,1000000,1000000
2020-08-28 07:27:20.767000,8.65258,8.65116,1000000,1000000
2020-08-28 07:27:21.070000,8.65258,8.65103,1000000,1000000
2020-08-28 07:27:21.120000,8.65241,8.65103,1000000,1000000
2020-08-28 07:27:21.221000,8.65241,8.6511,1000000,1000000
2020-08-28 07:27:21.322000,8.65245,8.6511,1000000,1000000
2020-08-28 07:27:21.423000,8.65252,8.6511,1000000,1000000
2020-08-28 07:27:21.594000,8.65242,8.6511,1000000,1000000
2020-08-28 07:27:21.697000,8.65242,8.65106,1000000,1000000
2020-08-28 07:27:21.797000,8.65317,8.65106,1100000,1000000
2020-08-28 07:27:22.360000,8.65315,8.65091,1100000,1000000
2020-08-28 07:27:22.856000,8.65309,8.65091,1500000,1000000
2020-08-28 07:27:23.423000,8.65306,8.65091,1500000,1000000
2020-08-28 07:27:23.574000,8.65306,8.65091,1000000,1000000
2020-08-28 07:27:23.725000,8.65305,8.65091,1000000,1000000
2020-08-28 07:27:23.879000,8.65304,8.65091,1000000,1000000
2020-08-28 07:27:23.930000,8.65299,8.65092,1000000,1000000
2020-08-28 07:27:24.237000,8.65293,8.65091,1000000,1000000
2020-08-28 07:27:24.673000,8.65321,8.65091,1100000,1000000
2020-08-28 07:27:24.724000,8.65329,8.651,1100000,1000000
2020-08-28 07:27:24.825000,8.65345,8.65114,1100000,1000000
2020-08-28 07:27:24.876000,8.65347,8.65131,1000000,1000000
2020-08-28 07:27:24.977000,8.65372,8.65131,1120000,1000000
2020-08-28 07:27:25.335000,8.65333,8.65131,1000000,1000000
2020-08-28 07:27:25.541000,8.6533,8.65131,1000000,1000000
2020-08-28 07:27:25.642000,8.65327,8.65131,1000000,1000000
2020-08-28 07:27:25.779000,8.65356,8.65132,1000000,1000000
2020-08-28 07:27:26.682000,8.65367,8.65131,1000000,1000000
2020-08-28 07:27:26.733000,8.65371,8.65131,1000000,1000000
2020-08-28 07:27:26.835000,8.65367,8.65131,1000000,1000000
2020-08-28 07:27:26.986000,8.65394,8.65153,1000000,1000000
2020-08-28 07:27:27.037000,8.65394,8.65168,1000000,1000000
2020-08-28 07:27:27.087000,8.65397,8.65168,1000000,1000000
2020-08-28 07:27:28.112000,8.65387,8.65168,1000000,1000000
2020-08-28 07:27:28.213000,8.65377,8.65167,1000000,1000000
2020-08-28 07:27:28.314000,8.65367,8.65167,1000000,1000000
2020-08-28 07:27:28.541000,8.65377,8.65167,1000000,1000000
2020-08-28 07:27:28.878000,8.65385,8.65167,1000000,1000000
2020-08-28 07:27:28.929000,8.65393,8.65168,1000000,1000000
2020-08-28 07:27:29.138000,8.65396,8.65168,1000000,1000000
2020-08-28 07:27:29.188000,8.65387,8.65168,1000000,1000000
2020-08-28 07:27:29.440000,8.65357,8.65168,1000000,1000000
2020-08-28 07:27:29.671000,8.65352,8.65168,1000000,1000000
2020-08-28 07:27:29.872000,8.65396,8.65168,1000000,1000000
2020-08-28 07:27:29.923000,8.65394,8.65168,1000000,1000000
2020-08-28 07:27:30.500000,8.65397,8.65168,1000000,1000000
2020-08-28 07:27:30.669000,8.65299,8.65103,1000000,1000000
2020-08-28 07:27:30.820000,8.65283,8.65094,1000000,1000000
2020-08-28 07:27:30.971000,8.65283,8.65089,1000000,1000000
2020-08-28 07:27:31.072000,8.65289,8.65089,1000000,1000000
2020-08-28 07:27:31.182000,8.65289,8.6509,1000000,1000000
2020-08-28 07:27:31.333000,8.65289,8.65115,1000000,1000000
2020-08-28 07:27:31.488000,8.65289,8.65088,1000000,1000000
2020-08-28 07:27:31.742000,8.65289,8.65117,1000000,1000000
2020-08-28 07:27:32.226000,8.65289,8.65118,1000000,1000000
2020-08-28 07:27:32.495000,8.65289,8.65089,1000000,1000000
2020-08-28 07:27:32.631000,8.65289,8.65118,1000000,1000000
2020-08-28 07:27:32.681000,8.65288,8.6509,1000000,1000000
2020-08-28 07:27:32.835000,8.65289,8.65118,1000000,1000000
2020-08-28 07:27:33.040000,8.65281,8.65119,1000000,1000000
2020-08-28 07:27:33.287000,8.65291,8.65118,1000000,1000000
2020-08-28 07:27:33.489000,8.65291,8.65108,1000000,1000000
2020-08-28 07:27:33.751000,8.65291,8.65107,1000000,1000000
2020-08-28 07:27:33.905000,8.65291,8.65099,1000000,1000000
2020-08-28 07:27:34.141000,8.65291,8.65131,1000000,1000000
2020-08-28 07:27:34.275000,8.65307,8.65131,1000000,1000000
2020-08-28 07:27:34.325000,8.65307,8.65149,1000000,1000000
2020-08-28 07:27:34.476000,8.65312,8.65149,1000000,1000000
2020-08-28 07:27:34.527000,8.65312,8.65115,1000000,1000000
2020-08-28 07:27:34.578000,8.65315,8.65115,1000000,1000000
2020-08-28 07:27:35.034000,8.65318,8.65115,1000000,1000000
2020-08-28 07:27:35.491000,8.65318,8.65123,1000000,1000000
2020-08-28 07:27:35.680000,8.65318,8.65113,1000000,1000000
2020-08-28 07:27:36.012000,8.65317,8.65112,1000000,1000000
2020-08-28 07:27:36.120000,8.65319,8.65111,1000000,1000000
2020-08-28 07:27:36.221000,8.65319,8.65115,1000000,1000000
2020-08-28 07:27:36.322000,8.65319,8.65112,1000000,1000000
2020-08-28 07:27:36.373000,8.65319,8.65112,1000000,1500000
2020-08-28 07:27:38.171000,8.65319,8.65116,1000000,1000000
2020-08-28 07:27:38.299000,8.65334,8.65129,1000000,1000000
2020-08-28 07:27:38.501000,8.65334,8.65126,1000000,1000000
2020-08-28 07:27:38.551000,8.65334,8.6513,1000000,1000000
2020-08-28 07:27:39.188000,8.65333,8.65127,1000000,1000000
2020-08-28 07:27:39.390000,8.65333,8.65123,1000000,1000000
2020-08-28 07:27:39.845000,8.65312,8.65123,1000000,1000000
2020-08-28 07:27:40.771000,8.65313,8.65123,1000000,1000000
2020-08-28 07:27:40.872000,8.65313,8.65153,1000000,1000000
2020-08-28 07:27:40.922000,8.6535,8.65153,1000000,1000000
2020-08-28 07:27:41.023000,8.6535,8.65165,1000000,1000000
2020-08-28 07:27:41.343000,8.6535,8.65161,1000000,1000000
2020-08-28 07:27:41.495000,8.65345,8.65161,1000000,1000000
2020-08-28 07:27:41.545000,8.65345,8.65146,1000000,1000000
2020-08-28 07:27:41.747000,8.65345,8.65154,1000000,1000000
2020-08-28 07:27:41.879000,8.6536,8.65154,1000000,1000000
2020-08-28 07:27:41.929000,8.6536,8.65159,1000000,1000000
2020-08-28 07:27:42.068000,8.6538,8.65159,1000000,1000000
2020-08-28 07:27:42.805000,8.6538,8.6515,1000000,1000000
2020-08-28 07:27:44.370000,8.6538,8.65163,1000000,1000000
2020-08-28 07:27:44.421000,8.65412,8.65193,1000000,1000000
2020-08-28 07:27:44.522000,8.6542,8.6519,1000000,1000000
2020-08-28 07:27:44.682000,8.6542,8.65193,1000000,1000000
2020-08-28 07:27:44.834000,8.6542,8.65203,1000000,1000000
2020-08-28 07:27:45.628000,8.6542,8.65213,1000000,1000000
2020-08-28 07:27:45.729000,8.65434,8.6524,1000000,1000000
2020-08-28 07:27:45.931000,8.65447,8.65243,1000000,1000000
2020-08-28 07:27:46.133000,8.65447,8.65242,1000000,1000000
2020-08-28 07:27:46.243000,8.65447,8.65212,1000000,1000000
2020-08-28 07:27:46.294000,8.65427,8.65212,1000000,1000000
2020-08-28 07:27:46.395000,8.65412,8.65212,1000000,1000000
2020-08-28 07:27:46.519000,8.65412,8.65216,1000000,1000000
2020-08-28 07:27:46.672000,8.65411,8.65219,1000000,1000000
2020-08-28 07:27:46.869000,8.65412,8.6522,1000000,1000000
2020-08-28 07:27:47.084000,8.65412,8.65221,1000000,1000000
2020-08-28 07:27:47.134000,8.65412,8.65203,1000000,1000000
2020-08-28 07:27:47.335000,8.65412,8.65221,1000000,1000000
2020-08-28 07:27:47.736000,8.65411,8.65204,1000000,1000000
2020-08-28 07:27:48.432000,8.65411,8.65214,1000000,1000000
2020-08-28 07:27:48.483000,8.65429,8.65223,1000000,1000000
2020-08-28 07:27:48.603000,8.65429,8.65213,1000000,1000000
2020-08-28 07:27:48.754000,8.65429,8.6523,1000000,1000000
2020-08-28 07:27:49.756000,8.65429,8.65206,1000000,1000000
2020-08-28 07:27:50.177000,8.65429,8.65232,1000000,1000000
2020-08-28 07:27:50.332000,8.65429,8.65235,1000000,1000000
2020-08-28 07:27:50.534000,8.65429,8.6524,1000000,1000000
2020-08-28 07:27:50.743000,8.65429,8.65207,1000000,1000000
2020-08-28 07:27:51.964000,8.65429,8.65203,1000000,1000000
2020-08-28 07:27:52.216000,8.65406,8.65188,1000000,1000000
2020-08-28 07:27:52.266000,8.65418,8.65188,1000000,1000000
2020-08-28 07:27:52.319000,8.65418,8.65193,1000000,1000000
2020-08-28 07:27:52.369000,8.65418,8.65188,1000000,1000000
2020-08-28 07:27:52.420000,8.65418,8.65183,1000000,1000000
2020-08-28 07:27:52.543000,8.65418,8.65178,1000000,1500000
2020-08-28 07:27:52.593000,8.65417,8.65187,1000000,1000000
2020-08-28 07:27:52.694000,8.65418,8.65193,1000000,1000000
2020-08-28 07:27:52.829000,8.65418,8.65194,1000000,1000000
2020-08-28 07:27:52.932000,8.65418,8.65194,1000000,1500000
2020-08-28 07:27:52.982000,8.65429,8.65194,1000000,1500000
2020-08-28 07:27:53.033000,8.65429,8.65211,1000000,1000000
2020-08-28 07:27:53.349000,8.65428,8.65209,1000000,1000000
2020-08-28 07:27:53.550000,8.65444,8.65216,1000000,1500000
2020-08-28 07:27:53.601000,8.65444,8.65216,1000000,1120000
2020-08-28 07:27:53.725000,8.65444,8.6523,1000000,1000000
2020-08-28 07:27:53.977000,8.65444,8.65226,1000000,1000000
2020-08-28 07:27:54.771000,8.65444,8.6523,1000000,1000000
2020-08-28 07:27:54.872000,8.65435,8.6523,1000000,1000000
2020-08-28 07:27:54.973000,8.65435,8.65214,1000000,1000000
2020-08-28 07:27:55.438000,8.6543,8.65214,1000000,1000000
2020-08-28 07:27:55.679000,8.6543,8.65203,1000000,1000000
2020-08-28 07:27:55.831000,8.6541,8.65203,1000000,1000000
2020-08-28 07:27:55.881000,8.6541,8.65189,1000000,1000000
2020-08-28 07:27:56.282000,8.6541,8.65183,1000000,1000000
2020-08-28 07:27:56.646000,8.6541,8.65179,1000000,1000000
2020-08-28 07:27:56.848000,8.6541,8.65174,1000000,1000000
2020-08-28 07:27:57.063000,8.6541,8.65178,1000000,1000000
2020-08-28 07:27:57.517000,8.6541,8.65182,1000000,1000000
2020-08-28 07:27:57.694000,8.65399,8.65183,1000000,1000000
2020-08-28 07:27:57.972000,8.65419,8.65182,1000000,1000000
2020-08-28 07:27:58.073000,8.65418,8.65206,1000000,1000000
2020-08-28 07:27:58.124000,8.65428,8.65205,1000000,1000000
2020-08-28 07:27:58.225000,8.65428,8.65231,1000000,1000000
2020-08-28 07:27:58.457000,8.65428,8.65235,1000000,1000000
2020-08-28 07:27:58.558000,8.65428,8.65243,1000000,1000000
2020-08-28 07:27:58.674000,8.65428,8.65253,1000000,1000000
2020-08-28 07:27:58.724000,8.65428,8.65243,1000000,1000000
2020-08-28 07:27:58.775000,8.65428,8.65256,1000000,1000000
2020-08-28 07:27:58.919000,8.65428,8.65258,1000000,1000000
2020-08-28 07:27:58.969000,8.65428,8.65243,1000000,1000000
2020-08-28 07:27:59.020000,8.65428,8.65237,1000000,1000000
2020-08-28 07:27:59.071000,8.65428,8.65241,1000000,1000000
2020-08-28 07:27:59.221000,8.65428,8.65243,1000000,1000000
2020-08-28 07:27:59.322000,8.65428,8.65253,1000000,1000000
2020-08-28 07:27:59.571000,8.65428,8.65241,1000000,1000000
2020-08-28 07:27:59.725000,8.65428,8.6524,1000000,1000000
2020-08-28 07:27:59.826000,8.65428,8.65223,1000000,1000000
2020-08-28 07:27:59.876000,8.65428,8.65233,1000000,1000000
2020-08-28 07:28:00.043000,8.65428,8.65236,1000000,1000000
2020-08-28 07:28:00.286000,8.65428,8.65233,1000000,1000000
2020-08-28 07:28:00.387000,8.65428,8.65221,1000000,1000000
2020-08-28 07:28:00.567000,8.65428,8.65223,1000000,1000000
2020-08-28 07:28:00.791000,8.65428,8.65234,1000000,1000000
2020-08-28 07:28:00.842000,8.65486,8.65234,1000000,1000000
2020-08-28 07:28:00.974000,8.65486,8.65239,1000000,1000000
2020-08-28 07:28:01.125000,8.65486,8.65239,1000000,1500000
2020-08-28 07:28:01.176000,8.65485,8.6524,1000000,1000000
2020-08-28 07:28:01.377000,8.655,8.65244,1000000,1000000
2020-08-28 07:28:01.428000,8.65494,8.65228,1000000,1000000
2020-08-28 07:28:01.478000,8.65463,8.65223,1000000,1000000
2020-08-28 07:28:01.579000,8.6541,8.65211,1500000,1000000
2020-08-28 07:28:01.630000,8.6541,8.65183,1000000,1000000
2020-08-28 07:28:01.681000,8.6541,8.65193,1000000,1000000
2020-08-28 07:28:01.782000,8.65396,8.65183,1000000,1000000
2020-08-28 07:28:01.833000,8.65396,8.65173,1000000,1000000
2020-08-28 07:28:02.396000,8.65396,8.65183,1000000,1000000
2020-08-28 07:28:02.558000,8.65396,8.65173,1000000,1000000
2020-08-28 07:28:02.671000,8.65396,8.65183,1000000,1000000
2020-08-28 07:28:03.103000,8.65395,8.65174,1000000,1000000
2020-08-28 07:28:03.330000,8.65396,8.65163,1000000,1000000
2020-08-28 07:28:03.907000,8.65396,8.65173,1000000,1000000
2020-08-28 07:28:04.018000,8.65403,8.65183,1000000,1000000
2020-08-28 07:28:05.191000,8.65403,8.65193,1000000,1000000
2020-08-28 07:28:05.306000,8.65402,8.65224,1000000,1000000
2020-08-28 07:28:05.700000,8.65403,8.65213,1000000,1000000
2020-08-28 07:28:05.902000,8.65393,8.65193,1000000,1000000
2020-08-28 07:28:05.952000,8.65393,8.65203,1000000,1000000
2020-08-28 07:28:06.053000,8.65393,8.65213,1000000,1000000
2020-08-28 07:28:06.183000,8.65408,8.65223,1000000,1000000
2020-08-28 07:28:06.284000,8.65408,8.65213,1000000,1000000
2020-08-28 07:28:06.918000,8.65408,8.65223,1000000,1000000
2020-08-28 07:28:06.968000,8.65408,8.65213,1000000,1000000
2020-08-28 07:28:07.019000,8.65408,8.65223,1000000,1000000
2020-08-28 07:28:07.723000,8.65407,8.65214,1000000,1000000
2020-08-28 07:28:08.131000,8.6541,8.65213,1000000,1000000
2020-08-28 07:28:08.986000,8.65407,8.65203,1000000,1000000
2020-08-28 07:28:09.195000,8.6541,8.65213,1000000,1000000
2020-08-28 07:28:09.297000,8.65409,8.65224,1000000,1000000
2020-08-28 07:28:09.347000,8.6541,8.65213,1000000,1000000
2020-08-28 07:28:09.549000,8.65424,8.65233,1000000,1000000
2020-08-28 07:28:09.600000,8.65427,8.65233,1000000,1000000
2020-08-28 07:28:09.650000,8.65427,8.65243,1000000,1000000
2020-08-28 07:28:09.700000,8.65427,8.65233,1000000,1000000
2020-08-28 07:28:09.751000,8.65427,8.65223,1500000,1000000
2020-08-28 07:28:09.802000,8.65427,8.65233,1000000,1000000
2020-08-28 07:28:09.852000,8.65434,8.65233,1000000,1000000
2020-08-28 07:28:10.699000,8.65434,8.65243,1000000,1000000
2020-08-28 07:28:10.750000,8.65434,8.65233,1000000,1000000
2020-08-28 07:28:11.292000,8.65434,8.65243,1000000,1000000
2020-08-28 07:28:11.609000,8.65434,8.65233,1000000,1000000
2020-08-28 07:28:11.957000,8.65434,8.65243,1000000,1000000
2020-08-28 07:28:12.058000,8.65447,8.65243,1000000,1000000
2020-08-28 07:28:12.451000,8.65448,8.65253,1000000,1000000
2020-08-28 07:28:12.501000,8.65467,8.65263,1000000,1000000
2020-08-28 07:28:12.704000,8.65457,8.65253,1000000,1000000
2020-08-28 07:28:13.656000,8.65447,8.65243,1000000,1000000
2020-08-28 07:28:13.757000,8.65467,8.65263,1000000,1000000
2020-08-28 07:28:13.884000,8.65476,8.65273,1000000,1000000
2020-08-28 07:28:13.984000,8.65467,8.65263,1000000,1000000
2020-08-28 07:28:14.243000,8.65483,8.65283,1000000,1000000
2020-08-28 07:28:14.344000,8.65503,8.65313,1000000,1000000
2020-08-28 07:28:14.444000,8.65517,8.65313,1000000,1000000
2020-08-28 07:28:14.495000,8.65527,8.65323,1000000,1000000
2020-08-28 07:28:14.697000,8.65517,8.65313,1000000,1000000
2020-08-28 07:28:14.848000,8.65526,8.65323,1000000,1000000
2020-08-28 07:28:14.949000,8.65527,8.65323,1000000,1000000
2020-08-28 07:28:15.966000,8.65537,8.65333,1000000,1000000
2020-08-28 07:28:16.067000,8.65527,8.65323,1000000,1000000
2020-08-28 07:28:16.291000,8.65517,8.65313,1000000,1000000
2020-08-28 07:28:16.497000,8.65527,8.65323,1000000,1000000
2020-08-28 07:28:17.337000,8.65537,8.65333,1000000,1000000
2020-08-28 07:28:17.438000,8.65527,8.65323,1000000,1000000
2020-08-28 07:28:17.818000,8.65537,8.65333,1000000,1000000
2020-08-28 07:28:17.919000,8.65526,8.65324,1000000,1000000
2020-08-28 07:28:18.020000,8.65537,8.65333,1000000,1000000
2020-08-28 07:28:18.127000,8.65527,8.65323,1000000,1000000
2020-08-28 07:28:18.399000,8.65549,8.65373,1000000,1000000
2020-08-28 07:28:18.449000,8.65577,8.65373,1000000,1000000
2020-08-28 07:28:18.601000,8.65597,8.65393,1000000,1000000
2020-08-28 07:28:18.702000,8.65606,8.65404,1000000,1000000
2020-08-28 07:28:19.004000,8.65587,8.65387,1000000,1000000
2020-08-28 07:28:19.130000,8.65587,8.65391,1000000,1000000
2020-08-28 07:28:19.281000,8.65587,8.65414,1000000,1000000
2020-08-28 07:28:19.720000,8.65587,8.65396,1000000,1000000
2020-08-28 07:28:19.922000,8.65587,8.65401,1000000,1000000
2020-08-28 07:28:19.972000,8.65597,8.65401,1000000,1000000
2020-08-28 07:28:20.023000,8.65607,8.65401,1000000,1000000
2020-08-28 07:28:20.124000,8.65606,8.65412,1000000,1000000
2020-08-28 07:28:20.325000,8.65607,8.65395,1000000,1000000
2020-08-28 07:28:20.426000,8.65614,8.65395,1000000,1000000
2020-08-28 07:28:20.527000,8.65607,8.65391,1000000,1000000
2020-08-28 07:28:20.628000,8.65597,8.65391,1000000,1000000
2020-08-28 07:28:20.731000,8.65597,8.65387,1000000,1000000
2020-08-28 07:28:21.327000,8.65614,8.65387,1000000,1000000
2020-08-28 07:28:21.378000,8.65614,8.65393,1000000,1000000
2020-08-28 07:28:21.479000,8.65624,8.65403,1000000,1000000
2020-08-28 07:28:21.581000,8.65624,8.65413,1000000,1000000
2020-08-28 07:28:21.682000,8.65639,8.65443,1000000,1000000
2020-08-28 07:28:21.732000,8.65674,8.6545,1000000,1000000
2020-08-28 07:28:21.783000,8.65693,8.65456,1000000,1000000
2020-08-28 07:28:21.884000,8.65705,8.65475,1000000,1000000
2020-08-28 07:28:21.985000,8.65706,8.65497,1000000,1000000
2020-08-28 07:28:22.086000,8.65714,8.65507,1000000,1000000
2020-08-28 07:28:22.947000,8.65726,8.65517,1000000,1000000
2020-08-28 07:28:23.602000,8.6572,8.65506,1000000,1000000
2020-08-28 07:28:23.653000,8.65707,8.65503,1000000,1000000
2020-08-28 07:28:23.754000,8.65698,8.65496,1000000,1000000
2020-08-28 07:28:23.905000,8.65697,8.65489,1000000,1000000
2020-08-28 07:28:24.026000,8.65685,8.65481,1000000,1000000
2020-08-28 07:28:24.177000,8.65663,8.65459,1000000,1000000
2020-08-28 07:28:24.804000,8.65682,8.65473,1000000,1000000
2020-08-28 07:28:26.781000,8.65697,8.65488,1000000,1000000
2020-08-28 07:28:26.882000,8.65717,8.65504,1000000,1000000
2020-08-28 07:28:26.983000,8.65718,8.65504,1000000,1000000
2020-08-28 07:28:27.418000,8.65706,8.65497,1000000,1000000
2020-08-28 07:28:27.519000,8.65692,8.65488,1000000,1000000
2020-08-28 07:28:30.208000,8.65679,8.65476,1000000,1000000
2020-08-28 07:28:30.309000,8.65658,8.6546,1000000,1000000
2020-08-28 07:28:30.360000,8.65668,8.65467,1000000,1000000
2020-08-28 07:28:30.410000,8.65659,8.65459,1000000,1000000
2020-08-28 07:28:30.724000,8.65668,8.65467,1000000,1000000
2020-08-28 07:28:31.062000,8.6566,8.6546,1000000,1000000
2020-08-28 07:28:31.520000,8.65668,8.65467,1000000,1000000
2020-08-28 07:28:31.621000,8.65673,8.65484,1000000,1000000
2020-08-28 07:28:32.304000,8.65686,8.65499,1000000,1000000
2020-08-28 07:28:32.405000,8.65692,8.65505,1000000,1000000
2020-08-28 07:28:32.943000,8.65685,8.65492,1000000,1000000
2020-08-28 07:28:33.348000,8.657,8.65511,1000000,1000000
2020-08-28 07:28:33.722000,8.6572,8.65522,1000000,1000000
2020-08-28 07:28:33.773000,8.65729,8.65535,1000000,1000000
2020-08-28 07:28:33.823000,8.65751,8.65547,1000000,1000000
2020-08-28 07:28:34.210000,8.65749,8.65546,1000000,1000000
2020-08-28 07:28:34.582000,8.65752,8.65552,1000000,1000000
2020-08-28 07:28:35.754000,8.65749,8.65549,1000000,1000000
2020-08-28 07:28:36.061000,8.65743,8.65537,1000000,1000000
2020-08-28 07:28:36.293000,8.65751,8.65545,1000000,1000000
2020-08-28 07:28:37.037000,8.6576,8.65565,1000000,1000000
2020-08-28 07:28:37.088000,8.65773,8.65572,1000000,1000000
2020-08-28 07:28:37.139000,8.65795,8.65596,1000000,1000000
2020-08-28 07:28:38.081000,8.65767,8.65567,1000000,1000000
2020-08-28 07:28:38.132000,8.6578,8.65579,1000000,1000000
2020-08-28 07:28:39.387000,8.65788,8.65588,1000000,1000000
2020-08-28 07:28:39.540000,8.658,8.65595,1000000,1000000
2020-08-28 07:28:39.691000,8.65803,8.65602,1000000,1000000
2020-08-28 07:28:39.913000,8.65795,8.65594,1000000,1000000
2020-08-28 07:28:40.014000,8.65787,8.65582,1000000,1000000
2020-08-28 07:28:40.774000,8.65766,8.65566,1000000,1000000
2020-08-28 07:28:41.608000,8.65757,8.65558,1000000,1000000
2020-08-28 07:28:41.659000,8.65751,8.6555,1000000,1000000
2020-08-28 07:28:41.760000,8.65738,8.65537,1000000,1000000
2020-08-28 07:28:42.011000,8.65735,8.6553,1000000,1000000
2020-08-28 07:28:42.062000,8.65726,8.65521,1000000,1000000
2020-08-28 07:28:42.163000,8.65715,8.65515,1000000,1000000
2020-08-28 07:28:42.501000,8.65705,8.65511,1000000,1000000
2020-08-28 07:28:42.609000,8.65682,8.65488,1000000,1000000
2020-08-28 07:28:42.710000,8.65669,8.65475,1000000,1000000
2020-08-28 07:28:42.812000,8.65663,8.65469,1000000,1000000
2020-08-28 07:28:42.913000,8.65652,8.65469,1000000,1000000
2020-08-28 07:28:43.405000,8.65654,8.65484,1000000,1000000
2020-08-28 07:28:43.455000,8.65668,8.65484,1000000,1000000
2020-08-28 07:28:43.971000,8.65659,8.65476,1000000,1000000
2020-08-28 07:28:44.122000,8.65647,8.65477,1000000,1000000
2020-08-28 07:28:44.323000,8.65651,8.65476,1000000,1000000
2020-08-28 07:28:44.683000,8.65648,8.65476,1000000,1000000
2020-08-28 07:28:44.954000,8.65674,8.65496,1000000,1000000
2020-08-28 07:28:45.005000,8.65673,8.65492,1000000,1000000
2020-08-28 07:28:45.055000,8.65668,8.65485,1000000,1000000
2020-08-28 07:28:45.358000,8.65663,8.65482,1000000,1000000
2020-08-28 07:28:45.509000,8.65663,8.65504,1000000,1000000
2020-08-28 07:28:45.559000,8.65686,8.65504,1000000,1000000
2020-08-28 07:28:45.711000,8.65686,8.6552,1000000,1000000
2020-08-28 07:28:45.761000,8.65686,8.65512,1000000,1000000
2020-08-28 07:28:45.812000,8.65687,8.65506,1000000,1000000
2020-08-28 07:28:45.963000,8.65685,8.65506,1000000,1000000
2020-08-28 07:28:46.362000,8.65689,8.65506,1000000,1000000
2020-08-28 07:28:46.589000,8.65693,8.65506,1000000,1000000
2020-08-28 07:28:47.827000,8.65689,8.65506,1000000,1000000
2020-08-28 07:28:48.028000,8.65692,8.65506,1000000,1000000
2020-08-28 07:28:48.902000,8.65697,8.65528,1000000,1000000
2020-08-28 07:28:49.057000,8.65717,8.65528,1000000,1000000
2020-08-28 07:28:49.608000,8.65704,8.65526,1000000,1000000
2020-08-28 07:28:49.709000,8.65714,8.65527,1000000,1000000
2020-08-28 07:28:50.676000,8.6572,8.65537,1000000,1000000
2020-08-28 07:28:50.828000,8.65718,8.65535,1000000,1000000
2020-08-28 07:28:51.264000,8.65722,8.65541,1000000,1000000
2020-08-28 07:28:51.465000,8.65714,8.65542,1000000,1000000
2020-08-28 07:28:52.419000,8.6571,8.65529,1000000,1000000
2020-08-28 07:28:52.521000,8.6571,8.65528,1000000,1000000
2020-08-28 07:28:52.622000,8.65702,8.65519,1000000,1000000
2020-08-28 07:28:52.736000,8.65696,8.65519,1000000,1000000
2020-08-28 07:28:53.749000,8.65689,8.65519,1000000,1000000
2020-08-28 07:28:55.385000,8.65682,8.65499,1000000,1000000
2020-08-28 07:28:55.436000,8.65679,8.65491,1000000,1000000
2020-08-28 07:28:55.486000,8.65673,8.65491,1000000,1000000
2020-08-28 07:28:56.237000,8.65663,8.65492,1000000,1000000
2020-08-28 07:28:56.628000,8.65668,8.65491,1000000,1000000
2020-08-28 07:28:57.653000,8.65672,8.65497,1000000,1000000
2020-08-28 07:28:57.806000,8.65681,8.65497,1000000,1000000
2020-08-28 07:28:58.218000,8.65678,8.65497,1000000,1000000
2020-08-28 07:28:59.584000,8.65685,8.65497,1000000,1000000
2020-08-28 07:28:59.684000,8.65681,8.65491,1000000,1000000
2020-08-28 07:28:59.785000,8.65675,8.65491,1000000,1000000
2020-08-28 07:28:59.886000,8.65647,8.65463,1000000,1000000
2020-08-28 07:28:59.987000,8.6563,8.65449,1000000,1000000
2020-08-28 07:29:00.038000,8.6563,8.65446,1000000,1000000
2020-08-28 07:29:00.089000,8.65625,8.65441,1000000,1000000
2020-08-28 07:29:00.359000,8.65651,8.65463,1000000,1000000
2020-08-28 07:29:00.460000,8.65666,8.65478,1000000,1000000
2020-08-28 07:29:00.661000,8.65674,8.65485,1000000,1000000
2020-08-28 07:29:01.119000,8.65662,8.65477,1000000,1000000
2020-08-28 07:29:01.273000,8.65652,8.65469,1000000,1000000
2020-08-28 07:29:01.568000,8.65645,8.65461,1000000,1000000
2020-08-28 07:29:01.848000,8.65645,8.65455,1000000,1000000
2020-08-28 07:29:02.351000,8.65632,8.65443,1000000,1000000
2020-08-28 07:29:02.753000,8.65618,8.65434,1000000,1000000
2020-08-28 07:29:03.598000,8.65633,8.65483,1000000,1000000
2020-08-28 07:29:03.699000,8.65655,8.65493,1000000,1000000
2020-08-28 07:29:03.749000,8.65668,8.65523,1000000,1000000
2020-08-28 07:29:03.800000,8.65675,8.65523,1000000,1000000
2020-08-28 07:29:03.851000,8.65674,8.65514,1000000,1000000
2020-08-28 07:29:03.901000,8.65675,8.65523,1000000,1000000
2020-08-28 07:29:04.321000,8.65678,8.65524,1000000,1000000
2020-08-28 07:29:04.460000,8.65679,8.65503,1000000,1000000
2020-08-28 07:29:04.510000,8.65679,8.65513,1000000,1000000
2020-08-28 07:29:04.561000,8.65666,8.65493,1000000,1000000
2020-08-28 07:29:04.712000,8.65665,8.65524,1000000,1000000
2020-08-28 07:29:04.763000,8.6568,8.65523,1000000,1000000
2020-08-28 07:29:05.884000,8.6568,8.65513,1000000,1000000
2020-08-28 07:29:05.935000,8.65666,8.65503,1000000,1000000
2020-08-28 07:29:05.986000,8.65659,8.65493,1000000,1000000
2020-08-28 07:29:06.086000,8.65659,8.65483,1000000,1000000
2020-08-28 07:29:06.187000,8.65651,8.65483,1000000,1000000
2020-08-28 07:29:06.437000,8.65648,8.65483,1000000,1000000
2020-08-28 07:29:07.221000,8.65662,8.65503,1000000,1000000
2020-08-28 07:29:07.604000,8.65661,8.65514,1000000,1000000
2020-08-28 07:29:07.787000,8.65662,8.65493,1000000,1000000
2020-08-28 07:29:07.888000,8.65653,8.65493,1000000,1000000
2020-08-28 07:29:08.243000,8.65653,8.65483,1000000,1000000
2020-08-28 07:29:10.338000,8.65668,8.65483,1000000,1000000
2020-08-28 07:29:10.389000,8.65647,8.65461,1000000,1000000
2020-08-28 07:29:10.490000,8.65637,8.65448,1000000,1000000
2020-08-28 07:29:10.591000,8.65647,8.65448,1000000,1000000
2020-08-28 07:29:10.641000,8.65648,8.65453,1000000,1000000
2020-08-28 07:29:10.931000,8.65648,8.65473,1000000,1000000
2020-08-28 07:29:10.981000,8.6566,8.65473,1000000,1000000
2020-08-28 07:29:11.032000,8.6567,8.65493,1000000,1000000
2020-08-28 07:29:11.495000,8.6567,8.65483,1000000,1000000
2020-08-28 07:29:11.596000,8.65661,8.65483,1000000,1000000
2020-08-28 07:29:13.911000,8.65661,8.65493,1000000,1000000
2020-08-28 07:29:13.962000,8.65669,8.65483,1000000,1000000
2020-08-28 07:29:14.012000,8.6566,8.65483,1000000,1000000
2020-08-28 07:29:15.534000,8.6566,8.65463,1000000,1000000
2020-08-28 07:29:15.721000,8.65656,8.65462,1000000,1000000
2020-08-28 07:29:15.822000,8.65637,8.65453,1000000,1000000
2020-08-28 07:29:15.872000,8.65647,8.65453,1000000,1000000
2020-08-28 07:29:15.923000,8.65627,8.65443,1000000,1000000
2020-08-28 07:29:15.973000,8.65641,8.65445,1000000,1000000
2020-08-28 07:29:16.346000,8.65659,8.65455,1000000,1000000
2020-08-28 07:29:16.396000,8.65666,8.65468,1500000,1000000
2020-08-28 07:29:16.724000,8.65657,8.6546,1000000,1000000
2020-08-28 07:29:16.825000,8.6566,8.6546,1000000,1000000
2020-08-28 07:29:17.027000,8.65662,8.65462,1000000,1000000
2020-08-28 07:29:21.428000,8.65668,8.65468,1000000,1000000
2020-08-28 07:29:21.579000,8.65656,8.6546,1000000,1000000
2020-08-28 07:29:21.629000,8.65653,8.65452,1000000,1000000
2020-08-28 07:29:21.680000,8.65661,8.65461,1000000,1000000
2020-08-28 07:29:21.781000,8.65657,8.65461,1000000,1000000
2020-08-28 07:29:21.930000,8.65667,8.65474,1000000,1000000
2020-08-28 07:29:22.132000,8.65657,8.65474,1000000,1000000
2020-08-28 07:29:22.340000,8.65669,8.65474,1000000,1000000
2020-08-28 07:29:22.462000,8.65667,8.65473,1000000,1000000
2020-08-28 07:29:22.573000,8.65668,8.65473,1000000,1500000
2020-08-28 07:29:23.790000,8.65668,8.65483,1000000,1000000
2020-08-28 07:29:24.023000,8.65661,8.65483,1000000,1000000
2020-08-28 07:29:24.128000,8.65661,8.65493,1000000,1000000
2020-08-28 07:29:24.184000,8.65663,8.65493,1000000,1000000
2020-08-28 07:29:24.235000,8.65669,8.65493,1000000,1000000
2020-08-28 07:29:26.939000,8.65668,8.65484,1000000,1000000
2020-08-28 07:29:27.139000,8.65668,8.65494,1000000,1000000
2020-08-28 07:29:27.640000,8.65669,8.65483,1000000,1000000
2020-08-28 07:29:28.333000,8.65669,8.65473,1000000,1000000
2020-08-28 07:29:28.640000,8.65668,8.65471,1000000,1000000
2020-08-28 07:29:31.119000,8.65656,8.65467,1000000,1000000
2020-08-28 07:29:31.170000,8.65648,8.65453,1000000,1000000
2020-08-28 07:29:31.221000,8.65636,8.65451,1000000,1000000
2020-08-28 07:29:31.271000,8.65664,8.6547,1000000,1000000
2020-08-28 07:29:31.372000,8.65678,8.65484,1000000,1000000
2020-08-28 07:29:32.347000,8.6568,8.65488,1000000,1000000
2020-08-28 07:29:32.447000,8.65671,8.6548,1000000,1000000
2020-08-28 07:29:35.109000,8.65674,8.65486,1000000,1000000
2020-08-28 07:29:35.295000,8.65663,8.65489,1000000,1000000
2020-08-28 07:29:35.418000,8.65655,8.65484,1000000,1000000
2020-08-28 07:29:37.290000,8.65657,8.6548,1000000,1000000
2020-08-28 07:29:37.564000,8.65637,8.65467,1000000,1000000
2020-08-28 07:29:37.614000,8.65615,8.65443,1000000,1000000
2020-08-28 07:29:37.665000,8.65615,8.65443,1500000,1000000
2020-08-28 07:29:37.765000,8.65606,8.6542,1500000,1000000
2020-08-28 07:29:37.816000,8.65588,8.65388,1000000,1000000
2020-08-28 07:29:38.167000,8.65577,8.65386,1000000,1000000
2020-08-28 07:29:39.487000,8.65575,8.65385,1000000,1000000
2020-08-28 07:29:39.605000,8.65558,8.65364,1000000,1000000
2020-08-28 07:29:39.812000,8.65575,8.65379,1000000,1000000
2020-08-28 07:29:40.345000,8.65582,8.65381,1000000,1000000
2020-08-28 07:29:40.559000,8.65582,8.65383,1000000,1000000
2020-08-28 07:29:40.808000,8.65584,8.65384,1000000,1000000
2020-08-28 07:29:41.106000,8.6559,8.65395,1000000,1000000
2020-08-28 07:29:41.627000,8.65579,8.65383,1000000,1500000
2020-08-28 07:29:43.662000,8.65588,8.6541,1000000,1000000
2020-08-28 07:29:43.763000,8.6561,8.65456,1000000,1000000
2020-08-28 07:29:45.094000,8.6559,8.65393,1000000,1500000
2020-08-28 07:29:45.245000,8.65587,8.65393,1000000,1000000
2020-08-28 07:29:46.038000,8.65587,8.65384,1000000,1000000
2020-08-28 07:29:46.138000,8.65587,8.65393,1000000,1000000
2020-08-28 07:29:46.225000,8.65587,8.65384,1000000,1000000
2020-08-28 07:29:48.312000,8.65587,8.65403,1000000,1000000
2020-08-28 07:29:48.413000,8.65609,8.65414,1000000,1000000
2020-08-28 07:29:48.464000,8.65614,8.65416,1000000,1000000
2020-08-28 07:29:48.514000,8.65607,8.65413,1000000,1000000
2020-08-28 07:29:48.564000,8.65614,8.65416,1000000,1000000
2020-08-28 07:29:49.621000,8.65614,8.65423,1000000,1000000
2020-08-28 07:29:50.054000,8.65614,8.65453,1000000,1000000
2020-08-28 07:29:50.104000,8.65619,8.65443,1000000,1000000
2020-08-28 07:29:50.155000,8.6563,8.65455,1000000,1000000
2020-08-28 07:29:50.264000,8.65644,8.65471,1000000,1000000
2020-08-28 07:29:50.465000,8.65637,8.65458,1000000,1000000
2020-08-28 07:29:51.276000,8.65634,8.6546,1000000,1000000
2020-08-28 07:29:51.918000,8.65636,8.65463,1000000,1000000
2020-08-28 07:29:52.019000,8.65638,8.65469,1000000,1000000
2020-08-28 07:29:56.706000,8.65645,8.65481,1000000,1000000
2020-08-28 07:29:57.646000,8.65636,8.65467,1000000,1000000
2020-08-28 07:29:57.729000,8.65609,8.65446,1000000,1000000
2020-08-28 07:29:57.780000,8.65622,8.65453,1000000,1000000
2020-08-28 07:29:57.831000,8.65629,8.65461,1000000,1000000
2020-08-28 07:29:57.932000,8.65636,8.6546,1000000,1000000
2020-08-28 07:29:58.357000,8.6564,8.65475,1000000,1000000
2020-08-28 07:29:58.457000,8.65632,8.65466,1000000,1000000
2020-08-28 07:29:58.609000,8.65639,8.65468,1000000,1000000
2020-08-28 07:29:59.042000,8.65642,8.65471,1000000,1000000
2020-08-28 07:29:59.453000,8.65642,8.65457,1000000,1000000
2020-08-28 07:30:00.211000,8.65632,8.65455,1000000,1000000
2020-08-28 07:30:00.624000,8.65631,8.65454,1000000,1000000
2020-08-28 07:30:00.775000,8.6562,8.6544,1000000,1000000
2020-08-28 07:30:00.889000,8.65607,8.65432,1000000,1000000
2020-08-28 07:30:00.940000,8.65604,8.65424,1000000,1000000
2020-08-28 07:30:01.040000,8.65598,8.65414,1000000,1000000
2020-08-28 07:30:01.192000,8.65577,8.65397,1000000,1000000
2020-08-28 07:30:01.342000,8.65556,8.6538,1000000,1000000
2020-08-28 07:30:01.985000,8.65547,8.65371,1000000,1000000
2020-08-28 07:30:02.086000,8.65533,8.65363,1000000,1000000
2020-08-28 07:30:02.509000,8.65525,8.6535,1000000,1000000
2020-08-28 07:30:03.270000,8.65525,8.65353,1000000,1000000
2020-08-28 07:30:03.338000,8.65531,8.65355,1000000,1000000
2020-08-28 07:30:03.693000,8.65536,8.65365,1000000,1000000
2020-08-28 07:30:06.228000,8.65548,8.65379,1000000,1000000
2020-08-28 07:30:06.279000,8.65557,8.65387,1000000,1000000
2020-08-28 07:30:06.380000,8.65571,8.65402,1000000,1000000
2020-08-28 07:30:06.480000,8.65574,8.654,1000000,1000000
2020-08-28 07:30:06.994000,8.65569,8.65393,1000000,1000000
2020-08-28 07:30:07.045000,8.65549,8.65379,1000000,1000000
2020-08-28 07:30:07.497000,8.65541,8.65371,1000000,1000000
2020-08-28 07:30:08.098000,8.65549,8.65406,1000000,1000000
2020-08-28 07:30:10.282000,8.65558,8.65413,1000000,1000000
2020-08-28 07:30:12.068000,8.65548,8.65408,1000000,1000000
2020-08-28 07:30:12.169000,8.65517,8.65379,1000000,1000000
2020-08-28 07:30:12.220000,8.65511,8.65366,1000000,1000000
2020-08-28 07:30:12.321000,8.65525,8.65379,1000000,1000000
2020-08-28 07:30:12.673000,8.65547,8.65412,1000000,1000000
2020-08-28 07:30:12.724000,8.65557,8.65414,1000000,1000000
2020-08-28 07:30:12.774000,8.65547,8.65414,1000000,1000000
2020-08-28 07:30:12.875000,8.65557,8.65414,1000000,1000000
2020-08-28 07:30:12.926000,8.65557,8.65421,1000000,1000000
2020-08-28 07:30:13.027000,8.65557,8.65422,1000000,1000000
2020-08-28 07:30:13.717000,8.65567,8.65422,1000000,1000000
2020-08-28 07:30:14.169000,8.65577,8.65422,1000000,1000000
2020-08-28 07:30:14.220000,8.65526,8.65418,1000000,1000000
2020-08-28 07:30:14.321000,8.65561,8.65385,1000000,1000000
2020-08-28 07:30:14.371000,8.65548,8.65376,1000000,1000000
2020-08-28 07:30:14.472000,8.65567,8.65414,1000000,1000000
2020-08-28 07:30:14.573000,8.65567,8.65449,1000000,1000000
2020-08-28 07:30:15.322000,8.65577,8.65449,1000000,1000000
2020-08-28 07:30:15.560000,8.65567,8.65449,1000000,1000000
2020-08-28 07:30:17.899000,8.65577,8.65449,1000000,1000000
2020-08-28 07:30:17.950000,8.65567,8.65449,1000000,1000000
2020-08-28 07:30:18,8.65607,8.65449,1000000,1000000
2020-08-28 07:30:18.051000,8.6562,8.65478,1000000,1000000
2020-08-28 07:30:18.202000,8.65617,8.65494,1000000,1000000
2020-08-28 07:30:18.252000,8.65627,8.65496,1000000,1000000
2020-08-28 07:30:18.303000,8.65627,8.655,1000000,1000000
2020-08-28 07:30:18.353000,8.65627,8.65494,1000000,1000000
2020-08-28 07:30:18.454000,8.65617,8.65494,1000000,1000000
2020-08-28 07:30:18.505000,8.65627,8.65494,1000000,1000000
2020-08-28 07:30:19.122000,8.65627,8.65486,1500000,1000000
2020-08-28 07:30:19.283000,8.65632,8.65486,1000000,1000000
2020-08-28 07:30:20.554000,8.65632,8.65493,1000000,1000000
2020-08-28 07:30:20.753000,8.65632,8.65499,1000000,1000000
2020-08-28 07:30:20.921000,8.65631,8.65499,1000000,1000000
2020-08-28 07:30:21.593000,8.65636,8.65499,1000000,1000000
2020-08-28 07:30:21.840000,8.65627,8.65499,1000000,1000000
2020-08-28 07:30:21.890000,8.65626,8.65493,1000000,1000000
2020-08-28 07:30:21.991000,8.65616,8.65493,1000000,1000000
2020-08-28 07:30:22.042000,8.65606,8.65477,1000000,1000000
2020-08-28 07:30:22.143000,8.65615,8.65477,1000000,1000000
2020-08-28 07:30:22.283000,8.6562,8.65477,1000000,1000000
2020-08-28 07:30:22.390000,8.6562,8.65492,1000000,1000000
2020-08-28 07:30:22.523000,8.65613,8.65492,1000000,1000000
2020-08-28 07:30:22.699000,8.65609,8.65492,1000000,1000000
2020-08-28 07:30:23.043000,8.65609,8.65486,1000000,1000000
2020-08-28 07:30:23.144000,8.65613,8.65486,1000000,1000000
2020-08-28 07:30:23.314000,8.65617,8.65486,1000000,1000000
2020-08-28 07:30:23.684000,8.65617,8.65492,1000000,1000000
2020-08-28 07:30:23.785000,8.65613,8.65492,1000000,1000000
2020-08-28 07:30:23.986000,8.65618,8.65492,1000000,1000000
2020-08-28 07:30:24.138000,8.65618,8.65479,1000000,1000000
2020-08-28 07:30:24.189000,8.65644,8.65479,1000000,1000000
2020-08-28 07:30:24.399000,8.65644,8.6548,1000000,1000000
2020-08-28 07:30:25.030000,8.65626,8.6546,1000000,1000000
2020-08-28 07:30:25.081000,8.65633,8.6545,1000000,1000000
2020-08-28 07:30:25.232000,8.65608,8.6545,1000000,1000000
2020-08-28 07:30:25.384000,8.65608,8.65458,1000000,1000000
2020-08-28 07:30:25.435000,8.6562,8.65458,1000000,1000000
2020-08-28 07:30:25.536000,8.6562,8.6545,1000000,1000000
2020-08-28 07:30:25.643000,8.65607,8.6545,1000000,1000000
2020-08-28 07:30:25.693000,8.65607,8.65443,1000000,1000000
2020-08-28 07:30:25.794000,8.65599,8.65443,1000000,1000000
2020-08-28 07:30:26.031000,8.65602,8.65428,1000000,1000000
2020-08-28 07:30:26.082000,8.65597,8.65428,1000000,1000000
2020-08-28 07:30:26.132000,8.65602,8.65428,1000000,1000000
2020-08-28 07:30:26.183000,8.65597,8.6542,1000000,1000000
2020-08-28 07:30:26.233000,8.65576,8.6542,1000000,1000000
2020-08-28 07:30:26.435000,8.65566,8.6542,1000000,1000000
2020-08-28 07:30:27.323000,8.65558,8.6542,1000000,1000000
2020-08-28 07:30:27.690000,8.65558,8.65408,1000000,1000000
2020-08-28 07:30:28.110000,8.65553,8.65408,1000000,1000000
2020-08-28 07:30:28.211000,8.65549,8.65408,1000000,1000000
2020-08-28 07:30:28.342000,8.65559,8.65408,1000000,1000000
2020-08-28 07:30:28.767000,8.65553,8.65408,1000000,1000000
2020-08-28 07:30:29.970000,8.65551,8.65408,1000000,1000000
2020-08-28 07:30:30.483000,8.65555,8.65408,1000000,1000000
2020-08-28 07:30:31.035000,8.65551,8.65408,1000000,1000000
2020-08-28 07:30:31.136000,8.65546,8.65387,1000000,1000000
2020-08-28 07:30:31.237000,8.65519,8.65378,1000000,1000000
2020-08-28 07:30:31.489000,8.65519,8.65399,1000000,1000000
2020-08-28 07:30:31.590000,8.65549,8.65407,1000000,1000000
2020-08-28 07:30:31.691000,8.65549,8.65414,1000000,1000000
2020-08-28 07:30:31.742000,8.65556,8.65414,1000000,1000000
2020-08-28 07:30:32.438000,8.65551,8.65414,1000000,1000000
2020-08-28 07:30:32.539000,8.65551,8.65402,1000000,1000000
2020-08-28 07:30:32.640000,8.65536,8.65393,1000000,1000000
2020-08-28 07:30:32.845000,8.65541,8.65393,1000000,1000000
2020-08-28 07:30:33.136000,8.65553,8.65413,1000000,1000000
2020-08-28 07:30:34.175000,8.65548,8.65413,1000000,1000000
2020-08-28 07:30:34.379000,8.65553,8.65414,1000000,1000000
2020-08-28 07:30:34.871000,8.65549,8.65413,1000000,1000000
2020-08-28 07:30:34.922000,8.65549,8.65392,1000000,1000000
2020-08-28 07:30:34.972000,8.65547,8.65392,1000000,1000000
2020-08-28 07:30:35.023000,8.65549,8.65392,1000000,1000000
2020-08-28 07:30:35.073000,8.65532,8.65406,1000000,1000000
2020-08-28 07:30:35.268000,8.65549,8.65406,1000000,1000000
2020-08-28 07:30:35.675000,8.65545,8.65407,1000000,1000000
2020-08-28 07:30:36.420000,8.65544,8.65406,1000000,1000000
2020-08-28 07:30:37.863000,8.65544,8.65421,1000000,1000000
2020-08-28 07:30:37.914000,8.65579,8.65421,1000000,1000000
2020-08-28 07:30:37.965000,8.65579,8.65432,1000000,1000000
2020-08-28 07:30:38.015000,8.65579,8.65422,1000000,1000000
2020-08-28 07:30:38.066000,8.65579,8.65414,1000000,1000000
2020-08-28 07:30:38.116000,8.65585,8.65422,1000000,1000000
2020-08-28 07:30:38.217000,8.65598,8.65445,1000000,1000000
2020-08-28 07:30:38.369000,8.65592,8.65445,1000000,1000000
2020-08-28 07:30:38.471000,8.65592,8.65439,1000000,1000000
2020-08-28 07:30:38.522000,8.65591,8.65447,1000000,1000000
2020-08-28 07:30:38.572000,8.65594,8.65447,1000000,1000000
2020-08-28 07:30:38.780000,8.65597,8.65446,1000000,1000000
2020-08-28 07:30:38.831000,8.65597,8.65425,1000000,1000000
2020-08-28 07:30:38.881000,8.65597,8.65433,1000000,1000000
2020-08-28 07:30:38.982000,8.65591,8.65446,1000000,1000000
2020-08-28 07:30:39.501000,8.65581,8.65427,1000000,1000000
2020-08-28 07:30:39.653000,8.65568,8.65427,1000000,1000000
2020-08-28 07:30:39.824000,8.65569,8.65418,1000000,1000000
2020-08-28 07:30:39.874000,8.65565,8.65418,1000000,1000000
2020-08-28 07:30:40.083000,8.65568,8.65419,1000000,1000000
2020-08-28 07:30:40.285000,8.65565,8.65418,1000000,1000000
2020-08-28 07:30:40.757000,8.65565,8.65433,1000000,1000000
2020-08-28 07:30:40.808000,8.65603,8.65434,1000000,1000000
2020-08-28 07:30:40.858000,8.65604,8.6545,1000000,1000000
2020-08-28 07:30:40.959000,8.65604,8.65464,1000000,1000000
2020-08-28 07:30:41.010000,8.65665,8.65464,1000000,1000000
2020-08-28 07:30:41.078000,8.65665,8.65475,1000000,1000000
2020-08-28 07:30:41.179000,8.65649,8.65484,1000000,1000000
2020-08-28 07:30:41.287000,8.65648,8.65498,1000000,1000000
2020-08-28 07:30:41.388000,8.65713,8.65507,1000000,1000000
2020-08-28 07:30:41.683000,8.65713,8.65508,1000000,1000000
2020-08-28 07:30:42.633000,8.65717,8.65508,1500000,1000000
2020-08-28 07:30:43.249000,8.65687,8.65508,1500000,1000000
2020-08-28 07:30:43.299000,8.65687,8.65486,1500000,1000000
2020-08-28 07:30:43.613000,8.65677,8.65486,1500000,1000000
2020-08-28 07:30:43.664000,8.65667,8.6547,1500000,1000000
2020-08-28 07:30:43.783000,8.65657,8.65455,1500000,1000000
2020-08-28 07:30:44.283000,8.65669,8.65455,1500000,1000000
2020-08-28 07:30:44.434000,8.65657,8.65455,1500000,1000000
2020-08-28 07:30:45.584000,8.65646,8.65455,1500000,1000000
2020-08-28 07:30:45.878000,8.65645,8.65444,1500000,1000000
2020-08-28 07:30:46.242000,8.65646,8.65427,1500000,1000000
2020-08-28 07:30:47.644000,8.65627,8.65427,1500000,1000000
2020-08-28 07:30:47.766000,8.65607,8.65411,1500000,1000000
2020-08-28 07:30:47.817000,8.65627,8.65411,2000000,1000000
2020-08-28 07:30:47.867000,8.65627,8.65412,2000000,1000000
2020-08-28 07:30:48.069000,8.65636,8.65413,1500000,1000000
2020-08-28 07:30:49.549000,8.65637,8.65412,1500000,1000000
2020-08-28 07:30:49.650000,8.65597,8.65391,1500000,1000000
2020-08-28 07:30:49.701000,8.65587,8.65376,1500000,1000000
2020-08-28 07:30:49.755000,8.65567,8.65354,1500000,1000000
2020-08-28 07:30:49.906000,8.65571,8.65369,1500000,1000000
2020-08-28 07:30:50.007000,8.65547,8.65347,1500000,1000000
2020-08-28 07:30:50.058000,8.65537,8.65347,1000000,1000000
2020-08-28 07:30:50.259000,8.65567,8.65347,1500000,1000000
2020-08-28 07:30:50.360000,8.65537,8.65347,1000000,1000000
2020-08-28 07:30:50.688000,8.65547,8.65347,1500000,1000000
2020-08-28 07:30:50.889000,8.65537,8.65347,1000000,1000000
2020-08-28 07:30:50.990000,8.65546,8.65348,1500000,1000000
2020-08-28 07:30:51.191000,8.65537,8.65347,1000000,1000000
2020-08-28 07:30:51.242000,8.65547,8.65347,1500000,1000000
2020-08-28 07:30:51.476000,8.65537,8.65347,1000000,1000000
2020-08-28 07:30:51.639000,8.65546,8.65348,1500000,1000000
2020-08-28 07:30:51.790000,8.65564,8.65347,1500000,1000000
2020-08-28 07:30:51.840000,8.65564,8.6537,1120000,1000000
2020-08-28 07:30:51.941000,8.65597,8.6537,1500000,1000000
2020-08-28 07:30:52.434000,8.65545,8.6537,1000000,1000000
2020-08-28 07:30:52.698000,8.6554,8.6537,1000000,1000000
2020-08-28 07:30:52.849000,8.6552,8.65361,1000000,1000000
2020-08-28 07:30:53.051000,8.65538,8.65361,1000000,1000000
2020-08-28 07:30:53.101000,8.65538,8.65376,1000000,1000000
2020-08-28 07:30:53.152000,8.65543,8.65376,1000000,1000000
2020-08-28 07:30:53.427000,8.65539,8.65376,1000000,1000000
2020-08-28 07:30:53.665000,8.65534,8.65376,1000000,1000000
2020-08-28 07:30:55,8.65534,8.65358,1000000,1000000
2020-08-28 07:30:55.050000,8.65527,8.65358,1000000,1000000
2020-08-28 07:30:55.101000,8.65534,8.65358,1000000,1000000
2020-08-28 07:30:55.202000,8.65514,8.65358,1000000,1000000
2020-08-28 07:30:55.403000,8.65508,8.65373,1000000,1000000
2020-08-28 07:30:55.454000,8.65508,8.65356,1000000,1000000
2020-08-28 07:30:55.594000,8.65505,8.65355,1000000,1000000
2020-08-28 07:30:56.665000,8.65505,8.65348,1000000,1000000
2020-08-28 07:30:56.716000,8.65492,8.6534,1000000,1000000
2020-08-28 07:30:56.918000,8.65488,8.6534,1000000,1000000
2020-08-28 07:30:57.105000,8.65497,8.6534,1000000,1000000
2020-08-28 07:30:57.434000,8.65487,8.6534,1000000,1000000
2020-08-28 07:30:57.489000,8.65487,8.65326,1000000,1000000
2020-08-28 07:30:57.641000,8.65473,8.65313,1000000,1000000
2020-08-28 07:30:57.844000,8.65477,8.65313,1000000,1000000
2020-08-28 07:30:58.315000,8.65477,8.65304,1500000,1000000
2020-08-28 07:30:58.365000,8.65442,8.65295,1000000,1000000
2020-08-28 07:30:58.416000,8.65442,8.65284,1000000,1000000
2020-08-28 07:30:58.850000,8.65442,8.65277,1000000,1000000
2020-08-28 07:30:59.002000,8.65424,8.65269,1000000,1000000
2020-08-28 07:30:59.052000,8.65424,8.65254,1000000,1000000
2020-08-28 07:30:59.103000,8.65424,8.65269,1000000,1000000
2020-08-28 07:30:59.204000,8.65431,8.65269,1000000,1000000
2020-08-28 07:30:59.305000,8.65431,8.65261,1000000,1000000
2020-08-28 07:30:59.596000,8.65432,8.65261,1000000,1000000
2020-08-28 07:30:59.788000,8.65407,8.65253,1000000,1000000
2020-08-28 07:30:59.839000,8.65407,8.6524,1000000,1000000
2020-08-28 07:30:59.940000,8.65407,8.65227,1000000,1000000
2020-08-28 07:30:59.990000,8.65392,8.65238,1000000,1000000
2020-08-28 07:31:00.041000,8.65397,8.65238,1000000,1000000
2020-08-28 07:31:00.142000,8.65387,8.65238,1000000,1000000
2020-08-28 07:31:00.193000,8.65396,8.65239,1500000,1000000
2020-08-28 07:31:00.373000,8.65387,8.65238,1000000,1000000
2020-08-28 07:31:00.424000,8.65397,8.65238,1000000,1000000
2020-08-28 07:31:00.875000,8.65387,8.65238,1000000,1000000
2020-08-28 07:31:00.999000,8.65377,8.65238,1000000,1000000
2020-08-28 07:31:01.049000,8.65387,8.65238,1000000,1000000
2020-08-28 07:31:01.100000,8.65377,8.65238,1000000,1000000
2020-08-28 07:31:01.249000,8.65367,8.65238,1000000,1000000
2020-08-28 07:31:01.299000,8.65377,8.65232,1000000,1000000
2020-08-28 07:31:01.350000,8.65387,8.65232,1000000,1000000
2020-08-28 07:31:01.565000,8.65377,8.65232,1000000,1000000
2020-08-28 07:31:01.716000,8.65367,8.65232,1000000,1000000
2020-08-28 07:31:01.817000,8.65387,8.65233,1000000,1000000
2020-08-28 07:31:01.918000,8.65387,8.65239,1000000,1000000
2020-08-28 07:31:02.094000,8.65377,8.65239,1000000,1000000
2020-08-28 07:31:02.346000,8.65386,8.6524,1000000,1000000
2020-08-28 07:31:02.621000,8.65397,8.65239,1000000,1000000
2020-08-28 07:31:02.943000,8.65427,8.65255,1000000,1000000
2020-08-28 07:31:02.993000,8.65427,8.65276,1000000,1000000
2020-08-28 07:31:03.195000,8.65437,8.65276,1000000,1000000
2020-08-28 07:31:03.525000,8.65447,8.65276,1000000,1000000
2020-08-28 07:31:03.726000,8.65427,8.65276,1000000,1000000
2020-08-28 07:31:03.827000,8.65417,8.6526,1000000,1000000
2020-08-28 07:31:03.878000,8.65407,8.65248,1000000,1000000
2020-08-28 07:31:03.979000,8.65427,8.65261,1000000,1000000
2020-08-28 07:31:04.080000,8.65437,8.65261,1000000,1000000
2020-08-28 07:31:04.980000,8.65447,8.65261,1000000,1000000
2020-08-28 07:31:05.081000,8.65447,8.65275,1000000,1000000
2020-08-28 07:31:05.182000,8.65447,8.65282,1000000,1000000
2020-08-28 07:31:06.136000,8.65447,8.65275,1000000,1000000
2020-08-28 07:31:06.187000,8.65427,8.65259,1000000,1000000
2020-08-28 07:31:06.238000,8.65426,8.65254,1000000,1000000
2020-08-28 07:31:06.288000,8.65407,8.65253,1000000,1000000
2020-08-28 07:31:06.439000,8.65407,8.65239,1000000,1000000
2020-08-28 07:31:06.540000,8.65397,8.65239,1000000,1000000
2020-08-28 07:31:06.870000,8.65387,8.65218,1000000,1000000
2020-08-28 07:31:06.921000,8.65377,8.65218,1000000,1000000
2020-08-28 07:31:07.122000,8.6539,8.65231,1000000,1000000
2020-08-28 07:31:07.173000,8.65415,8.65231,1000000,1000000
2020-08-28 07:31:07.274000,8.65415,8.6524,1000000,1000000
2020-08-28 07:31:07.356000,8.6542,8.6524,1000000,1000000
2020-08-28 07:31:07.457000,8.65422,8.6524,1000000,1000000
2020-08-28 07:31:07.658000,8.65417,8.6524,1000000,1000000
2020-08-28 07:31:07.759000,8.65417,8.65237,1000000,1000000
2020-08-28 07:31:07.860000,8.65409,8.65237,1000000,1000000
2020-08-28 07:31:07.961000,8.65404,8.65238,1000000,1000000
2020-08-28 07:31:08.011000,8.65405,8.65224,1000000,1000000
2020-08-28 07:31:08.062000,8.65387,8.65212,1000000,1000000
2020-08-28 07:31:08.112000,8.65405,8.65212,1000000,1000000
2020-08-28 07:31:08.163000,8.65392,8.65212,1000000,1000000
2020-08-28 07:31:08.282000,8.65387,8.65212,1000000,1000000
2020-08-28 07:31:08.484000,8.65357,8.65203,1000000,1000000
2020-08-28 07:31:08.534000,8.65347,8.6518,1000000,1000000
2020-08-28 07:31:09.128000,8.65317,8.65166,1000000,1000000
2020-08-28 07:31:09.178000,8.65317,8.65138,1000000,1000000
2020-08-28 07:31:09.359000,8.65317,8.65145,1000000,1000000
2020-08-28 07:31:09.459000,8.65335,8.65152,1000000,1000000
2020-08-28 07:31:09.510000,8.65335,8.65154,1000000,1000000
2020-08-28 07:31:09.611000,8.65337,8.65162,1000000,1000000
2020-08-28 07:31:09.661000,8.65337,8.65148,1000000,1000000
2020-08-28 07:31:09.814000,8.65342,8.65148,1000000,1000000
2020-08-28 07:31:09.865000,8.65333,8.65148,1000000,1000000
2020-08-28 07:31:09.966000,8.65327,8.65148,1000000,1000000
2020-08-28 07:31:10.609000,8.65297,8.65152,1000000,1000000
2020-08-28 07:31:10.660000,8.65297,8.65144,1000000,1000000
2020-08-28 07:31:10.710000,8.65287,8.65144,1000000,1000000
2020-08-28 07:31:10.761000,8.65287,8.65133,1000000,1000000
2020-08-28 07:31:10.812000,8.65317,8.65145,1000000,1000000
2020-08-28 07:31:10.923000,8.65317,8.65147,1000000,1000000
2020-08-28 07:31:11.192000,8.65307,8.65147,1000000,1000000
2020-08-28 07:31:11.384000,8.65317,8.65147,1000000,1000000
2020-08-28 07:31:11.461000,8.65307,8.65147,1000000,1000000
2020-08-28 07:31:11.511000,8.65287,8.65121,1000000,1000000
2020-08-28 07:31:11.662000,8.65277,8.65098,1000000,1000000
2020-08-28 07:31:11.763000,8.65267,8.65096,1000000,1000000
2020-08-28 07:31:11.864000,8.65257,8.65083,1000000,1000000
2020-08-28 07:31:12.916000,8.65247,8.65083,1000000,1000000
2020-08-28 07:31:13.128000,8.65247,8.65096,1000000,1000000
2020-08-28 07:31:13.179000,8.65267,8.65096,1000000,1000000
2020-08-28 07:31:13.940000,8.65275,8.65096,1000000,1000000
2020-08-28 07:31:14.040000,8.65267,8.65096,1000000,1000000
2020-08-28 07:31:14.421000,8.65271,8.65096,1000000,1000000
2020-08-28 07:31:14.472000,8.65271,8.65119,1000000,1000000
2020-08-28 07:31:14.623000,8.65319,8.65134,1000000,1000000
2020-08-28 07:31:14.674000,8.65297,8.65127,1000000,1000000
2020-08-28 07:31:14.724000,8.65317,8.65127,1000000,1000000
2020-08-28 07:31:14.775000,8.65315,8.65127,1000000,1000000
2020-08-28 07:31:14.997000,8.6531,8.65127,1000000,1000000
2020-08-28 07:31:15.098000,8.65297,8.65127,1000000,1000000
2020-08-28 07:31:15.149000,8.65287,8.65114,1000000,1000000
2020-08-28 07:31:15.300000,8.65287,8.65101,1000000,1000000
2020-08-28 07:31:15.351000,8.65297,8.65101,1000000,1000000
2020-08-28 07:31:15.402000,8.65297,8.65119,1000000,1000000
2020-08-28 07:31:16.175000,8.65267,8.65097,1000000,1000000
2020-08-28 07:31:16.276000,8.65276,8.65098,1000000,1000000
2020-08-28 07:31:16.528000,8.65256,8.65098,1000000,1000000
2020-08-28 07:31:16.679000,8.65267,8.65097,1000000,1000000
2020-08-28 07:31:16.780000,8.65257,8.65097,1000000,1000000
2020-08-28 07:31:18.564000,8.65267,8.65097,1000000,1000000
2020-08-28 07:31:19.397000,8.65257,8.65097,1000000,1000000
2020-08-28 07:31:20.074000,8.65247,8.65088,1000000,1000000
2020-08-28 07:31:20.125000,8.65247,8.65081,1000000,1000000
2020-08-28 07:31:20.176000,8.65247,8.65083,1000000,1000000
2020-08-28 07:31:20.226000,8.65257,8.65083,1000000,1000000
2020-08-28 07:31:20.277000,8.65247,8.65083,1000000,1000000
2020-08-28 07:31:20.428000,8.65257,8.65083,1000000,1000000
2020-08-28 07:31:20.625000,8.65278,8.65084,1000000,1000000
2020-08-28 07:31:20.888000,8.65277,8.65083,1000000,1000000
2020-08-28 07:31:21.156000,8.65279,8.65083,1000000,1000000
2020-08-28 07:31:21.613000,8.65279,8.6509,1000000,1000000
2020-08-28 07:31:22.350000,8.65278,8.6509,1000000,1000000
2020-08-28 07:31:22.920000,8.65302,8.65116,1000000,1000000
2020-08-28 07:31:23.021000,8.65302,8.65148,1000000,1000000
2020-08-28 07:31:23.122000,8.65349,8.65171,1000000,1000000
2020-08-28 07:31:23.279000,8.65353,8.6517,1000000,1000000
2020-08-28 07:31:23.330000,8.65347,8.65163,1000000,1000000
2020-08-28 07:31:23.431000,8.65337,8.65135,1000000,1000000
2020-08-28 07:31:23.532000,8.65326,8.65135,1000000,1000000
2020-08-28 07:31:23.633000,8.65317,8.65126,1000000,1000000
2020-08-28 07:31:23.734000,8.65307,8.65126,1000000,1000000
2020-08-28 07:31:23.935000,8.65316,8.65127,1500000,1000000
2020-08-28 07:31:24.036000,8.65307,8.65126,1000000,1000000
2020-08-28 07:31:24.086000,8.65307,8.65124,1000000,1000000
2020-08-28 07:31:24.238000,8.6531,8.65124,1000000,1000000
2020-08-28 07:31:24.289000,8.65314,8.65124,1000000,1000000
2020-08-28 07:31:24.490000,8.65311,8.65124,1000000,1000000
2020-08-28 07:31:24.898000,8.65311,8.65137,1000000,1000000
2020-08-28 07:31:26.197000,8.65306,8.65137,1000000,1000000
2020-08-28 07:31:26.449000,8.65316,8.65137,1000000,1000000
2020-08-28 07:31:27.230000,8.6533,8.65159,1000000,1000000
2020-08-28 07:31:27.381000,8.6533,8.65189,1000000,1000000
2020-08-28 07:31:27.431000,8.65367,8.65181,1000000,1000000
2020-08-28 07:31:27.633000,8.65341,8.65174,1000000,1000000
2020-08-28 07:31:27.684000,8.65342,8.65168,1000000,1000000
2020-08-28 07:31:27.785000,8.65342,8.65146,1000000,1000000
2020-08-28 07:31:27.835000,8.65325,8.65146,1000000,1000000
2020-08-28 07:31:27.936000,8.65325,8.65154,1000000,1000000
2020-08-28 07:31:28.037000,8.6533,8.65154,1000000,1000000
2020-08-28 07:31:28.137000,8.6533,8.65148,1000000,1000000
2020-08-28 07:31:28.238000,8.65323,8.65148,1000000,1000000
2020-08-28 07:31:28.403000,8.65318,8.65144,1000000,1000000
2020-08-28 07:31:28.635000,8.65314,8.65144,1000000,1000000
2020-08-28 07:31:29.966000,8.65316,8.65144,1000000,1000000
2020-08-28 07:31:30.317000,8.65321,8.65144,1000000,1000000
2020-08-28 07:31:30.388000,8.65321,8.65163,1000000,1000000
2020-08-28 07:31:30.489000,8.65364,8.65192,1000000,1000000
2020-08-28 07:31:30.539000,8.65361,8.65192,1000000,1000000
2020-08-28 07:31:30.705000,8.65361,8.652,1000000,1000000
2020-08-28 07:31:30.755000,8.65371,8.652,1000000,1000000
2020-08-28 07:31:30.977000,8.65366,8.65201,1000000,1000000
2020-08-28 07:31:31.133000,8.65362,8.65188,1000000,1000000
2020-08-28 07:31:31.184000,8.65358,8.65188,1000000,1000000
2020-08-28 07:31:31.363000,8.65354,8.65188,1000000,1000000
2020-08-28 07:31:31.501000,8.65354,8.6518,1000000,1000000
2020-08-28 07:31:31.652000,8.65323,8.65166,1000000,1000000
2020-08-28 07:31:31.804000,8.65319,8.6515,1000000,1000000
2020-08-28 07:31:32.184000,8.65345,8.65172,1000000,1000000
2020-08-28 07:31:32.285000,8.65346,8.65165,1000000,1000000
2020-08-28 07:31:32.335000,8.65338,8.65165,1000000,1000000
2020-08-28 07:31:32.511000,8.65338,8.65172,1000000,1000000
2020-08-28 07:31:32.574000,8.65342,8.65172,1000000,1000000
2020-08-28 07:31:32.707000,8.65342,8.65165,1000000,1000000
2020-08-28 07:31:32.758000,8.65342,8.65172,1000000,1000000
2020-08-28 07:31:32.909000,8.65339,8.65172,1000000,1000000
2020-08-28 07:31:33.415000,8.65339,8.65179,1000000,1000000
2020-08-28 07:31:33.465000,8.65343,8.65179,1000000,1000000
2020-08-28 07:31:33.566000,8.65339,8.65179,1000000,1000000
2020-08-28 07:31:35.209000,8.65344,8.65179,1000000,1000000
2020-08-28 07:31:36.060000,8.65375,8.65175,1000000,1000000
2020-08-28 07:31:36.161000,8.65375,8.65195,1000000,1000000
2020-08-28 07:31:36.211000,8.65408,8.65203,1000000,1000000
2020-08-28 07:31:36.312000,8.65407,8.65219,1000000,1000000
2020-08-28 07:31:36.413000,8.65427,8.65256,1000000,1000000
2020-08-28 07:31:36.514000,8.65407,8.65255,1000000,1000000
2020-08-28 07:31:36.565000,8.65407,8.65241,1000000,1000000
2020-08-28 07:31:36.665000,8.65407,8.65236,1000000,1000000
2020-08-28 07:31:36.766000,8.65416,8.65237,1000000,1000000
2020-08-28 07:31:36.867000,8.65397,8.65236,1000000,1000000
2020-08-28 07:31:36.918000,8.65427,8.65236,1000000,1000000
2020-08-28 07:31:36.969000,8.65407,8.65237,1000000,1000000
2020-08-28 07:31:37.019000,8.65434,8.6524,1000000,1000000
2020-08-28 07:31:37.070000,8.65434,8.65271,1000000,1000000
2020-08-28 07:31:37.120000,8.65478,8.65288,1000000,1000000
2020-08-28 07:31:37.322000,8.65527,8.65298,1000000,1000000
2020-08-28 07:31:37.372000,8.65497,8.65315,1000000,1000000
2020-08-28 07:31:37.473000,8.65487,8.65318,1000000,1000000
2020-08-28 07:31:37.524000,8.65487,8.65309,1000000,1000000
2020-08-28 07:31:37.885000,8.65477,8.65296,1000000,1000000
2020-08-28 07:31:37.935000,8.65457,8.65287,1000000,1000000
2020-08-28 07:31:37.986000,8.65476,8.65296,1000000,1000000
2020-08-28 07:31:38.036000,8.65457,8.65275,1000000,1000000
2020-08-28 07:31:38.087000,8.65477,8.65275,1000000,1000000
2020-08-28 07:31:38.138000,8.65447,8.65275,1000000,1000000
2020-08-28 07:31:38.188000,8.65456,8.65276,1000000,1000000
2020-08-28 07:31:38.239000,8.65467,8.65275,1000000,1000000
2020-08-28 07:31:38.289000,8.65467,8.65284,1000000,1000000
2020-08-28 07:31:38.390000,8.65467,8.65286,1000000,1000000
2020-08-28 07:31:38.547000,8.65477,8.65286,1000000,1000000
2020-08-28 07:31:38.597000,8.65467,8.65286,1000000,1000000
2020-08-28 07:31:38.698000,8.65467,8.65288,1000000,1000000
2020-08-28 07:31:38.749000,8.65487,8.65288,1000000,1000000
2020-08-28 07:31:38.799000,8.65477,8.65288,1000000,1000000
2020-08-28 07:31:39.059000,8.65457,8.65287,1000000,1000000
2020-08-28 07:31:39.110000,8.65467,8.65292,1000000,1000000
2020-08-28 07:31:39.692000,8.65507,8.65313,1000000,1000000
2020-08-28 07:31:39.743000,8.65516,8.65328,1000000,1000000
2020-08-28 07:31:39.844000,8.65497,8.65341,1000000,1000000
2020-08-28 07:31:40.096000,8.65487,8.65326,1000000,1000000
2020-08-28 07:31:40.197000,8.65467,8.65307,1000000,1000000
2020-08-28 07:31:40.298000,8.65487,8.65307,1000000,1000000
2020-08-28 07:31:40.399000,8.65467,8.65307,1000000,1000000
2020-08-28 07:31:41.066000,8.65457,8.65283,1000000,1000000
2020-08-28 07:31:41.167000,8.65467,8.65261,1000000,1000000
2020-08-28 07:31:41.217000,8.65467,8.65269,1000000,1000000
2020-08-28 07:31:41.318000,8.65467,8.65271,1000000,1000000
2020-08-28 07:31:41.454000,8.65457,8.65271,1000000,1000000
2020-08-28 07:31:41.505000,8.65457,8.65267,1000000,1000000
2020-08-28 07:31:41.904000,8.65447,8.65267,1000000,1000000
2020-08-28 07:31:42.062000,8.65483,8.65267,1000000,1000000
2020-08-28 07:31:42.113000,8.65459,8.65267,1000000,1000000
2020-08-28 07:31:42.336000,8.65451,8.65253,1000000,1000000
2020-08-28 07:31:42.519000,8.65451,8.65308,1000000,1000000
2020-08-28 07:31:42.569000,8.65524,8.65331,1000000,1000000
2020-08-28 07:31:42.620000,8.65535,8.65335,1000000,1000000
2020-08-28 07:31:42.671000,8.65535,8.65326,1000000,1000000
2020-08-28 07:31:42.721000,8.65512,8.65317,1000000,1000000
2020-08-28 07:31:42.772000,8.65512,8.65303,1000000,1000000
2020-08-28 07:31:42.822000,8.65502,8.65303,1000000,1000000
2020-08-28 07:31:43.199000,8.65498,8.65303,1000000,1000000
2020-08-28 07:31:43.425000,8.65505,8.65303,1000000,1000000
2020-08-28 07:31:43.630000,8.65527,8.65303,1000000,1000000
2020-08-28 07:31:44.316000,8.65527,8.65311,1000000,1000000
2020-08-28 07:31:44.493000,8.65531,8.65311,1000000,1000000
2020-08-28 07:31:44.544000,8.65511,8.65295,1000000,1000000
2020-08-28 07:31:44.645000,8.6551,8.65311,1000000,1000000
2020-08-28 07:31:44.876000,8.65495,8.6531,1000000,1000000
2020-08-28 07:31:45.099000,8.65501,8.6531,1000000,1000000
2020-08-28 07:31:45.300000,8.65497,8.6531,1000000,1000000
2020-08-28 07:31:45.644000,8.65527,8.6531,1000000,1000000
2020-08-28 07:31:46.317000,8.65523,8.6531,1000000,1000000
2020-08-28 07:31:46.505000,8.6549,8.65311,1000000,1000000
2020-08-28 07:31:46.684000,8.65515,8.6531,1000000,1000000
2020-08-28 07:31:47.255000,8.65514,8.65333,1000000,1000000
2020-08-28 07:31:47.306000,8.65537,8.65325,1000000,1000000
2020-08-28 07:31:47.357000,8.65537,8.65327,1000000,1000000
2020-08-28 07:31:47.458000,8.65527,8.65328,1000000,1000000
2020-08-28 07:31:47.509000,8.65527,8.65314,1000000,1000000
2020-08-28 07:31:47.560000,8.65527,8.65316,1000000,1000000
2020-08-28 07:31:47.763000,8.65517,8.65316,1000000,1000000
2020-08-28 07:31:49.295000,8.65511,8.65316,1000000,1000000
2020-08-28 07:31:49.396000,8.65511,8.65323,1000000,1000000
2020-08-28 07:31:49.622000,8.65515,8.65323,1000000,1000000
2020-08-28 07:31:49.774000,8.65507,8.65323,1000000,1000000
2020-08-28 07:31:49.824000,8.65514,8.65323,1000000,1000000
2020-08-28 07:31:49.875000,8.65507,8.65323,1000000,1000000
2020-08-28 07:31:49.926000,8.65497,8.6531,1000000,1000000
2020-08-28 07:31:50.027000,8.65494,8.653,1000000,1000000
2020-08-28 07:31:50.128000,8.65487,8.653,1000000,1000000
2020-08-28 07:31:51.018000,8.65477,8.653,1000000,1000000
2020-08-28 07:31:51.069000,8.65487,8.653,1500000,1000000
2020-08-28 07:31:51.220000,8.65482,8.653,1000000,1000000
2020-08-28 07:31:51.271000,8.65486,8.653,1000000,1000000
2020-08-28 07:31:51.424000,8.65477,8.653,1000000,1000000
2020-08-28 07:31:51.525000,8.65477,8.65277,1000000,1000000
2020-08-28 07:31:51.576000,8.65447,8.65277,1000000,1000000
2020-08-28 07:31:51.627000,8.65407,8.65234,1000000,1000000
2020-08-28 07:31:51.728000,8.65427,8.65234,1000000,1000000
2020-08-28 07:31:51.946000,8.65387,8.65213,1000000,1000000
2020-08-28 07:31:51.996000,8.65417,8.6519,1000000,1000000
2020-08-28 07:31:52.047000,8.65374,8.6519,1000000,1000000
2020-08-28 07:31:52.198000,8.65367,8.6519,1000000,1000000
2020-08-28 07:31:52.249000,8.65369,8.6519,1000000,1000000
2020-08-28 07:31:52.451000,8.65383,8.6519,1000000,1000000
2020-08-28 07:31:52.619000,8.65385,8.6519,1000000,1000000
2020-08-28 07:31:52.821000,8.65385,8.65206,1000000,1000000
2020-08-28 07:31:52.872000,8.65417,8.65206,1000000,1000000
2020-08-28 07:31:53.669000,8.65425,8.65206,1000000,1000000
2020-08-28 07:31:53.720000,8.65407,8.65206,1000000,1000000
2020-08-28 07:31:53.770000,8.65416,8.65207,1000000,1000000
2020-08-28 07:31:53.821000,8.65417,8.65206,1500000,1000000
2020-08-28 07:31:53.922000,8.65387,8.65184,1000000,1000000
2020-08-28 07:31:54.297000,8.65396,8.65184,1000000,1000000
2020-08-28 07:31:54.398000,8.65405,8.65184,1000000,1000000
2020-08-28 07:31:54.557000,8.65401,8.65184,1000000,1000000
2020-08-28 07:31:54.763000,8.65396,8.65185,1500000,1000000
2020-08-28 07:31:55.251000,8.65364,8.65184,1000000,1000000
2020-08-28 07:31:55.617000,8.65396,8.65184,1000000,1000000
2020-08-28 07:31:55.670000,8.6537,8.65184,1000000,1000000
2020-08-28 07:31:55.872000,8.65403,8.65185,1000000,1000000
2020-08-28 07:31:56.041000,8.65445,8.65206,1000000,1000000
2020-08-28 07:31:56.091000,8.65446,8.6522,1000000,1000000
2020-08-28 07:31:56.273000,8.6544,8.6522,1000000,1000000
2020-08-28 07:31:56.424000,8.6544,8.6522,1500000,1000000
2020-08-28 07:31:56.475000,8.65424,8.65206,1000000,1000000
2020-08-28 07:31:56.576000,8.65424,8.6522,1000000,1000000
2020-08-28 07:31:56.677000,8.65447,8.6522,1000000,1000000
2020-08-28 07:31:56.878000,8.65451,8.6522,1000000,1000000
2020-08-28 07:31:57.155000,8.65466,8.65234,1000000,1000000
2020-08-28 07:31:57.256000,8.65471,8.65234,1000000,1000000
2020-08-28 07:31:57.306000,8.65471,8.65244,1000000,1000000
2020-08-28 07:31:57.430000,8.65477,8.65244,1000000,1000000
2020-08-28 07:31:58.811000,8.6547,8.65244,1000000,1000000
2020-08-28 07:31:58.912000,8.65475,8.65244,1000000,1000000
2020-08-28 07:31:59.118000,8.65465,8.65241,1000000,1000000
2020-08-28 07:31:59.322000,8.65428,8.65241,1000000,1000000
2020-08-28 07:31:59.648000,8.65446,8.6525,1000000,1000000
2020-08-28 07:32:00.129000,8.6545,8.6525,1000000,1000000
2020-08-28 07:32:00.179000,8.65446,8.6525,1000000,1000000
2020-08-28 07:32:00.391000,8.65482,8.6525,1500000,1000000
2020-08-28 07:32:00.741000,8.65477,8.65251,1000000,1000000
2020-08-28 07:32:01.237000,8.65497,8.6525,1000000,1000000
2020-08-28 07:32:01.288000,8.65517,8.65248,1000000,1000000
2020-08-28 07:32:01.339000,8.65527,8.65286,1000000,1000000
2020-08-28 07:32:01.440000,8.65507,8.65296,1000000,1000000
2020-08-28 07:32:01.541000,8.65497,8.65349,1000000,1000000
2020-08-28 07:32:01.642000,8.65539,8.65409,1000000,1600000
2020-08-28 07:32:01.743000,8.65607,8.65495,1000000,1000000
2020-08-28 07:32:01.815000,8.65607,8.65497,1000000,1000000
2020-08-28 07:32:01.916000,8.65637,8.6553,1000000,1000000
2020-08-28 07:32:01.967000,8.65647,8.6553,1000000,1000000
2020-08-28 07:32:02.118000,8.65727,8.65525,1000000,1000000
2020-08-28 07:32:02.169000,8.65667,8.65525,1000000,1000000
2020-08-28 07:32:02.220000,8.65677,8.65526,1000000,1000000
2020-08-28 07:32:02.322000,8.65657,8.65495,1000000,1000000
2020-08-28 07:32:02.373000,8.65657,8.6551,1000000,1000000
2020-08-28 07:32:02.713000,8.65647,8.6551,1000000,1000000
2020-08-28 07:32:02.814000,8.65617,8.6551,1000000,1000000
2020-08-28 07:32:03.264000,8.65627,8.6551,1000000,1000000
2020-08-28 07:32:03.315000,8.65657,8.65542,1000000,1000000
2020-08-28 07:32:03.416000,8.65697,8.65571,1000000,1000000
2020-08-28 07:32:03.466000,8.65687,8.65571,1000000,1000000
2020-08-28 07:32:03.570000,8.65677,8.65571,1000000,1000000
2020-08-28 07:32:03.621000,8.65667,8.65542,1000000,1000000
2020-08-28 07:32:03.722000,8.65687,8.65557,1000000,1000000
2020-08-28 07:32:04.216000,8.65687,8.65571,1000000,1000000
2020-08-28 07:32:04.317000,8.65677,8.65573,1000000,1000000
2020-08-28 07:32:04.468000,8.65667,8.65573,1000000,1000000
2020-08-28 07:32:04.569000,8.65677,8.65573,1000000,1000000
2020-08-28 07:32:04.620000,8.65707,8.65573,1000000,1000000
2020-08-28 07:32:04.840000,8.65717,8.65573,1000000,1000000
2020-08-28 07:32:05.214000,8.65747,8.65573,1000000,1000000
2020-08-28 07:32:05.265000,8.65757,8.65599,1400000,1000000
2020-08-28 07:32:05.366000,8.65777,8.65608,1000000,1000000
2020-08-28 07:32:05.417000,8.65787,8.65608,1000000,1000000
2020-08-28 07:32:05.771000,8.65825,8.65615,1000000,1000000
2020-08-28 07:32:05.822000,8.65827,8.65623,1000000,1000000
2020-08-28 07:32:05.923000,8.65786,8.65624,1000000,1000000
2020-08-28 07:32:06.608000,8.65787,8.6563,1000000,1000000
2020-08-28 07:32:07.042000,8.65826,8.65631,1000000,1000000
2020-08-28 07:32:07.093000,8.65836,8.65673,1000000,1000000
2020-08-28 07:32:07.194000,8.65847,8.65701,1000000,1000000
2020-08-28 07:32:07.244000,8.65857,8.65701,1000000,1000000
2020-08-28 07:32:07.295000,8.65867,8.65701,1000000,1000000
2020-08-28 07:32:07.396000,8.65877,8.65701,1000000,1000000
2020-08-28 07:32:07.446000,8.65887,8.65717,1000000,1000000
2020-08-28 07:32:07.702000,8.65907,8.65717,1000000,1000000
2020-08-28 07:32:08.238000,8.65867,8.65701,1000000,1000000
2020-08-28 07:32:08.393000,8.65847,8.65701,1000000,1000000
2020-08-28 07:32:08.548000,8.65857,8.65701,1000000,1000000
2020-08-28 07:32:08.612000,8.65877,8.65701,1000000,1000000
2020-08-28 07:32:08.662000,8.65867,8.65701,1000000,1000000
2020-08-28 07:32:09.023000,8.65877,8.65701,1000000,1000000
2020-08-28 07:32:09.074000,8.65887,8.65701,1000000,1000000
2020-08-28 07:32:09.124000,8.65887,8.65704,1000000,1000000
2020-08-28 07:32:10.414000,8.65887,8.65711,1000000,1000000
2020-08-28 07:32:10.464000,8.65886,8.6569,1000000,1000000
2020-08-28 07:32:10.847000,8.65837,8.6568,1000000,1000000
2020-08-28 07:32:10.948000,8.65817,8.6565,1000000,1000000
2020-08-28 07:32:10.999000,8.65827,8.6565,1000000,1000000
2020-08-28 07:32:11.100000,8.65807,8.6565,1000000,1000000
2020-08-28 07:32:12.643000,8.65827,8.6565,1000000,1000000
2020-08-28 07:32:12.694000,8.65817,8.65659,1000000,1000000
2020-08-28 07:32:12.795000,8.65807,8.6565,1000000,1000000
2020-08-28 07:32:12.953000,8.65817,8.6565,1000000,1000000
2020-08-28 07:32:13.054000,8.65817,8.65659,1000000,1000000
2020-08-28 07:32:13.155000,8.65807,8.65652,1000000,1000000
2020-08-28 07:32:13.206000,8.65817,8.65652,1000000,1000000
2020-08-28 07:32:14.253000,8.65807,8.65652,1000000,1000000
2020-08-28 07:32:14.354000,8.65827,8.65652,1000000,1000000
2020-08-28 07:32:14.454000,8.65836,8.65653,1000000,1000000
2020-08-28 07:32:14.505000,8.65837,8.65665,1000000,1000000
2020-08-28 07:32:14.555000,8.65857,8.65665,1000000,1000000
2020-08-28 07:32:14.606000,8.65867,8.6568,1000000,1000000
2020-08-28 07:32:14.713000,8.65857,8.6568,1000000,1000000
2020-08-28 07:32:14.965000,8.65857,8.65679,1000000,1000000
2020-08-28 07:32:15.263000,8.65857,8.65674,1000000,1000000
2020-08-28 07:32:15.314000,8.65847,8.65671,1000000,1000000
2020-08-28 07:32:15.975000,8.65857,8.65671,1000000,1000000
2020-08-28 07:32:16.076000,8.65857,8.65678,1000000,1000000
2020-08-28 07:32:16.177000,8.65867,8.65692,1000000,1000000
2020-08-28 07:32:16.228000,8.65877,8.65692,1000000,1000000
2020-08-28 07:32:16.278000,8.65867,8.65692,1000000,1000000
2020-08-28 07:32:16.379000,8.65857,8.65692,1000000,1000000
2020-08-28 07:32:16.530000,8.65866,8.65693,1000000,1000000
2020-08-28 07:32:16.869000,8.65877,8.65692,1000000,1000000
2020-08-28 07:32:17.242000,8.65857,8.65692,1000000,1000000
2020-08-28 07:32:17.343000,8.65847,8.65692,1000000,1000000
2020-08-28 07:32:17.393000,8.65857,8.65692,1000000,1000000
2020-08-28 07:32:17.545000,8.65847,8.65692,1000000,1000000
2020-08-28 07:32:17.595000,8.65846,8.65679,1000000,1000000
2020-08-28 07:32:18.165000,8.65837,8.65678,1000000,1000000
2020-08-28 07:32:18.215000,8.65847,8.65678,1000000,1000000
2020-08-28 07:32:18.473000,8.65877,8.65694,1000000,1000000
2020-08-28 07:32:21.072000,8.65856,8.65687,1000000,1000000
2020-08-28 07:32:21.173000,8.65847,8.65653,1000000,1000000
2020-08-28 07:32:21.274000,8.65856,8.65656,1000000,1000000
2020-08-28 07:32:21.375000,8.65847,8.65641,1000000,1000000
2020-08-28 07:32:21.425000,8.65827,8.65638,1000000,1000000
2020-08-28 07:32:21.476000,8.65827,8.65608,1000000,1000000
2020-08-28 07:32:21.526000,8.65817,8.65621,1000000,1000000
2020-08-28 07:32:21.627000,8.65787,8.65587,1000000,1000000
2020-08-28 07:32:21.921000,8.65797,8.65587,1000000,1000000
2020-08-28 07:32:21.972000,8.65787,8.65587,1000000,1000000
2020-08-28 07:32:22.132000,8.65756,8.65588,1000000,1000000
2020-08-28 07:32:22.283000,8.65747,8.65587,1000000,1000000
2020-08-28 07:32:22.384000,8.65767,8.65598,1000000,1000000
2020-08-28 07:32:22.434000,8.65757,8.65598,1000000,1000000
2020-08-28 07:32:22.585000,8.65777,8.65593,1000000,1000000
2020-08-28 07:32:22.735000,8.65787,8.65593,1000000,1000000
2020-08-28 07:32:22.785000,8.65777,8.65603,1000000,1000000
2020-08-28 07:32:22.836000,8.65787,8.65603,1000000,1000000
2020-08-28 07:32:22.886000,8.65777,8.65603,1000000,1000000
2020-08-28 07:32:22.989000,8.65747,8.65603,1000000,1000000
2020-08-28 07:32:23.544000,8.65757,8.65603,1000000,1000000
2020-08-28 07:32:24.101000,8.65717,8.65588,1000000,1000000
2020-08-28 07:32:24.151000,8.65717,8.65553,1000000,1000000
2020-08-28 07:32:24.202000,8.65727,8.65557,1000000,1000000
2020-08-28 07:32:24.304000,8.65707,8.65557,1000000,1000000
2020-08-28 07:32:24.405000,8.65707,8.6557,1000000,1000000
2020-08-28 07:32:24.953000,8.65706,8.65565,1000000,1000000
2020-08-28 07:32:25.940000,8.65737,8.65564,1000000,1000000
2020-08-28 07:32:25.991000,8.65717,8.65551,1000000,1000000
2020-08-28 07:32:26.092000,8.65697,8.65541,1000000,1000000
2020-08-28 07:32:26.142000,8.65696,8.65538,1000000,1000000
2020-08-28 07:32:26.193000,8.65697,8.65539,1000000,1000000
2020-08-28 07:32:26.244000,8.65707,8.65541,1000000,1000000
2020-08-28 07:32:26.602000,8.65727,8.65541,1000000,1000000
2020-08-28 07:32:26.653000,8.65717,8.65541,1000000,1000000
2020-08-28 07:32:26.759000,8.65697,8.65541,1000000,1000000
2020-08-28 07:32:26.860000,8.65707,8.65528,1000000,1000000
2020-08-28 07:32:26.911000,8.65697,8.65531,1000000,1000000
2020-08-28 07:32:27.406000,8.65717,8.65531,1000000,1000000
2020-08-28 07:32:27.457000,8.65707,8.65531,1000000,1000000
2020-08-28 07:32:27.507000,8.65727,8.65544,1000000,1000000
2020-08-28 07:32:27.558000,8.65737,8.65553,1000000,1000000
2020-08-28 07:32:27.659000,8.65737,8.65546,1000000,1000000
2020-08-28 07:32:27.763000,8.65727,8.65546,1000000,1000000
2020-08-28 07:32:27.914000,8.65717,8.65546,1000000,1000000
2020-08-28 07:32:28.015000,8.65726,8.65547,1000000,1000000
2020-08-28 07:32:28.116000,8.65717,8.65546,1000000,1000000
2020-08-28 07:32:28.217000,8.65707,8.65546,1000000,1000000
2020-08-28 07:32:28.482000,8.65717,8.65546,1000000,1000000
2020-08-28 07:32:28.741000,8.65727,8.65546,1000000,1000000
2020-08-28 07:32:29.015000,8.65717,8.65546,1000000,1000000
2020-08-28 07:32:30.529000,8.65756,8.65574,1000000,1000000
2020-08-28 07:32:30.630000,8.65767,8.65587,1000000,1000000
2020-08-28 07:32:30.832000,8.65757,8.65587,1000000,1000000
2020-08-28 07:32:32.165000,8.65746,8.65588,1000000,1000000
2020-08-28 07:32:32.398000,8.65757,8.65587,1000000,1000000
2020-08-28 07:32:33.330000,8.65747,8.65587,1000000,1000000
2020-08-28 07:32:33.431000,8.65707,8.65557,1000000,1000000
2020-08-28 07:32:33.532000,8.65676,8.65531,1000000,1000000
2020-08-28 07:32:35.116000,8.65677,8.6552,1000000,1000000
2020-08-28 07:32:35.167000,8.65637,8.6552,1000000,1000000
