time,ask,bid,ask_volume,bid_volume
2021-10-28 07:25:00.403000,8.59606,8.59305,1500000,1500000
2021-10-28 07:25:00.604000,8.59601,8.59294,1500000,1500000
2021-10-28 07:25:02.532000,8.59601,8.59319,1500000,1500000
2021-10-28 07:25:03.581000,8.59597,8.59319,1620000,1500000
2021-10-28 07:25:05.633000,8.59597,8.59299,1620000,1500000
2021-10-28 07:25:05.834000,8.59582,8.59294,1500000,1500000
2021-10-28 07:25:05.985000,8.59575,8.59294,1500000,1500000
2021-10-28 07:25:07.241000,8.59575,8.59299,1500000,1500000
2021-10-28 07:25:07.642000,8.59575,8.59295,1500000,1500000
2021-10-28 07:25:08.041000,8.59575,8.59301,1500000,1500000
2021-10-28 07:25:08.755000,8.59575,8.59301,1500000,1500000
2021-10-28 07:25:09.708000,8.59575,8.59301,1500000,1500000
2021-10-28 07:25:12.007000,8.59565,8.59287,1500000,1500000
2021-10-28 07:25:12.440000,8.59575,8.59295,1500000,1500000
2021-10-28 07:25:12.590000,8.59571,8.59295,1500000,1500000
2021-10-28 07:25:12.811000,8.59571,8.59305,1500000,1500000
2021-10-28 07:25:12.979000,8.59571,8.59305,1500000,1500000
2021-10-28 07:25:13.823000,8.59583,8.59305,1500000,1500000
2021-10-28 07:25:15.195000,8.59585,8.59305,1500000,1500000
2021-10-28 07:25:16.316000,8.59585,8.59305,1500000,1500000
2021-10-28 07:25:18.771000,8.59573,8.59296,1500000,1500000
2021-10-28 07:25:20.796000,8.59557,8.59285,1500000,1500000
2021-10-28 07:25:20.967000,8.59564,8.59286,1500000,1500000
2021-10-28 07:25:22.554000,8.59527,8.59263,1000000,1500000
2021-10-28 07:25:22.973000,8.59527,8.59275,1000000,1500000
2021-10-28 07:25:23.078000,8.59527,8.59266,1000000,1500000
2021-10-28 07:25:23.357000,8.59526,8.59276,1000000,1500000
2021-10-28 07:25:23.565000,8.59541,8.59275,1500000,1500000
2021-10-28 07:25:23.762000,8.59554,8.59275,1500000,1500000
2021-10-28 07:25:23.971000,8.59554,8.59275,1500000,1500000
2021-10-28 07:25:25.033000,8.59554,8.59275,1500000,1500000
2021-10-28 07:25:26.260000,8.59554,8.59275,1500000,1500000
2021-10-28 07:25:26.461000,8.59545,8.59276,1500000,1500000
2021-10-28 07:25:26.701000,8.59531,8.59258,1500000,1500000
2021-10-28 07:25:26.902000,8.59525,8.59258,1500000,1500000
2021-10-28 07:25:27.577000,8.59505,8.59258,1750000,1500000
2021-10-28 07:25:27.778000,8.59501,8.59258,1750000,1500000
2021-10-28 07:25:32.218000,8.59475,8.59201,1750000,1750000
2021-10-28 07:25:34.117000,8.59475,8.59201,1750000,1750000
2021-10-28 07:25:34.367000,8.5948,8.59212,1750000,1750000
2021-10-28 07:25:38.291000,8.59501,8.59236,1500000,1500000
2021-10-28 07:25:38.442000,8.59506,8.59236,1500000,1500000
2021-10-28 07:25:39.360000,8.59554,8.59253,1750000,1750000
2021-10-28 07:25:39.562000,8.59573,8.59263,1750000,1750000
2021-10-28 07:25:41.531000,8.59565,8.59272,1500000,1500000
2021-10-28 07:25:45.392000,8.59587,8.59289,1500000,1500000
2021-10-28 07:25:45.543000,8.59587,8.59289,1500000,1500000
2021-10-28 07:25:46.671000,8.59587,8.59289,2750000,1500000
2021-10-28 07:25:47.387000,8.59586,8.59284,1500000,1500000
2021-10-28 07:25:47.543000,8.59581,8.59284,1500000,1500000
2021-10-28 07:25:48.991000,8.59581,8.59279,1500000,1500000
2021-10-28 07:25:49.192000,8.59577,8.59279,1500000,1500000
2021-10-28 07:25:50.128000,8.59577,8.59276,1500000,1500000
2021-10-28 07:25:52.064000,8.59577,8.59329,1500000,1500000
2021-10-28 07:25:53.480000,8.59574,8.59275,1500000,1500000
2021-10-28 07:25:53.785000,8.59574,8.59275,1500000,1500000
2021-10-28 07:25:55.146000,8.59571,8.59271,1750000,1750000
2021-10-28 07:25:56.404000,8.59571,8.59275,1500000,1500000
2021-10-28 07:25:56.578000,8.5957,8.59276,1500000,1500000
2021-10-28 07:25:57.056000,8.59571,8.59275,1500000,1500000
2021-10-28 07:25:58.395000,8.59561,8.59275,1500000,1500000
2021-10-28 07:25:58.446000,8.59561,8.59275,1500000,1500000
2021-10-28 07:25:59.652000,8.59531,8.59296,1500000,1500000
2021-10-28 07:26:00.659000,8.59516,8.59294,1500000,1500000
2021-10-28 07:26:00.810000,8.59516,8.59294,1500000,1500000
2021-10-28 07:26:01.259000,8.59506,8.59294,2750000,1500000
2021-10-28 07:26:01.453000,8.59511,8.59294,1500000,1500000
2021-10-28 07:26:03.327000,8.59521,8.59292,1500000,1500000
2021-10-28 07:26:03.557000,8.59511,8.59292,1500000,1500000
2021-10-28 07:26:03.658000,8.59511,8.59284,1500000,1500000
2021-10-28 07:26:03.759000,8.59511,8.59284,1500000,1500000
2021-10-28 07:26:03.910000,8.5952,8.59291,1500000,1500000
2021-10-28 07:26:05.159000,8.59501,8.5929,1500000,1500000
2021-10-28 07:26:05.381000,8.59501,8.59291,1500000,1500000
2021-10-28 07:26:05.957000,8.59501,8.59291,1500000,1500000
2021-10-28 07:26:07.203000,8.5951,8.59277,1500000,1500000
2021-10-28 07:26:07.735000,8.5951,8.59277,1500000,1500000
2021-10-28 07:26:09.558000,8.59495,8.59281,1500000,1500000
2021-10-28 07:26:09.659000,8.59495,8.59281,1500000,1500000
2021-10-28 07:26:10.007000,8.59495,8.59281,1500000,1500000
2021-10-28 07:26:10.438000,8.59515,8.5929,1500000,1500000
2021-10-28 07:26:11.270000,8.59501,8.59296,1500000,1500000
2021-10-28 07:26:13.235000,8.59495,8.59293,1500000,1500000
2021-10-28 07:26:13.387000,8.59495,8.59293,1500000,1500000
2021-10-28 07:26:14.450000,8.59475,8.59289,1000000,1500000
2021-10-28 07:26:14.551000,8.59475,8.59289,1500000,1500000
2021-10-28 07:26:14.736000,8.59475,8.59289,1000000,1500000
2021-10-28 07:26:14.956000,8.59484,8.59289,1500000,1500000
2021-10-28 07:26:17.277000,8.59484,8.5929,1500000,1500000
2021-10-28 07:26:17.495000,8.59483,8.59291,1500000,1500000
2021-10-28 07:26:18.286000,8.59484,8.59282,1500000,1500000
2021-10-28 07:26:18.808000,8.59495,8.59274,1500000,1500000
2021-10-28 07:26:19.013000,8.59495,8.59285,1500000,1500000
2021-10-28 07:26:19.215000,8.59494,8.59284,1500000,1500000
2021-10-28 07:26:19.803000,8.59495,8.59294,1500000,1500000
2021-10-28 07:26:20.571000,8.59505,8.59285,1500000,1500000
2021-10-28 07:26:23.063000,8.59484,8.59285,1500000,1500000
2021-10-28 07:26:23.262000,8.59484,8.59282,1500000,1500000
2021-10-28 07:26:24.462000,8.59495,8.59293,1500000,1500000
2021-10-28 07:26:24.666000,8.59505,8.59293,1500000,1500000
2021-10-28 07:26:25.609000,8.59505,8.59293,1500000,1500000
2021-10-28 07:26:25.710000,8.59505,8.59291,1500000,1500000
2021-10-28 07:26:25.826000,8.59504,8.59292,1500000,1500000
2021-10-28 07:26:26.013000,8.59477,8.59291,1500000,1500000
2021-10-28 07:26:28.846000,8.59495,8.59284,1500000,1500000
2021-10-28 07:26:30.201000,8.59505,8.59297,1500000,1500000
2021-10-28 07:26:31.718000,8.59524,8.59293,1500000,1500000
2021-10-28 07:26:31.919000,8.59525,8.59293,1500000,1500000
2021-10-28 07:26:33.894000,8.59543,8.59307,1500000,1500000
2021-10-28 07:26:34.096000,8.59554,8.59306,1500000,1500000
2021-10-28 07:26:35.033000,8.59563,8.59325,1500000,1500000
2021-10-28 07:26:36.311000,8.59541,8.59317,1500000,1120000
2021-10-28 07:26:36.644000,8.59534,8.59317,1500000,1000000
2021-10-28 07:26:36.846000,8.59531,8.59299,1500000,1500000
2021-10-28 07:26:40.575000,8.59531,8.59299,1500000,1500000
2021-10-28 07:26:41.575000,8.59527,8.59299,1500000,1500000
2021-10-28 07:26:41.842000,8.59531,8.59299,1500000,1500000
2021-10-28 07:26:42.002000,8.5953,8.593,1500000,1500000
2021-10-28 07:26:43.034000,8.59547,8.59299,1500000,1500000
2021-10-28 07:26:45.016000,8.59548,8.59299,1500000,1500000
2021-10-28 07:26:47.494000,8.59541,8.59299,1500000,1500000
2021-10-28 07:26:48.914000,8.59541,8.59299,1500000,1500000
2021-10-28 07:26:49.119000,8.59541,8.59299,1500000,1500000
2021-10-28 07:26:50.641000,8.59534,8.59294,1500000,1500000
2021-10-28 07:26:50.843000,8.59534,8.59294,1500000,1500000
2021-10-28 07:26:51.535000,8.59534,8.59294,1500000,1500000
2021-10-28 07:26:51.903000,8.59533,8.59295,1500000,1500000
2021-10-28 07:26:52.397000,8.59531,8.59294,1500000,1500000
2021-10-28 07:26:52.618000,8.59531,8.59294,1500000,1500000
2021-10-28 07:26:52.669000,8.59531,8.59294,1500000,1500000
2021-10-28 07:26:53.458000,8.59531,8.59301,1500000,1500000
2021-10-28 07:26:56.001000,8.59531,8.59296,1500000,1500000
2021-10-28 07:26:56.604000,8.59531,8.59301,1500000,1500000
2021-10-28 07:26:56.813000,8.59534,8.59301,1500000,1500000
2021-10-28 07:26:57.735000,8.59534,8.59301,1500000,1500000
2021-10-28 07:26:59.072000,8.59534,8.59304,1500000,1500000
2021-10-28 07:26:59.273000,8.59534,8.59304,1500000,1500000
2021-10-28 07:27:00.413000,8.59548,8.59296,1500000,1500000
2021-10-28 07:27:00.614000,8.59534,8.59296,1500000,1500000
2021-10-28 07:27:01.976000,8.59533,8.59301,1500000,1500000
2021-10-28 07:27:02.077000,8.59534,8.59369,1500000,1000000
2021-10-28 07:27:02.127000,8.59534,8.59369,1000000,1500000
2021-10-28 07:27:02.328000,8.59534,8.5937,1000000,1500000
2021-10-28 07:27:02.433000,8.59567,8.5937,1000000,1500000
2021-10-28 07:27:02.544000,8.59567,8.5937,1000000,1500000
2021-10-28 07:27:02.881000,8.59567,8.5937,1000000,1500000
2021-10-28 07:27:02.982000,8.59534,8.5937,1000000,1500000
2021-10-28 07:27:03.085000,8.59534,8.5937,1000000,1500000
2021-10-28 07:27:03.329000,8.59534,8.59372,1000000,1500000
2021-10-28 07:27:03.535000,8.59534,8.59372,1000000,1500000
2021-10-28 07:27:03.999000,8.59533,8.59373,1000000,1500000
2021-10-28 07:27:04.285000,8.59534,8.59369,1000000,1500000
2021-10-28 07:27:04.532000,8.59534,8.59369,1000000,1500000
2021-10-28 07:27:05.813000,8.59534,8.5937,1000000,1500000
2021-10-28 07:27:06.017000,8.59534,8.5937,1000000,1500000
2021-10-28 07:27:06.269000,8.59534,8.59364,1000000,1000000
2021-10-28 07:27:06.432000,8.59534,8.59364,1000000,1500000
2021-10-28 07:27:08.855000,8.59534,8.59352,1500000,1500000
2021-10-28 07:27:08.905000,8.59534,8.59352,1500000,1000000
2021-10-28 07:27:09.106000,8.59533,8.59353,1500000,1500000
2021-10-28 07:27:09.330000,8.59533,8.59331,1500000,1500000
2021-10-28 07:27:09.998000,8.59534,8.59318,1500000,1500000
2021-10-28 07:27:10.115000,8.59533,8.59319,1500000,1500000
2021-10-28 07:27:10.398000,8.59534,8.5933,1500000,1500000
2021-10-28 07:27:10.549000,8.59534,8.5933,1500000,1500000
2021-10-28 07:27:10.750000,8.59534,8.59344,1500000,1500000
2021-10-28 07:27:11.437000,8.59534,8.59341,1500000,1500000
2021-10-28 07:27:11.638000,8.59534,8.59341,1500000,1000000
2021-10-28 07:27:11.689000,8.59534,8.59303,1500000,1500000
2021-10-28 07:27:15.280000,8.59514,8.59303,1000000,1500000
2021-10-28 07:27:16.112000,8.59524,8.59303,1500000,1500000
2021-10-28 07:27:17.536000,8.59524,8.59303,1500000,1500000
2021-10-28 07:27:17.737000,8.59524,8.59303,1500000,1500000
2021-10-28 07:27:17.870000,8.59524,8.59303,1500000,1500000
2021-10-28 07:27:18.535000,8.59524,8.59303,1500000,1500000
2021-10-28 07:27:19.748000,8.59524,8.59303,1500000,1500000
2021-10-28 07:27:20.215000,8.59524,8.59303,1500000,1500000
2021-10-28 07:27:24.538000,8.59524,8.59279,1500000,1500000
2021-10-28 07:27:25.749000,8.59523,8.5928,1500000,1500000
2021-10-28 07:27:25.963000,8.59515,8.59268,1750000,1500000
2021-10-28 07:27:26.431000,8.595,8.59268,1500000,1500000
2021-10-28 07:27:26.858000,8.59494,8.59222,1500000,1500000
2021-10-28 07:27:27.562000,8.59488,8.59213,1750000,1750000
2021-10-28 07:27:27.764000,8.59488,8.59229,1500000,1500000
2021-10-28 07:27:29.001000,8.59488,8.59215,1500000,1500000
2021-10-28 07:27:29.185000,8.59488,8.59215,1500000,1500000
2021-10-28 07:27:29.336000,8.59473,8.59214,1500000,1500000
2021-10-28 07:27:29.538000,8.59473,8.59219,1500000,1500000
2021-10-28 07:27:29.873000,8.59481,8.59226,1500000,1500000
2021-10-28 07:27:30.033000,8.59481,8.59226,1500000,1500000
2021-10-28 07:27:30.389000,8.59479,8.59215,1500000,1500000
2021-10-28 07:27:30.540000,8.59479,8.59215,1500000,1500000
2021-10-28 07:27:30.641000,8.59479,8.5921,1500000,1500000
2021-10-28 07:27:31.539000,8.59465,8.5921,1500000,1500000
2021-10-28 07:27:33.174000,8.59464,8.5921,1500000,1500000
2021-10-28 07:27:33.371000,8.59465,8.59219,1500000,1500000
2021-10-28 07:27:33.549000,8.59465,8.59219,1120000,1500000
2021-10-28 07:27:34.056000,8.59492,8.59239,1500000,1500000
2021-10-28 07:27:34.773000,8.59497,8.59234,1500000,1500000
2021-10-28 07:27:38.534000,8.59514,8.59235,1500000,1500000
2021-10-28 07:27:40.026000,8.5946,8.59244,1000000,1500000
2021-10-28 07:27:40.228000,8.5946,8.59279,1000000,1500000
2021-10-28 07:27:41.730000,8.5946,8.59259,1100000,1600000
2021-10-28 07:27:41.884000,8.5946,8.59258,1100000,1600000
2021-10-28 07:27:42.729000,8.5946,8.59269,1000000,1500000
2021-10-28 07:27:42.881000,8.5946,8.59269,1000000,1500000
2021-10-28 07:27:43.075000,8.5946,8.59274,1000000,1500000
2021-10-28 07:27:43.835000,8.5946,8.59269,1000000,1500000
2021-10-28 07:27:44.049000,8.5946,8.59259,1000000,1500000
2021-10-28 07:27:44.719000,8.5946,8.59274,1000000,2750000
2021-10-28 07:27:44.770000,8.5946,8.59274,1000000,2750000
2021-10-28 07:27:46.038000,8.5946,8.59269,1000000,1500000
2021-10-28 07:27:46.307000,8.5946,8.59269,1000000,1500000
2021-10-28 07:27:46.594000,8.59459,8.59261,1000000,1500000
2021-10-28 07:27:48.559000,8.59459,8.5926,1000000,1500000
2021-10-28 07:27:48.660000,8.5946,8.5925,1100000,1600000
2021-10-28 07:27:49.180000,8.5946,8.5925,1000000,1500000
2021-10-28 07:27:50.017000,8.5946,8.59239,1000000,1500000
2021-10-28 07:27:50.394000,8.5946,8.59239,1000000,1500000
2021-10-28 07:27:50.628000,8.5946,8.59239,1000000,1500000
2021-10-28 07:27:51.984000,8.5946,8.59249,1000000,1500000
2021-10-28 07:27:52.230000,8.59459,8.5926,1000000,1500000
2021-10-28 07:27:53.370000,8.5946,8.59249,1100000,1600000
2021-10-28 07:27:53.572000,8.5946,8.59257,1000000,1500000
2021-10-28 07:27:53.990000,8.5946,8.59257,1000000,1500000
2021-10-28 07:27:57.663000,8.5946,8.59269,1000000,1500000
2021-10-28 07:28:00.034000,8.5946,8.5926,1000000,1500000
2021-10-28 07:28:00.220000,8.5946,8.59253,1000000,1500000
2021-10-28 07:28:00.400000,8.5946,8.59253,1000000,1500000
2021-10-28 07:28:00.640000,8.5946,8.59257,1000000,1500000
2021-10-28 07:28:00.791000,8.5946,8.59259,1000000,1500000
2021-10-28 07:28:01.375000,8.5946,8.59257,1000000,1500000
2021-10-28 07:28:02.421000,8.5946,8.5925,1000000,1500000
2021-10-28 07:28:02.622000,8.5946,8.59246,1000000,1500000
2021-10-28 07:28:03.001000,8.5946,8.59246,1000000,1500000
2021-10-28 07:28:03.864000,8.5946,8.59246,1000000,1500000
2021-10-28 07:28:04.066000,8.59459,8.59247,1000000,1500000
2021-10-28 07:28:04.541000,8.5946,8.59223,1000000,1500000
2021-10-28 07:28:04.706000,8.5946,8.59223,1500000,1500000
2021-10-28 07:28:05.180000,8.5946,8.59223,1250000,1500000
2021-10-28 07:28:05.570000,8.5946,8.59223,1000000,1500000
2021-10-28 07:28:05.772000,8.5946,8.59223,1500000,1500000
2021-10-28 07:28:05.980000,8.5946,8.59223,1500000,1500000
2021-10-28 07:28:07.104000,8.59455,8.5919,1500000,1500000
2021-10-28 07:28:07.302000,8.59455,8.5919,1500000,1500000
2021-10-28 07:28:07.748000,8.59455,8.5919,1500000,1500000
2021-10-28 07:28:10.239000,8.59455,8.59186,1500000,1500000
2021-10-28 07:28:12.191000,8.59445,8.59181,1750000,1750000
2021-10-28 07:28:14.060000,8.59445,8.59189,1500000,1500000
2021-10-28 07:28:15.265000,8.59445,8.59182,1500000,1500000
2021-10-28 07:28:15.365000,8.59441,8.59182,1500000,1500000
2021-10-28 07:28:15.544000,8.59435,8.59182,1750000,1500000
2021-10-28 07:28:15.754000,8.59415,8.59182,1500000,1500000
2021-10-28 07:28:15.834000,8.59415,8.59182,1500000,1500000
2021-10-28 07:28:16.035000,8.59398,8.59149,1500000,1500000
2021-10-28 07:28:17.202000,8.59375,8.59109,1500000,1600000
2021-10-28 07:28:21.536000,8.59375,8.59109,1500000,1600000
2021-10-28 07:28:22.009000,8.59375,8.5912,1500000,1600000
2021-10-28 07:28:22.739000,8.59366,8.59117,1500000,1500000
2021-10-28 07:28:22.840000,8.59267,8.59117,1000000,1500000
2021-10-28 07:28:22.941000,8.59291,8.59077,1250000,1750000
2021-10-28 07:28:23.042000,8.59337,8.59077,1500000,1500000
2021-10-28 07:28:23.142000,8.59337,8.59077,1500000,1500000
2021-10-28 07:28:23.293000,8.59337,8.59046,1500000,1500000
2021-10-28 07:28:23.700000,8.59331,8.59046,1500000,1500000
2021-10-28 07:28:24.148000,8.59331,8.59046,1500000,1500000
2021-10-28 07:28:24.969000,8.59343,8.5904,2940000,1500000
2021-10-28 07:28:26.374000,8.59305,8.59031,1500000,1500000
2021-10-28 07:28:26.576000,8.59308,8.59033,1500000,1500000
2021-10-28 07:28:26.677000,8.5929,8.59033,1000000,1500000
2021-10-28 07:28:26.958000,8.59286,8.59025,1250000,1750000
2021-10-28 07:28:27.265000,8.59287,8.59025,1250000,1750000
2021-10-28 07:28:27.750000,8.59286,8.59026,1000000,1500000
2021-10-28 07:28:28.583000,8.59286,8.59026,1000000,1500000
2021-10-28 07:28:29.175000,8.59286,8.59015,1250000,1750000
2021-10-28 07:28:29.794000,8.593,8.59025,1000000,1500000
2021-10-28 07:28:30.052000,8.59294,8.59025,1000000,1500000
2021-10-28 07:28:30.394000,8.59293,8.59025,1000000,1500000
2021-10-28 07:28:30.614000,8.59294,8.59025,1000000,1500000
2021-10-28 07:28:30.865000,8.59295,8.59025,1000000,1500000
2021-10-28 07:28:31.152000,8.59292,8.59025,1000000,1500000
2021-10-28 07:28:31.303000,8.59292,8.59054,1000000,1500000
2021-10-28 07:28:31.404000,8.59323,8.59059,1750000,1750000
2021-10-28 07:28:31.505000,8.59323,8.59059,1250000,1750000
2021-10-28 07:28:31.606000,8.59331,8.59059,1250000,1750000
2021-10-28 07:28:31.707000,8.59349,8.59059,1750000,1750000
2021-10-28 07:28:31.862000,8.59322,8.59059,1250000,1750000
2021-10-28 07:28:32.157000,8.59318,8.5906,1250000,1750000
2021-10-28 07:28:32.459000,8.5932,8.59059,1250000,1750000
2021-10-28 07:28:32.751000,8.59321,8.59059,1250000,1750000
2021-10-28 07:28:32.866000,8.59321,8.59059,1250000,1750000
2021-10-28 07:28:33.053000,8.59322,8.59059,1250000,1750000
2021-10-28 07:28:33.402000,8.59321,8.59059,1250000,1750000
2021-10-28 07:28:33.506000,8.59321,8.59064,1000000,1500000
2021-10-28 07:28:33.607000,8.59324,8.59069,1000000,1500000
2021-10-28 07:28:33.707000,8.59324,8.59069,1000000,1500000
2021-10-28 07:28:33.858000,8.59342,8.59069,1120000,1500000
2021-10-28 07:28:34.155000,8.59337,8.5907,1000000,1500000
2021-10-28 07:28:34.436000,8.59337,8.59069,1120000,1500000
2021-10-28 07:28:35.254000,8.59333,8.59069,1000000,1500000
2021-10-28 07:28:35.590000,8.59332,8.59069,1000000,1500000
2021-10-28 07:28:35.850000,8.59333,8.59069,1000000,1500000
2021-10-28 07:28:36.154000,8.59334,8.59069,1000000,1500000
2021-10-28 07:28:36.456000,8.59357,8.59069,1500000,1500000
2021-10-28 07:28:36.770000,8.59334,8.59069,1000000,1500000
2021-10-28 07:28:36.961000,8.59336,8.59069,1000000,1500000
2021-10-28 07:28:37.652000,8.59357,8.59069,1500000,1500000
2021-10-28 07:28:37.914000,8.59333,8.5907,1000000,1500000
2021-10-28 07:28:39.537000,8.59334,8.59041,1310000,1750000
2021-10-28 07:28:40.231000,8.59346,8.59059,1500000,1500000
2021-10-28 07:28:41.138000,8.59358,8.59059,1500000,1500000
2021-10-28 07:28:41.289000,8.59356,8.59064,1500000,1500000
2021-10-28 07:28:42.013000,8.59353,8.5906,1500000,2000000
2021-10-28 07:28:42.536000,8.59355,8.59059,1500000,2000000
2021-10-28 07:28:42.894000,8.59348,8.59059,1000000,2250000
2021-10-28 07:28:43.818000,8.59355,8.59077,1500000,2000000
2021-10-28 07:28:44.355000,8.59355,8.59077,1500000,2000000
2021-10-28 07:28:49.537000,8.59359,8.5908,1500000,1500000
2021-10-28 07:28:50.373000,8.59357,8.5908,1500000,1500000
2021-10-28 07:28:50.811000,8.59354,8.5908,1500000,1500000
2021-10-28 07:28:51.366000,8.59351,8.59077,1500000,1500000
2021-10-28 07:28:51.733000,8.59337,8.59077,1500000,1500000
2021-10-28 07:28:52.626000,8.59345,8.59069,1500000,1500000
2021-10-28 07:28:52.936000,8.59346,8.59068,1500000,1500000
2021-10-28 07:28:54.680000,8.59344,8.59054,1500000,1500000
2021-10-28 07:28:54.882000,8.59351,8.59076,1000000,1500000
2021-10-28 07:28:55.116000,8.59351,8.59083,1500000,1500000
2021-10-28 07:28:55.508000,8.59371,8.59083,1500000,2750000
2021-10-28 07:28:57.038000,8.5935,8.59088,1500000,1500000
2021-10-28 07:28:57.189000,8.59349,8.59089,1500000,1500000
2021-10-28 07:28:57.391000,8.59355,8.59099,1000000,1500000
2021-10-28 07:28:57.870000,8.59355,8.59099,1000000,1500000
2021-10-28 07:28:58.217000,8.59375,8.59099,1500000,1500000
2021-10-28 07:28:59.156000,8.59384,8.59119,1500000,1500000
2021-10-28 07:28:59.308000,8.59384,8.59119,1000000,1500000
2021-10-28 07:28:59.710000,8.59401,8.59144,1000000,1500000
2021-10-28 07:28:59.918000,8.59401,8.59149,1000000,1500000
2021-10-28 07:29:00.019000,8.59415,8.59149,1000000,1500000
2021-10-28 07:29:00.184000,8.59415,8.59136,1250000,1750000
2021-10-28 07:29:00.351000,8.59418,8.59153,1000000,1500000
2021-10-28 07:29:00.402000,8.59418,8.5914,1000000,1500000
2021-10-28 07:29:00.603000,8.59417,8.59131,1250000,1750000
2021-10-28 07:29:00.704000,8.59416,8.59131,1000000,1500000
2021-10-28 07:29:01.021000,8.59416,8.59153,1000000,1500000
2021-10-28 07:29:01.133000,8.59415,8.59151,1000000,1500000
2021-10-28 07:29:01.419000,8.59415,8.59151,1000000,1500000
2021-10-28 07:29:01.519000,8.59422,8.59141,1000000,1500000
2021-10-28 07:29:01.620000,8.59422,8.59153,1000000,1500000
2021-10-28 07:29:01.771000,8.59405,8.59141,1000000,1500000
2021-10-28 07:29:01.821000,8.59405,8.59115,1000000,1500000
2021-10-28 07:29:02.278000,8.59401,8.59133,1000000,1500000
2021-10-28 07:29:02.487000,8.59401,8.59126,1000000,1500000
2021-10-28 07:29:02.789000,8.59387,8.59101,1000000,1500000
2021-10-28 07:29:02.890000,8.59387,8.59113,1000000,1500000
2021-10-28 07:29:03.041000,8.59382,8.59107,1000000,1500000
2021-10-28 07:29:03.443000,8.59401,8.59103,1000000,1500000
2021-10-28 07:29:03.740000,8.59404,8.59103,1000000,1500000
2021-10-28 07:29:04.090000,8.59404,8.59103,1250000,1750000
2021-10-28 07:29:04.733000,8.59403,8.59103,1250000,1750000
2021-10-28 07:29:04.934000,8.59403,8.59103,1500000,1500000
2021-10-28 07:29:05.136000,8.59403,8.59099,1500000,1500000
2021-10-28 07:29:05.976000,8.59397,8.59103,1000000,1500000
2021-10-28 07:29:06.077000,8.59397,8.59101,1000000,1500000
2021-10-28 07:29:06.247000,8.5939,8.59101,1000000,1500000
2021-10-28 07:29:06.508000,8.59387,8.591,1000000,1500000
2021-10-28 07:29:08.234000,8.59386,8.59104,1000000,1500000
2021-10-28 07:29:09.336000,8.59386,8.591,1000000,1500000
2021-10-28 07:29:09.875000,8.59387,8.59099,1000000,1500000
2021-10-28 07:29:10.387000,8.59386,8.591,1500000,1500000
2021-10-28 07:29:10.437000,8.59387,8.59073,1500000,1500000
2021-10-28 07:29:10.538000,8.59385,8.59073,1000000,1500000
2021-10-28 07:29:10.739000,8.59387,8.59083,1500000,1500000
2021-10-28 07:29:11.041000,8.59397,8.59109,1500000,1500000
2021-10-28 07:29:13.001000,8.59397,8.59109,1500000,1500000
2021-10-28 07:29:14.604000,8.59397,8.59109,1120000,1500000
2021-10-28 07:29:14.786000,8.59401,8.59114,1000000,1500000
2021-10-28 07:29:14.987000,8.59401,8.59114,1000000,1500000
2021-10-28 07:29:15.090000,8.59376,8.59129,1000000,1500000
2021-10-28 07:29:15.191000,8.59376,8.59095,1000000,1500000
2021-10-28 07:29:15.291000,8.59347,8.59029,1250000,1750000
2021-10-28 07:29:15.392000,8.59347,8.59023,1000000,1500000
2021-10-28 07:29:15.755000,8.59347,8.59005,2250000,1500000
2021-10-28 07:29:15.862000,8.59329,8.59005,1000000,1500000
2021-10-28 07:29:15.963000,8.59329,8.59005,1250000,1750000
2021-10-28 07:29:16.063000,8.59319,8.59005,1000000,1500000
2021-10-28 07:29:16.352000,8.59306,8.59003,1000000,1500000
2021-10-28 07:29:16.662000,8.59319,8.59003,1000000,1500000
2021-10-28 07:29:16.969000,8.59348,8.58996,2250000,1500000
2021-10-28 07:29:17.092000,8.59351,8.59003,1000000,1500000
2021-10-28 07:29:17.528000,8.59354,8.59003,1000000,1500000
2021-10-28 07:29:18.022000,8.59356,8.58997,1000000,1500000
2021-10-28 07:29:18.123000,8.59356,8.59003,1000000,1500000
2021-10-28 07:29:18.344000,8.59358,8.59003,1000000,1500000
2021-10-28 07:29:18.521000,8.59357,8.59003,1000000,1500000
2021-10-28 07:29:18.572000,8.59357,8.59003,1000000,1500000
2021-10-28 07:29:18.773000,8.59363,8.59014,1000000,1120000
2021-10-28 07:29:19.900000,8.59363,8.59003,1000000,1500000
2021-10-28 07:29:20.258000,8.59363,8.59013,1000000,1500000
2021-10-28 07:29:20.308000,8.59358,8.59004,1000000,2750000
2021-10-28 07:29:20.459000,8.59359,8.59003,1000000,2750000
2021-10-28 07:29:23.324000,8.59359,8.59002,1000000,1500000
2021-10-28 07:29:24.034000,8.59339,8.59003,1000000,1500000
2021-10-28 07:29:24.531000,8.59324,8.59004,1000000,1500000
2021-10-28 07:29:24.632000,8.59319,8.58993,1000000,1500000
2021-10-28 07:29:24.785000,8.59319,8.58991,1000000,1500000
2021-10-28 07:29:25.040000,8.59318,8.59004,1000000,1500000
2021-10-28 07:29:25.524000,8.59318,8.58994,1000000,1500000
2021-10-28 07:29:25.575000,8.59349,8.59003,1500000,1500000
2021-10-28 07:29:25.726000,8.59349,8.59003,1000000,1500000
2021-10-28 07:29:26.249000,8.59345,8.59003,1000000,1000000
2021-10-28 07:29:26.299000,8.59303,8.58993,1000000,1500000
2021-10-28 07:29:26.450000,8.59303,8.58993,1000000,1500000
2021-10-28 07:29:26.653000,8.59303,8.58993,1000000,1000000
2021-10-28 07:29:26.807000,8.59303,8.58984,1000000,1500000
2021-10-28 07:29:27.158000,8.59303,8.58984,1000000,1500000
2021-10-28 07:29:27.373000,8.59303,8.58973,1000000,1500000
2021-10-28 07:29:27.883000,8.59303,8.58973,1000000,2750000
2021-10-28 07:29:28.465000,8.59272,8.58963,1000000,1000000
2021-10-28 07:29:28.567000,8.59271,8.5895,1000000,1500000
2021-10-28 07:29:28.617000,8.59239,8.58929,1000000,1500000
2021-10-28 07:29:28.667000,8.59238,8.5893,1000000,1000000
2021-10-28 07:29:28.718000,8.59239,8.58927,1000000,1000000
2021-10-28 07:29:28.768000,8.59212,8.58928,1000000,1000000
2021-10-28 07:29:28.869000,8.59213,8.58911,1000000,1500000
2021-10-28 07:29:28.970000,8.5915,8.58873,1000000,1500000
2021-10-28 07:29:29.120000,8.59145,8.58839,1000000,1000000
2021-10-28 07:29:29.249000,8.59115,8.58826,1000000,1500000
2021-10-28 07:29:29.299000,8.59116,8.58825,1000000,1000000
2021-10-28 07:29:29.400000,8.59116,8.58792,1000000,1500000
2021-10-28 07:29:29.501000,8.59116,8.58792,1000000,1000000
2021-10-28 07:29:29.802000,8.59116,8.58783,1000000,1000000
2021-10-28 07:29:30.053000,8.59115,8.5878,1250000,1250000
2021-10-28 07:29:30.104000,8.59115,8.5878,1000000,1000000
2021-10-28 07:29:30.154000,8.59115,8.5878,1250000,1250000
2021-10-28 07:29:30.205000,8.59115,8.5878,1000000,1000000
2021-10-28 07:29:30.255000,8.59109,8.5878,1000000,1000000
2021-10-28 07:29:30.676000,8.59107,8.58772,1000000,1000000
2021-10-28 07:29:30.777000,8.59083,8.58772,1000000,1000000
2021-10-28 07:29:30.947000,8.59074,8.58773,1000000,1000000
2021-10-28 07:29:31.089000,8.59047,8.58772,1000000,1000000
2021-10-28 07:29:31.139000,8.59047,8.58743,1000000,2250000
2021-10-28 07:29:31.247000,8.59047,8.58735,1000000,1000000
2021-10-28 07:29:31.374000,8.59076,8.58735,1000000,1000000
2021-10-28 07:29:31.498000,8.59059,8.58734,1000000,1000000
2021-10-28 07:29:31.649000,8.59048,8.58734,1000000,1000000
2021-10-28 07:29:31.852000,8.59043,8.58734,1000000,1000000
2021-10-28 07:29:32.110000,8.59028,8.58734,1000000,1000000
2021-10-28 07:29:32.161000,8.59028,8.58725,1000000,1000000
2021-10-28 07:29:32.329000,8.59029,8.58725,1000000,1000000
2021-10-28 07:29:32.479000,8.59029,8.58706,1000000,1000000
2021-10-28 07:29:32.530000,8.59013,8.58706,1000000,1000000
2021-10-28 07:29:33.049000,8.58996,8.58706,1000000,1000000
2021-10-28 07:29:33.352000,8.58995,8.58706,1250000,1250000
2021-10-28 07:29:33.551000,8.58995,8.58706,1000000,1000000
2021-10-28 07:29:33.624000,8.58994,8.58702,1000000,1000000
2021-10-28 07:29:33.775000,8.58992,8.58701,1000000,1000000
2021-10-28 07:29:33.977000,8.58963,8.58701,1000000,1000000
2021-10-28 07:29:34.237000,8.58963,8.58663,1000000,1000000
2021-10-28 07:29:34.287000,8.58959,8.58663,1000000,1000000
2021-10-28 07:29:34.388000,8.58959,8.58663,1000000,1500000
2021-10-28 07:29:34.556000,8.58962,8.58663,1000000,1500000
2021-10-28 07:29:34.668000,8.58962,8.58657,1250000,1250000
2021-10-28 07:29:34.775000,8.58989,8.58655,1250000,1250000
2021-10-28 07:29:34.928000,8.58989,8.58644,1250000,1750000
2021-10-28 07:29:35.079000,8.58961,8.58644,1000000,1500000
2021-10-28 07:29:35.362000,8.58952,8.58641,1000000,1500000
2021-10-28 07:29:35.512000,8.58952,8.58645,1000000,1500000
2021-10-28 07:29:35.649000,8.58977,8.58654,1250000,1750000
2021-10-28 07:29:35.700000,8.58986,8.58654,1000000,1500000
2021-10-28 07:29:35.801000,8.58999,8.58665,1100000,1500000
2021-10-28 07:29:35.851000,8.58982,8.58671,1000000,1500000
2021-10-28 07:29:36.395000,8.58972,8.58674,1000000,1500000
2021-10-28 07:29:36.655000,8.58976,8.58674,1250000,1750000
2021-10-28 07:29:36.763000,8.58976,8.58674,1000000,1500000
2021-10-28 07:29:36.990000,8.58977,8.58674,1000000,1500000
2021-10-28 07:29:37.286000,8.58973,8.58671,1000000,1500000
2021-10-28 07:29:37.550000,8.58972,8.58671,1000000,1500000
2021-10-28 07:29:37.889000,8.58982,8.58675,1000000,1500000
2021-10-28 07:29:38.090000,8.58998,8.58682,1350000,1750000
2021-10-28 07:29:38.141000,8.58999,8.58665,1100000,1500000
2021-10-28 07:29:38.292000,8.58999,8.58661,1100000,1500000
2021-10-28 07:29:38.393000,8.58974,8.58661,1000000,1500000
2021-10-28 07:29:38.798000,8.58999,8.58661,1350000,1750000
2021-10-28 07:29:38.849000,8.58999,8.58661,1100000,1500000
2021-10-28 07:29:39.060000,8.58972,8.58662,1000000,1500000
2021-10-28 07:29:39.387000,8.58971,8.58661,1000000,1500000
2021-10-28 07:29:39.503000,8.58971,8.58661,1000000,1000000
2021-10-28 07:29:39.603000,8.58996,8.58661,1350000,1250000
2021-10-28 07:29:39.654000,8.58995,8.58662,1100000,1000000
2021-10-28 07:29:39.754000,8.58996,8.58661,1100000,1500000
2021-10-28 07:29:40.350000,8.58991,8.58661,1000000,1500000
2021-10-28 07:29:40.651000,8.58986,8.58662,1000000,1500000
2021-10-28 07:29:40.952000,8.58972,8.58641,1000000,1500000
2021-10-28 07:29:41.153000,8.58997,8.58641,1350000,1750000
2021-10-28 07:29:41.204000,8.58999,8.58641,1100000,1500000
2021-10-28 07:29:41.463000,8.58971,8.58641,1000000,1500000
2021-10-28 07:29:41.759000,8.58973,8.58641,1000000,1500000
2021-10-28 07:29:42.070000,8.58977,8.58641,1250000,1750000
2021-10-28 07:29:42.194000,8.58977,8.58641,1000000,1500000
2021-10-28 07:29:42.295000,8.58977,8.58641,1000000,1500000
2021-10-28 07:29:42.446000,8.58976,8.58641,1000000,1500000
2021-10-28 07:29:42.597000,8.58976,8.58651,1000000,1500000
2021-10-28 07:29:42.700000,8.58986,8.58651,1000000,1500000
2021-10-28 07:29:42.751000,8.58985,8.58652,1000000,1500000
2021-10-28 07:29:42.902000,8.58986,8.58651,1000000,1500000
2021-10-28 07:29:42.952000,8.58984,8.58651,1000000,1500000
2021-10-28 07:29:43.136000,8.58984,8.58637,1000000,1000000
2021-10-28 07:29:43.186000,8.58977,8.58634,1000000,1000000
2021-10-28 07:29:43.291000,8.58977,8.58621,1000000,1500000
2021-10-28 07:29:43.497000,8.58961,8.58621,1000000,1500000
2021-10-28 07:29:43.750000,8.58958,8.58621,1000000,1500000
2021-10-28 07:29:44.054000,8.58949,8.58621,1000000,1500000
2021-10-28 07:29:44.305000,8.58949,8.58622,1000000,1000000
2021-10-28 07:29:44.356000,8.58951,8.58622,1000000,1000000
2021-10-28 07:29:44.521000,8.58951,8.58621,1250000,1750000
2021-10-28 07:29:44.650000,8.58948,8.58621,1250000,1750000
2021-10-28 07:29:44.950000,8.58947,8.58621,1250000,1750000
2021-10-28 07:29:45.151000,8.58947,8.58621,1000000,1000000
2021-10-28 07:29:45.304000,8.58946,8.58621,1000000,1000000
2021-10-28 07:29:45.549000,8.58944,8.58621,1000000,1000000
2021-10-28 07:29:45.876000,8.58946,8.58625,1000000,1000000
2021-10-28 07:29:45.983000,8.58945,8.58632,1000000,1000000
2021-10-28 07:29:46.134000,8.58947,8.58631,1000000,1000000
2021-10-28 07:29:46.338000,8.58982,8.58631,1250000,1250000
2021-10-28 07:29:46.389000,8.58985,8.58631,1000000,1000000
2021-10-28 07:29:46.439000,8.58979,8.58631,1000000,1000000
2021-10-28 07:29:46.590000,8.58957,8.58631,1000000,1000000
2021-10-28 07:29:46.842000,8.58952,8.58631,1000000,1000000
2021-10-28 07:29:47.096000,8.58948,8.58632,1000000,1000000
2021-10-28 07:29:47.289000,8.58949,8.58635,1000000,1000000
2021-10-28 07:29:47.453000,8.58948,8.58635,1000000,1000000
2021-10-28 07:29:47.554000,8.58948,8.58635,1250000,1250000
2021-10-28 07:29:47.683000,8.58951,8.58631,1250000,1250000
2021-10-28 07:29:47.885000,8.58933,8.58631,1000000,1000000
2021-10-28 07:29:48.036000,8.58933,8.58611,1000000,1000000
2021-10-28 07:29:48.149000,8.58957,8.58611,1250000,1250000
2021-10-28 07:29:48.288000,8.58961,8.58611,1250000,1250000
2021-10-28 07:29:48.388000,8.58921,8.58611,1000000,1000000
2021-10-28 07:29:48.800000,8.58961,8.58611,1250000,1250000
2021-10-28 07:29:48.943000,8.58961,8.58611,1250000,1250000
2021-10-28 07:29:49.098000,8.58921,8.58611,1000000,1000000
2021-10-28 07:29:49.249000,8.58918,8.58591,1000000,1000000
2021-10-28 07:29:49.299000,8.58889,8.58572,1000000,1000000
2021-10-28 07:29:49.758000,8.58887,8.58571,1000000,1000000
2021-10-28 07:29:49.989000,8.58893,8.58541,1000000,1000000
2021-10-28 07:29:50.089000,8.58893,8.58531,1250000,1750000
2021-10-28 07:29:50.140000,8.58886,8.58511,1250000,1750000
2021-10-28 07:29:50.190000,8.58865,8.58511,1250000,1750000
2021-10-28 07:29:50.240000,8.58865,8.58511,1000000,1000000
2021-10-28 07:29:50.458000,8.58855,8.58511,1250000,1250000
2021-10-28 07:29:50.608000,8.58855,8.58511,1000000,1000000
2021-10-28 07:29:50.759000,8.58854,8.58512,1250000,1250000
2021-10-28 07:29:50.882000,8.58855,8.58511,1000000,1000000
2021-10-28 07:29:51.007000,8.58843,8.58511,1000000,1000000
2021-10-28 07:29:51.596000,8.58841,8.58511,1000000,1000000
2021-10-28 07:29:51.851000,8.58848,8.58512,1000000,1000000
2021-10-28 07:29:52.153000,8.58843,8.58511,1000000,1000000
2021-10-28 07:29:52.456000,8.58843,8.58511,1250000,1250000
2021-10-28 07:29:52.563000,8.58843,8.58541,1000000,1000000
2021-10-28 07:29:52.666000,8.58843,8.58541,1250000,1250000
2021-10-28 07:29:52.766000,8.58846,8.58541,1250000,1250000
2021-10-28 07:29:53.053000,8.58845,8.58541,1250000,1250000
2021-10-28 07:29:53.408000,8.58874,8.58541,1250000,1250000
2021-10-28 07:29:53.609000,8.58875,8.58541,1250000,1250000
2021-10-28 07:29:53.659000,8.58846,8.58541,1250000,1250000
2021-10-28 07:29:54.255000,8.58845,8.58541,1250000,1250000
2021-10-28 07:29:54.555000,8.58844,8.58541,1250000,1250000
2021-10-28 07:29:54.813000,8.58843,8.58551,1250000,1250000
2021-10-28 07:29:54.964000,8.58843,8.58571,1250000,1250000
2021-10-28 07:29:55.014000,8.58863,8.58551,1250000,1250000
2021-10-28 07:29:55.256000,8.5886,8.58551,1250000,1250000
2021-10-28 07:29:55.503000,8.58862,8.58551,1250000,1250000
2021-10-28 07:29:55.567000,8.58862,8.58561,1250000,1250000
2021-10-28 07:29:55.718000,8.58889,8.58561,1250000,1250000
2021-10-28 07:29:55.868000,8.58888,8.58561,1250000,1250000
2021-10-28 07:29:55.969000,8.58863,8.58561,1250000,1250000
2021-10-28 07:29:56.019000,8.58863,8.58551,1250000,1250000
2021-10-28 07:29:56.254000,8.5886,8.58551,1250000,1250000
2021-10-28 07:29:56.553000,8.58858,8.58552,1250000,1250000
2021-10-28 07:29:56.854000,8.5886,8.58551,1250000,1250000
2021-10-28 07:29:57.164000,8.58857,8.58551,1250000,1250000
2021-10-28 07:29:57.353000,8.5886,8.58551,1250000,1250000
2021-10-28 07:29:57.660000,8.58887,8.58551,1000000,1000000
2021-10-28 07:29:57.711000,8.58887,8.58551,1250000,1250000
2021-10-28 07:29:57.849000,8.58859,8.58551,1250000,1250000
2021-10-28 07:29:58.149000,8.58855,8.58551,1250000,1250000
2021-10-28 07:29:58.446000,8.58883,8.58551,1250000,1250000
2021-10-28 07:29:58.653000,8.58854,8.58552,1250000,1250000
2021-10-28 07:29:58.957000,8.58857,8.58551,1250000,1250000
2021-10-28 07:29:59.254000,8.58855,8.58551,1250000,1250000
2021-10-28 07:29:59.588000,8.58859,8.58551,1250000,1250000
2021-10-28 07:30:00.091000,8.58882,8.58551,1250000,1250000
2021-10-28 07:30:00.241000,8.58881,8.58551,1250000,1250000
2021-10-28 07:30:00.292000,8.58854,8.58551,1250000,1250000
2021-10-28 07:30:00.496000,8.58854,8.58541,1250000,1250000
2021-10-28 07:30:00.596000,8.58855,8.58551,1250000,1250000
2021-10-28 07:30:00.749000,8.58855,8.58519,1250000,1250000
2021-10-28 07:30:00.850000,8.58867,8.58519,1250000,1250000
2021-10-28 07:30:00.950000,8.58687,8.58477,1250000,1250000
2021-10-28 07:30:01,8.58717,8.58467,1750000,1250000
2021-10-28 07:30:01.101000,8.5882,8.58488,1250000,1250000
2021-10-28 07:30:01.201000,8.5869,8.58467,1000000,1000000
2021-10-28 07:30:01.302000,8.58746,8.58429,3000000,1250000
2021-10-28 07:30:01.403000,8.5881,8.58429,1250000,1250000
2021-10-28 07:30:01.503000,8.58816,8.58399,1000000,1000000
2021-10-28 07:30:01.554000,8.58815,8.584,1250000,1250000
2021-10-28 07:30:01.604000,8.58835,8.584,1250000,1250000
2021-10-28 07:30:01.655000,8.58836,8.58398,1000000,1000000
2021-10-28 07:30:01.755000,8.58849,8.58398,1000000,2250000
2021-10-28 07:30:01.856000,8.58829,8.58398,1000000,1000000
2021-10-28 07:30:02.210000,8.58829,8.58451,1000000,1000000
2021-10-28 07:30:02.311000,8.58831,8.58491,1000000,1000000
2021-10-28 07:30:02.462000,8.58831,8.58541,1000000,1000000
2021-10-28 07:30:02.512000,8.58853,8.58541,1000000,1000000
2021-10-28 07:30:02.573000,8.58853,8.58571,1000000,1000000
2021-10-28 07:30:02.674000,8.58853,8.58516,1000000,1000000
2021-10-28 07:30:02.774000,8.58879,8.58472,1350000,1350000
2021-10-28 07:30:02.825000,8.58879,8.58461,1350000,1350000
2021-10-28 07:30:02.925000,8.58859,8.58455,1250000,1250000
2021-10-28 07:30:02.975000,8.58859,8.58455,1250000,1250000
2021-10-28 07:30:03.176000,8.58859,8.58454,1250000,1250000
2021-10-28 07:30:03.352000,8.58859,8.58541,1000000,1000000
2021-10-28 07:30:03.636000,8.58863,8.58541,1000000,1000000
2021-10-28 07:30:03.887000,8.58892,8.58541,1350000,1010000
2021-10-28 07:30:04.001000,8.58912,8.58561,1350000,1010000
2021-10-28 07:30:04.156000,8.58905,8.58589,1350000,1010000
2021-10-28 07:30:04.543000,8.58913,8.58551,1350000,1010000
2021-10-28 07:30:04.744000,8.5886,8.58551,1000000,1000000
2021-10-28 07:30:04.895000,8.5886,8.58496,1000000,1000000
2021-10-28 07:30:04.996000,8.58889,8.58489,1100000,1100000
2021-10-28 07:30:05.117000,8.58888,8.58521,1100000,1100000
2021-10-28 07:30:05.427000,8.58896,8.58541,1100000,1100000
2021-10-28 07:30:05.554000,8.58859,8.58541,1000000,1000000
2021-10-28 07:30:05.604000,8.58859,8.58501,1000000,1000000
2021-10-28 07:30:05.705000,8.58897,8.58488,1350000,1010000
2021-10-28 07:30:06.267000,8.58862,8.58489,1000000,1000000
2021-10-28 07:30:06.563000,8.58862,8.58488,1000000,1000000
2021-10-28 07:30:07.064000,8.58864,8.58488,1000000,1000000
2021-10-28 07:30:07.257000,8.58858,8.58489,1000000,1000000
2021-10-28 07:30:07.408000,8.58846,8.58488,1000000,1000000
2021-10-28 07:30:07.538000,8.58831,8.58436,1000000,1000000
2021-10-28 07:30:07.590000,8.58832,8.58431,1000000,1000000
2021-10-28 07:30:07.641000,8.58832,8.58407,1000000,1000000
2021-10-28 07:30:07.759000,8.58831,8.58407,1000000,1000000
2021-10-28 07:30:07.911000,8.58831,8.58414,1000000,1000000
2021-10-28 07:30:08.012000,8.58831,8.58425,1000000,1000000
2021-10-28 07:30:08.063000,8.58849,8.58425,1000000,1000000
2021-10-28 07:30:08.353000,8.58855,8.58425,1000000,1000000
2021-10-28 07:30:08.533000,8.58855,8.58424,1000000,1000000
2021-10-28 07:30:09.110000,8.58855,8.58409,1000000,2250000
2021-10-28 07:30:09.161000,8.58838,8.58409,1000000,1000000
2021-10-28 07:30:09.312000,8.58838,8.58403,1000000,1000000
2021-10-28 07:30:09.463000,8.58831,8.58403,1000000,1000000
2021-10-28 07:30:09.657000,8.58831,8.58395,1000000,1000000
2021-10-28 07:30:09.758000,8.58825,8.58412,1000000,1000000
2021-10-28 07:30:10.091000,8.58821,8.58412,1000000,1000000
2021-10-28 07:30:10.249000,8.58821,8.58422,1000000,1000000
2021-10-28 07:30:10.372000,8.58822,8.58422,1000000,1000000
2021-10-28 07:30:10.627000,8.58846,8.58423,1000000,1000000
2021-10-28 07:30:10.794000,8.58843,8.5842,1000000,1000000
2021-10-28 07:30:10.952000,8.58819,8.5842,1000000,1000000
2021-10-28 07:30:11.166000,8.58815,8.58436,1000000,1000000
2021-10-28 07:30:11.448000,8.58818,8.58436,1000000,1000000
2021-10-28 07:30:11.635000,8.58818,8.5845,1000000,1000000
2021-10-28 07:30:11.786000,8.58813,8.5845,1000000,1000000
2021-10-28 07:30:11.901000,8.58813,8.58426,1000000,1000000
2021-10-28 07:30:12.156000,8.58813,8.58433,1000000,1000000
2021-10-28 07:30:12.307000,8.58787,8.58364,1000000,1000000
2021-10-28 07:30:12.408000,8.58813,8.58387,1000000,1000000
2021-10-28 07:30:12.458000,8.58813,8.58403,1000000,1000000
2021-10-28 07:30:12.508000,8.58797,8.58363,1000000,1000000
2021-10-28 07:30:12.609000,8.58774,8.58362,1000000,1000000
2021-10-28 07:30:12.711000,8.58756,8.58362,1000000,1000000
2021-10-28 07:30:12.762000,8.58786,8.58362,1000000,1000000
2021-10-28 07:30:12.862000,8.5876,8.58362,1000000,1000000
2021-10-28 07:30:12.963000,8.58754,8.58362,1000000,1000000
2021-10-28 07:30:13.251000,8.58754,8.58365,1000000,1000000
2021-10-28 07:30:13.402000,8.58803,8.58365,1000000,1000000
2021-10-28 07:30:13.453000,8.58806,8.58365,1000000,1000000
2021-10-28 07:30:13.572000,8.58828,8.58425,1000000,1000000
2021-10-28 07:30:13.672000,8.58829,8.58387,1000000,1000000
2021-10-28 07:30:13.723000,8.58835,8.58387,1000000,1000000
2021-10-28 07:30:13.773000,8.58841,8.58393,1000000,1000000
2021-10-28 07:30:13.988000,8.58822,8.5838,1000000,1000000
2021-10-28 07:30:14.116000,8.58822,8.58393,1000000,1000000
2021-10-28 07:30:14.217000,8.58824,8.58453,1000000,1000000
2021-10-28 07:30:14.267000,8.58812,8.58399,1000000,1000000
2021-10-28 07:30:14.318000,8.58812,8.58372,1000000,1000000
2021-10-28 07:30:14.418000,8.58825,8.58379,1000000,1000000
2021-10-28 07:30:14.469000,8.58825,8.58389,1000000,1000000
2021-10-28 07:30:14.620000,8.58825,8.58495,1000000,1000000
2021-10-28 07:30:14.742000,8.58827,8.58495,1000000,1000000
2021-10-28 07:30:14.793000,8.58827,8.58443,1000000,1000000
2021-10-28 07:30:14.894000,8.58827,8.58423,1000000,1000000
2021-10-28 07:30:14.944000,8.58827,8.58446,1000000,1000000
2021-10-28 07:30:15.047000,8.58827,8.58477,1000000,1000000
2021-10-28 07:30:15.148000,8.58829,8.58399,1000000,1000000
2021-10-28 07:30:15.249000,8.58839,8.58392,1000000,1000000
2021-10-28 07:30:15.323000,8.58839,8.58405,1000000,1000000
2021-10-28 07:30:15.424000,8.58839,8.58474,1000000,1000000
2021-10-28 07:30:15.550000,8.58839,8.58454,1000000,1000000
2021-10-28 07:30:15.601000,8.58837,8.58454,1000000,1000000
2021-10-28 07:30:15.858000,8.58838,8.58454,1000000,1000000
2021-10-28 07:30:15.909000,8.58838,8.58437,1000000,1000000
2021-10-28 07:30:16.009000,8.58829,8.58384,1000000,2250000
2021-10-28 07:30:16.060000,8.58838,8.58402,1000000,1000000
2021-10-28 07:30:16.211000,8.58824,8.58376,1000000,1000000
2021-10-28 07:30:16.550000,8.58827,8.58383,1000000,1000000
2021-10-28 07:30:16.600000,8.58831,8.58383,1000000,1000000
2021-10-28 07:30:16.801000,8.58824,8.58388,1000000,1000000
2021-10-28 07:30:17.389000,8.58822,8.58389,1000000,1000000
2021-10-28 07:30:17.950000,8.58822,8.58393,1000000,1000000
2021-10-28 07:30:18.110000,8.58823,8.58393,1000000,1000000
2021-10-28 07:30:18.234000,8.58817,8.58393,1000000,1000000
2021-10-28 07:30:18.358000,8.58811,8.58393,1000000,1000000
2021-10-28 07:30:18.488000,8.5881,8.58393,1000000,1000000
2021-10-28 07:30:18.589000,8.58846,8.58417,1000000,1000000
2021-10-28 07:30:18.740000,8.58826,8.58417,1000000,1000000
2021-10-28 07:30:18.841000,8.58825,8.58427,1000000,1000000
2021-10-28 07:30:18.985000,8.5882,8.58426,1000000,1000000
2021-10-28 07:30:19.243000,8.58819,8.58413,1000000,1000000
2021-10-28 07:30:19.344000,8.58819,8.58427,1000000,1000000
2021-10-28 07:30:19.444000,8.5882,8.58415,1000000,1000000
2021-10-28 07:30:19.495000,8.58809,8.58367,1000000,1000000
2021-10-28 07:30:19.906000,8.58821,8.58379,1000000,1000000
2021-10-28 07:30:20.007000,8.58821,8.58376,1000000,1000000
2021-10-28 07:30:20.159000,8.58806,8.58367,1000000,1000000
2021-10-28 07:30:20.215000,8.58814,8.58367,1000000,1000000
2021-10-28 07:30:20.412000,8.58806,8.58367,1000000,1000000
2021-10-28 07:30:20.524000,8.58813,8.5837,1000000,1000000
2021-10-28 07:30:21.085000,8.58852,8.58418,1000000,1000000
2021-10-28 07:30:21.189000,8.58813,8.58409,1000000,1000000
2021-10-28 07:30:21.290000,8.58803,8.58409,1000000,1000000
2021-10-28 07:30:21.351000,8.58764,8.58364,1000000,1000000
2021-10-28 07:30:21.470000,8.58764,8.58359,1000000,1000000
2021-10-28 07:30:21.914000,8.58763,8.58359,1000000,1000000
2021-10-28 07:30:22.014000,8.58735,8.58345,1000000,1000000
2021-10-28 07:30:22.215000,8.58712,8.58317,1250000,1250000
2021-10-28 07:30:22.266000,8.58713,8.58316,1000000,1000000
2021-10-28 07:30:22.417000,8.58713,8.58315,1000000,1000000
2021-10-28 07:30:22.467000,8.58676,8.58289,1000000,1000000
2021-10-28 07:30:22.669000,8.58676,8.58288,1000000,1000000
2021-10-28 07:30:22.719000,8.58676,8.58269,1000000,1000000
2021-10-28 07:30:23.496000,8.5869,8.58288,1000000,1000000
2021-10-28 07:30:23.756000,8.5869,8.58289,1000000,1000000
2021-10-28 07:30:24,8.58656,8.58289,1000000,1000000
2021-10-28 07:30:24.101000,8.58657,8.58288,1350000,1250000
2021-10-28 07:30:24.252000,8.58626,8.5827,1450000,1250000
2021-10-28 07:30:24.549000,8.58625,8.58255,1450000,1250000
2021-10-28 07:30:24.849000,8.58624,8.5825,1450000,1250000
2021-10-28 07:30:27.638000,8.58624,8.58242,1450000,1250000
2021-10-28 07:30:27.751000,8.58625,8.58238,1450000,1250000
2021-10-28 07:30:29.166000,8.58635,8.58238,1000000,1500000
2021-10-28 07:30:29.218000,8.5863,8.58247,1000000,1500000
2021-10-28 07:30:29.319000,8.58629,8.58229,1250000,1750000
2021-10-28 07:30:29.369000,8.58629,8.58229,1550000,1250000
2021-10-28 07:30:29.420000,8.586,8.5823,1000000,1000000
2021-10-28 07:30:29.611000,8.58625,8.58229,1550000,1250000
2021-10-28 07:30:29.880000,8.58599,8.58229,1000000,1000000
2021-10-28 07:30:30.173000,8.58597,8.58258,1000000,1000000
2021-10-28 07:30:30.224000,8.58597,8.58231,1000000,1000000
2021-10-28 07:30:30.375000,8.58577,8.58246,1000000,1000000
2021-10-28 07:30:30.475000,8.58577,8.58229,1000000,1000000
2021-10-28 07:30:30.526000,8.58577,8.5824,1000000,1000000
2021-10-28 07:30:30.635000,8.58576,8.5824,1000000,1000000
2021-10-28 07:30:30.737000,8.58576,8.58249,1000000,1000000
2021-10-28 07:30:30.888000,8.58583,8.58249,1000000,1000000
2021-10-28 07:30:31.052000,8.58605,8.58249,1250000,1250000
2021-10-28 07:30:31.162000,8.58619,8.5824,1250000,1250000
2021-10-28 07:30:31.363000,8.58591,8.58241,1000000,1000000
2021-10-28 07:30:31.652000,8.58588,8.5824,1000000,1000000
2021-10-28 07:30:31.810000,8.58587,8.58241,1000000,1500000
2021-10-28 07:30:31.963000,8.58587,8.5824,1000000,1500000
2021-10-28 07:30:32.153000,8.58586,8.5824,1000000,1500000
2021-10-28 07:30:32.253000,8.58585,8.58241,1000000,1500000
2021-10-28 07:30:32.411000,8.58586,8.58233,1000000,1500000
2021-10-28 07:30:32.552000,8.58577,8.58233,1000000,1500000
2021-10-28 07:30:32.654000,8.58582,8.58233,1000000,1500000
2021-10-28 07:30:33.157000,8.58577,8.58234,1000000,1500000
2021-10-28 07:30:33.767000,8.586,8.58232,1000000,1500000
2021-10-28 07:30:34.050000,8.58578,8.58232,1000000,1500000
2021-10-28 07:30:34.101000,8.58578,8.58232,1000000,1500000
2021-10-28 07:30:34.262000,8.58577,8.58233,1000000,1500000
2021-10-28 07:30:35.551000,8.58596,8.58223,1000000,1500000
2021-10-28 07:30:35.719000,8.58596,8.58213,1500000,1500000
2021-10-28 07:30:35.770000,8.58577,8.58213,1000000,1500000
2021-10-28 07:30:36.053000,8.58574,8.58213,1000000,1500000
2021-10-28 07:30:36.231000,8.58574,8.58213,1000000,1500000
2021-10-28 07:30:36.332000,8.58568,8.58213,1000000,1500000
2021-10-28 07:30:36.484000,8.58567,8.58224,1000000,1500000
2021-10-28 07:30:36.585000,8.58578,8.58213,1000000,1500000
2021-10-28 07:30:36.697000,8.58578,8.58213,1000000,1500000
2021-10-28 07:30:37.015000,8.58597,8.58213,1500000,1500000
2021-10-28 07:30:37.116000,8.58586,8.58214,1000000,1500000
2021-10-28 07:30:37.183000,8.58587,8.58213,1500000,1500000
2021-10-28 07:30:37.235000,8.58559,8.58213,1000000,1500000
2021-10-28 07:30:37.714000,8.58536,8.58203,1000000,1500000
2021-10-28 07:30:37.764000,8.58536,8.58203,1000000,1000000
2021-10-28 07:30:37.915000,8.5855,8.58203,1000000,1000000
2021-10-28 07:30:38.153000,8.58526,8.58203,1000000,1000000
2021-10-28 07:30:38.409000,8.58529,8.58203,1000000,1000000
2021-10-28 07:30:38.560000,8.58529,8.58203,1000000,1500000
2021-10-28 07:30:38.610000,8.58538,8.58203,1000000,1500000
2021-10-28 07:30:38.817000,8.5856,8.58204,1000000,1500000
2021-10-28 07:30:39.061000,8.58541,8.58203,1000000,1500000
2021-10-28 07:30:39.949000,8.5854,8.58203,1000000,1500000
2021-10-28 07:30:40.232000,8.58539,8.58213,1000000,1000000
2021-10-28 07:30:40.333000,8.58539,8.58203,1000000,1500000
2021-10-28 07:30:40.434000,8.58582,8.58204,1000000,1500000
2021-10-28 07:30:40.534000,8.58577,8.58204,1500000,1500000
2021-10-28 07:30:40.645000,8.5856,8.58203,1000000,1500000
2021-10-28 07:30:40.746000,8.58535,8.58203,1000000,1000000
2021-10-28 07:30:40.858000,8.58535,8.58203,1000000,1500000
2021-10-28 07:30:41.148000,8.58538,8.58203,1000000,1500000
2021-10-28 07:30:41.384000,8.58536,8.58203,1000000,1500000
2021-10-28 07:30:41.657000,8.58538,8.58203,1000000,1500000
2021-10-28 07:30:42.249000,8.58542,8.58194,1000000,1500000
2021-10-28 07:30:42.550000,8.58544,8.58193,1000000,1500000
2021-10-28 07:30:42.807000,8.58573,8.58193,2750000,1500000
2021-10-28 07:30:42.914000,8.58573,8.58193,1500000,1500000
2021-10-28 07:30:43.065000,8.58583,8.58203,1500000,1120000
2021-10-28 07:30:43.186000,8.58545,8.58203,1000000,1120000
2021-10-28 07:30:43.350000,8.58552,8.58203,1000000,1120000
2021-10-28 07:30:44.132000,8.58552,8.58203,1500000,1000000
2021-10-28 07:30:44.238000,8.58543,8.58203,1000000,1000000
2021-10-28 07:30:44.288000,8.58543,8.58193,1000000,1000000
2021-10-28 07:30:44.389000,8.58529,8.58193,1000000,1000000
2021-10-28 07:30:44.636000,8.58552,8.58193,1500000,1000000
2021-10-28 07:30:44.862000,8.58528,8.58193,1000000,1000000
2021-10-28 07:30:45.182000,8.58534,8.58193,1000000,1000000
2021-10-28 07:30:45.405000,8.58535,8.58193,1000000,1000000
2021-10-28 07:30:45.653000,8.58533,8.58193,1000000,1000000
2021-10-28 07:30:45.704000,8.58533,8.5817,1000000,1500000
2021-10-28 07:30:46.008000,8.58531,8.58183,1000000,1500000
2021-10-28 07:30:46.109000,8.58531,8.58183,1000000,1500000
2021-10-28 07:30:46.262000,8.58534,8.58183,1000000,1000000
2021-10-28 07:30:46.552000,8.58522,8.58183,1000000,1000000
2021-10-28 07:30:46.855000,8.58521,8.58183,1000000,1000000
2021-10-28 07:30:47.152000,8.5852,8.58183,1000000,1000000
2021-10-28 07:30:47.348000,8.58521,8.58184,1000000,1000000
2021-10-28 07:30:47.610000,8.58525,8.58183,1000000,1000000
2021-10-28 07:30:47.872000,8.58521,8.58183,1000000,1000000
2021-10-28 07:30:47.922000,8.58521,8.58173,1000000,1500000
2021-10-28 07:30:48.126000,8.58494,8.58163,1000000,1000000
2021-10-28 07:30:48.378000,8.58507,8.58163,1000000,1000000
2021-10-28 07:30:48.501000,8.58507,8.58163,1000000,1500000
2021-10-28 07:30:48.628000,8.58507,8.58163,1000000,1000000
2021-10-28 07:30:48.679000,8.58507,8.58173,1000000,1000000
2021-10-28 07:30:48.729000,8.58507,8.58134,1000000,1500000
2021-10-28 07:30:48.832000,8.58507,8.58173,1000000,1000000
2021-10-28 07:30:48.932000,8.58504,8.58134,1000000,1500000
2021-10-28 07:30:48.983000,8.58475,8.58133,1000000,1500000
2021-10-28 07:30:49.158000,8.58459,8.58133,1000000,1500000
2021-10-28 07:30:49.260000,8.58459,8.58133,1000000,1500000
2021-10-28 07:30:49.410000,8.58456,8.58133,1000000,1500000
2021-10-28 07:30:49.536000,8.58456,8.58133,1000000,1500000
2021-10-28 07:30:49.662000,8.58482,8.58133,1000000,1500000
2021-10-28 07:30:49.785000,8.5848,8.58129,1000000,1500000
2021-10-28 07:30:49.886000,8.58454,8.58129,1000000,1500000
2021-10-28 07:30:50.150000,8.5845,8.5813,1000000,1500000
2021-10-28 07:30:50.270000,8.58446,8.58138,1000000,1500000
2021-10-28 07:30:50.421000,8.58446,8.58138,1500000,1500000
2021-10-28 07:30:51.579000,8.58445,8.58138,1500000,1500000
2021-10-28 07:30:53.516000,8.58446,8.58164,2750000,1500000
2021-10-28 07:30:54.365000,8.58446,8.58159,1500000,1500000
2021-10-28 07:30:54.643000,8.58446,8.58179,1500000,1500000
2021-10-28 07:30:54.895000,8.58446,8.58169,1500000,1500000
2021-10-28 07:30:55.365000,8.58446,8.58169,1000000,1500000
2021-10-28 07:30:56.349000,8.58476,8.5816,1000000,1500000
2021-10-28 07:30:56.400000,8.58487,8.58159,1000000,1500000
2021-10-28 07:30:56.660000,8.58489,8.58159,1000000,1500000
2021-10-28 07:30:56.761000,8.58489,8.58159,1000000,1500000
2021-10-28 07:30:56.912000,8.58469,8.5815,1000000,1500000
2021-10-28 07:30:56.963000,8.5847,8.58149,1000000,1500000
2021-10-28 07:30:57.282000,8.5847,8.58128,1000000,1500000
2021-10-28 07:30:57.384000,8.58447,8.58128,1000000,1500000
2021-10-28 07:30:57.537000,8.58447,8.58128,1000000,1500000
2021-10-28 07:30:58.367000,8.58437,8.58119,1000000,1500000
2021-10-28 07:30:59.401000,8.58437,8.58119,1000000,1500000
2021-10-28 07:31:00.404000,8.58447,8.58119,1620000,1500000
2021-10-28 07:31:00.575000,8.58447,8.58119,1620000,1500000
2021-10-28 07:31:00.826000,8.58447,8.58138,1620000,1500000
2021-10-28 07:31:01.325000,8.58447,8.58138,1000000,1500000
2021-10-28 07:31:01.376000,8.58459,8.58138,1500000,1500000
2021-10-28 07:31:01.527000,8.58465,8.58149,1500000,1500000
2021-10-28 07:31:02.303000,8.58468,8.58169,1500000,1500000
2021-10-28 07:31:02.454000,8.58456,8.58129,1000000,1500000
2021-10-28 07:31:04.369000,8.58457,8.58128,1000000,1500000
2021-10-28 07:31:04.537000,8.58457,8.58128,1000000,1500000
2021-10-28 07:31:06.968000,8.58447,8.58134,1000000,1500000
2021-10-28 07:31:07.170000,8.58447,8.58169,1000000,1500000
2021-10-28 07:31:07.373000,8.58496,8.5817,1000000,1500000
2021-10-28 07:31:08.398000,8.58514,8.58221,1000000,1500000
2021-10-28 07:31:08.906000,8.58527,8.58239,1000000,1500000
2021-10-28 07:31:09.010000,8.58527,8.58239,1000000,1500000
2021-10-28 07:31:10.286000,8.58527,8.58269,1000000,1120000
2021-10-28 07:31:10.449000,8.58541,8.58269,1000000,1120000
2021-10-28 07:31:10.602000,8.58541,8.58274,1000000,1000000
2021-10-28 07:31:10.703000,8.58541,8.58274,1000000,1500000
2021-10-28 07:31:10.854000,8.5854,8.58285,1000000,1500000
2021-10-28 07:31:10.904000,8.58562,8.58288,1500000,1500000
2021-10-28 07:31:11.077000,8.58562,8.58288,1500000,1000000
2021-10-28 07:31:11.128000,8.58562,8.58294,1500000,1000000
2021-10-28 07:31:11.231000,8.58562,8.58299,1500000,1000000
2021-10-28 07:31:11.332000,8.58561,8.583,1500000,1500000
2021-10-28 07:31:11.382000,8.58562,8.58299,1500000,1500000
2021-10-28 07:31:11.574000,8.58562,8.58299,1500000,1000000
2021-10-28 07:31:11.852000,8.58562,8.58309,1500000,1000000
2021-10-28 07:31:12.004000,8.58562,8.58311,1500000,1000000
2021-10-28 07:31:12.222000,8.58562,8.58314,1500000,1000000
2021-10-28 07:31:12.407000,8.58562,8.58314,1000000,1000000
2021-10-28 07:31:13.284000,8.58561,8.5831,1000000,1000000
2021-10-28 07:31:14.534000,8.58562,8.58319,1000000,1000000
2021-10-28 07:31:16.461000,8.58561,8.58325,1000000,1000000
2021-10-28 07:31:16.702000,8.58562,8.58319,1000000,1000000
2021-10-28 07:31:16.803000,8.58567,8.58339,1000000,1000000
2021-10-28 07:31:17.190000,8.58567,8.58329,1000000,1000000
2021-10-28 07:31:17.241000,8.58567,8.58319,1000000,1000000
2021-10-28 07:31:18.796000,8.58567,8.58319,1000000,1500000
2021-10-28 07:31:18.897000,8.58607,8.58349,1250000,1250000
2021-10-28 07:31:18.948000,8.58607,8.58358,1250000,1250000
2021-10-28 07:31:18.998000,8.58579,8.58329,1000000,1000000
2021-10-28 07:31:19.149000,8.58579,8.58321,1120000,1000000
2021-10-28 07:31:19.200000,8.58579,8.58319,1120000,1000000
2021-10-28 07:31:19.250000,8.58579,8.58329,1120000,1000000
2021-10-28 07:31:19.375000,8.58579,8.58329,1120000,1500000
2021-10-28 07:31:19.777000,8.58579,8.58329,1500000,1500000
2021-10-28 07:31:20.087000,8.58579,8.58339,1500000,1000000
2021-10-28 07:31:20.230000,8.58579,8.58344,1500000,1000000
2021-10-28 07:31:20.331000,8.58578,8.58345,1500000,1500000
2021-10-28 07:31:20.963000,8.58579,8.58341,1500000,1500000
2021-10-28 07:31:21.510000,8.58579,8.58358,1000000,1500000
2021-10-28 07:31:22.036000,8.58579,8.58349,1000000,1000000
2021-10-28 07:31:22.187000,8.58579,8.58354,1000000,1000000
2021-10-28 07:31:22.288000,8.58579,8.58354,1500000,1000000
2021-10-28 07:31:23.461000,8.58579,8.58354,1000000,1500000
2021-10-28 07:31:23.698000,8.58579,8.58364,1500000,1000000
2021-10-28 07:31:23.748000,8.58579,8.58358,1500000,1500000
2021-10-28 07:31:24.050000,8.58601,8.58449,1000000,2250000
2021-10-28 07:31:24.101000,8.58659,8.5845,1500000,2250000
2021-10-28 07:31:24.252000,8.5866,8.58392,1000000,1500000
2021-10-28 07:31:24.303000,8.5866,8.58426,1000000,1000000
2021-10-28 07:31:24.353000,8.58687,8.58426,1000000,1000000
2021-10-28 07:31:24.454000,8.58702,8.58426,1000000,1000000
2021-10-28 07:31:24.847000,8.58702,8.58429,1000000,1000000
2021-10-28 07:31:25.050000,8.58707,8.58429,1000000,1000000
2021-10-28 07:31:25.101000,8.58707,8.58411,1000000,1500000
2021-10-28 07:31:25.453000,8.58697,8.58401,1000000,1500000
2021-10-28 07:31:25.654000,8.58688,8.58379,1500000,1500000
2021-10-28 07:31:25.813000,8.58688,8.58404,1500000,1000000
2021-10-28 07:31:25.863000,8.58687,8.58405,1500000,1000000
2021-10-28 07:31:26.065000,8.58688,8.58409,1500000,1000000
2021-10-28 07:31:26.372000,8.58688,8.58389,1500000,1500000
2021-10-28 07:31:26.573000,8.58687,8.58379,1000000,1500000
2021-10-28 07:31:26.726000,8.58687,8.58379,1000000,1500000
2021-10-28 07:31:27.033000,8.58678,8.58379,1500000,1500000
2021-10-28 07:31:27.083000,8.58678,8.58389,1500000,1000000
2021-10-28 07:31:28.151000,8.58664,8.58379,1500000,1000000
2021-10-28 07:31:28.202000,8.58663,8.5838,1500000,1000000
2021-10-28 07:31:28.316000,8.58651,8.58359,1500000,1500000
2021-10-28 07:31:28.417000,8.58652,8.58359,1500000,1000000
2021-10-28 07:31:28.619000,8.58651,8.5836,1500000,1000000
2021-10-28 07:31:28.770000,8.58652,8.58368,1500000,1000000
2021-10-28 07:31:28.820000,8.58652,8.58368,1500000,1000000
2021-10-28 07:31:29.163000,8.58652,8.58368,1500000,1000000
2021-10-28 07:31:29.379000,8.58652,8.58368,1500000,1000000
2021-10-28 07:31:29.776000,8.58652,8.58361,1500000,1000000
2021-10-28 07:31:29.826000,8.58652,8.58361,1500000,1000000
2021-10-28 07:31:30.166000,8.58652,8.58379,1000000,1000000
2021-10-28 07:31:31.195000,8.58664,8.58389,1500000,1000000
2021-10-28 07:31:31.245000,8.58664,8.58389,1000000,1000000
2021-10-28 07:31:31.582000,8.58664,8.58391,1000000,1000000
2021-10-28 07:31:32.392000,8.58664,8.58395,1000000,1000000
2021-10-28 07:31:34.070000,8.58663,8.584,1000000,1000000
2021-10-28 07:31:34.171000,8.58684,8.58401,1500000,1000000
2021-10-28 07:31:34.891000,8.587,8.58401,1500000,1000000
2021-10-28 07:31:34.941000,8.5868,8.58384,1500000,1000000
2021-10-28 07:31:34.992000,8.5868,8.58371,1500000,1000000
2021-10-28 07:31:35.093000,8.5868,8.58363,1500000,1000000
2021-10-28 07:31:35.252000,8.58665,8.58358,1500000,1000000
2021-10-28 07:31:35.313000,8.58665,8.58361,1500000,1000000
2021-10-28 07:31:35.363000,8.58665,8.58358,1500000,1000000
2021-10-28 07:31:35.514000,8.58665,8.58358,1500000,1000000
2021-10-28 07:31:35.731000,8.58665,8.58358,1500000,1000000
2021-10-28 07:31:35.888000,8.58653,8.58358,1500000,1000000
2021-10-28 07:31:35.939000,8.58653,8.58349,1500000,1000000
2021-10-28 07:31:36.092000,8.58653,8.58349,1500000,1000000
2021-10-28 07:31:36.142000,8.58632,8.58339,1500000,1000000
2021-10-28 07:31:36.193000,8.58632,8.58341,1500000,1000000
2021-10-28 07:31:36.357000,8.58632,8.58331,1500000,1000000
2021-10-28 07:31:36.407000,8.58632,8.58331,1500000,1000000
2021-10-28 07:31:36.458000,8.58632,8.58329,1500000,1000000
2021-10-28 07:31:36.968000,8.58631,8.58329,1500000,1000000
2021-10-28 07:31:37.389000,8.58631,8.58321,1500000,1000000
2021-10-28 07:31:37.542000,8.58631,8.58319,1500000,1000000
2021-10-28 07:31:38.270000,8.58631,8.58321,1500000,1000000
2021-10-28 07:31:38.400000,8.58631,8.58321,1500000,1000000
2021-10-28 07:31:39.248000,8.58631,8.58329,1500000,1000000
2021-10-28 07:31:39.546000,8.58631,8.58328,1500000,1000000
2021-10-28 07:31:39.885000,8.5863,8.58335,1500000,1000000
2021-10-28 07:31:40.038000,8.58631,8.58334,1500000,1000000
2021-10-28 07:31:40.151000,8.58631,8.58339,1500000,1000000
2021-10-28 07:31:40.257000,8.58609,8.58339,1000000,1000000
2021-10-28 07:31:40.431000,8.58609,8.58335,1000000,1000000
2021-10-28 07:31:40.650000,8.58609,8.58334,1000000,1000000
2021-10-28 07:31:40.801000,8.58609,8.58345,1000000,1000000
2021-10-28 07:31:40.852000,8.58631,8.58342,1500000,1000000
2021-10-28 07:31:40.902000,8.58632,8.5836,1500000,1000000
2021-10-28 07:31:41.003000,8.58632,8.5836,1500000,1000000
2021-10-28 07:31:41.160000,8.58632,8.58342,1500000,1000000
2021-10-28 07:31:41.494000,8.58632,8.58342,1000000,2250000
2021-10-28 07:31:41.544000,8.58632,8.58345,1000000,1000000
2021-10-28 07:31:41.645000,8.58635,8.58355,1500000,1000000
2021-10-28 07:31:41.746000,8.58635,8.58368,1000000,1000000
2021-10-28 07:31:41.896000,8.58635,8.58386,1000000,1000000
2021-10-28 07:31:42.053000,8.58635,8.58381,1000000,1000000
2021-10-28 07:31:42.351000,8.58635,8.58375,1000000,1000000
2021-10-28 07:31:42.651000,8.58635,8.58376,1000000,1000000
2021-10-28 07:31:42.784000,8.58657,8.58376,1500000,1000000
2021-10-28 07:31:42.986000,8.58657,8.5838,1500000,1000000
2021-10-28 07:31:43.253000,8.58657,8.58381,1500000,1000000
2021-10-28 07:31:43.568000,8.58657,8.58379,1500000,1000000
2021-10-28 07:31:43.673000,8.58656,8.5838,1120000,1000000
2021-10-28 07:31:43.868000,8.58657,8.58384,1120000,1000000
2021-10-28 07:31:44.149000,8.58657,8.58382,1120000,1000000
2021-10-28 07:31:44.403000,8.58657,8.58381,1120000,1000000
2021-10-28 07:31:44.554000,8.58657,8.58381,1500000,2250000
2021-10-28 07:31:44.655000,8.58657,8.58389,1500000,1000000
2021-10-28 07:31:44.757000,8.58657,8.58389,1500000,1000000
2021-10-28 07:31:44.859000,8.58656,8.58385,1500000,1000000
2021-10-28 07:31:45.060000,8.58657,8.58384,1500000,1000000
2021-10-28 07:31:45.411000,8.58667,8.58384,1000000,1500000
2021-10-28 07:31:45.512000,8.58707,8.58386,1000000,1500000
2021-10-28 07:31:45.663000,8.58707,8.58399,1000000,1000000
2021-10-28 07:31:45.714000,8.58706,8.58413,1000000,1000000
2021-10-28 07:31:45.866000,8.58707,8.58412,1000000,1000000
2021-10-28 07:31:45.967000,8.58707,8.58404,1000000,1000000
2021-10-28 07:31:46.168000,8.58707,8.58409,1000000,1000000
2021-10-28 07:31:46.269000,8.58707,8.58409,1000000,1000000
2021-10-28 07:31:47.076000,8.58707,8.58414,1000000,1000000
2021-10-28 07:31:47.266000,8.58707,8.58409,1000000,1000000
2021-10-28 07:31:47.879000,8.58707,8.58424,1000000,1000000
2021-10-28 07:31:48.028000,8.58707,8.58419,1000000,1000000
2021-10-28 07:31:48.480000,8.58707,8.58444,1000000,1000000
2021-10-28 07:31:48.650000,8.58707,8.58444,1000000,1000000
2021-10-28 07:31:48.702000,8.58707,8.58449,1000000,1000000
2021-10-28 07:31:48.802000,8.58707,8.58449,1000000,1000000
2021-10-28 07:31:48.853000,8.58707,8.58459,1000000,1000000
2021-10-28 07:31:48.916000,8.58707,8.58454,1000000,1000000
2021-10-28 07:31:49.017000,8.58737,8.58449,1000000,1000000
2021-10-28 07:31:49.422000,8.58737,8.58449,1000000,1000000
2021-10-28 07:31:49.589000,8.58737,8.58449,1000000,1000000
2021-10-28 07:31:49.742000,8.58737,8.58449,1000000,1000000
2021-10-28 07:31:50.001000,8.58737,8.58449,1000000,1000000
2021-10-28 07:31:50.202000,8.58737,8.58449,1000000,1000000
2021-10-28 07:31:50.913000,8.58737,8.58454,1000000,1000000
2021-10-28 07:31:51.393000,8.58747,8.58454,3120000,1000000
2021-10-28 07:31:51.444000,8.58747,8.58459,3120000,1000000
2021-10-28 07:31:51.494000,8.58747,8.58451,1620000,1000000
2021-10-28 07:31:51.545000,8.58747,8.58454,1620000,1000000
2021-10-28 07:31:51.595000,8.58747,8.58449,1620000,1000000
2021-10-28 07:31:51.646000,8.58747,8.58459,1620000,1000000
2021-10-28 07:31:51.797000,8.58747,8.58469,1620000,1000000
2021-10-28 07:31:51.934000,8.58747,8.58459,1620000,1000000
2021-10-28 07:31:52.214000,8.58747,8.58449,1620000,1000000
2021-10-28 07:31:52.264000,8.58746,8.5845,1620000,1000000
2021-10-28 07:31:52.315000,8.58747,8.58438,1620000,1000000
2021-10-28 07:31:52.415000,8.58747,8.58431,1620000,1000000
2021-10-28 07:31:52.466000,8.58747,8.58429,1620000,1000000
2021-10-28 07:31:52.617000,8.58744,8.58429,1500000,1000000
2021-10-28 07:31:52.668000,8.5872,8.58421,1500000,1000000
2021-10-28 07:31:52.774000,8.5872,8.58419,1500000,1000000
2021-10-28 07:31:52.824000,8.5872,8.58419,1500000,1000000
2021-10-28 07:31:53.041000,8.58707,8.58419,1000000,1000000
2021-10-28 07:31:53.492000,8.58707,8.58409,1000000,1000000
2021-10-28 07:31:53.765000,8.58707,8.58413,1000000,1000000
2021-10-28 07:31:53.872000,8.58707,8.58414,1000000,1000000
2021-10-28 07:31:54.259000,8.58697,8.58424,1000000,1000000
2021-10-28 07:31:54.365000,8.58697,8.58429,1000000,1000000
2021-10-28 07:31:56.304000,8.58717,8.58431,1000000,1000000
2021-10-28 07:31:56.405000,8.58717,8.58429,1000000,1000000
2021-10-28 07:31:58.031000,8.5872,8.58429,1500000,1500000
2021-10-28 07:31:58.549000,8.5872,8.58429,1500000,1000000
2021-10-28 07:31:58.672000,8.58719,8.5842,1500000,1000000
2021-10-28 07:31:58.823000,8.5872,8.58419,1500000,1000000
2021-10-28 07:31:59.344000,8.5872,8.58419,1500000,1000000
2021-10-28 07:31:59.846000,8.5872,8.58424,1500000,1000000
2021-10-28 07:31:59.897000,8.5872,8.58409,1500000,1500000
2021-10-28 07:32:00.269000,8.58719,8.5842,1500000,1000000
2021-10-28 07:32:00.320000,8.58719,8.5842,1500000,1000000
2021-10-28 07:32:00.421000,8.5872,8.58419,1500000,1500000
2021-10-28 07:32:01.322000,8.5872,8.58424,1500000,1000000
2021-10-28 07:32:01.558000,8.58719,8.5842,1500000,1120000
2021-10-28 07:32:01.608000,8.5872,8.58419,1500000,1000000
2021-10-28 07:32:02.277000,8.58716,8.5843,1000000,1000000
2021-10-28 07:32:02.402000,8.58716,8.5842,1000000,1500000
2021-10-28 07:32:02.503000,8.58717,8.58419,1000000,1500000
2021-10-28 07:32:02.829000,8.58717,8.58422,1000000,1120000
2021-10-28 07:32:02.931000,8.58717,8.58424,1000000,1000000
2021-10-28 07:32:03.083000,8.5872,8.58422,1500000,1120000
2021-10-28 07:32:03.898000,8.5872,8.58422,1500000,1000000
2021-10-28 07:32:05.073000,8.5872,8.58436,1500000,1000000
2021-10-28 07:32:05.261000,8.58719,8.58437,1500000,1000000
2021-10-28 07:32:05.311000,8.5872,8.58421,1500000,1000000
2021-10-28 07:32:05.668000,8.5872,8.58438,1500000,1000000
2021-10-28 07:32:05.719000,8.5872,8.58429,1500000,1000000
2021-10-28 07:32:05.831000,8.5872,8.58421,1500000,1000000
2021-10-28 07:32:05.882000,8.5872,8.58421,1500000,1500000
2021-10-28 07:32:05.932000,8.5872,8.58421,1500000,1000000
2021-10-28 07:32:06.352000,8.58717,8.58419,1000000,1000000
2021-10-28 07:32:06.652000,8.58717,8.58421,1000000,1000000
2021-10-28 07:32:06.803000,8.58717,8.58419,1000000,1000000
2021-10-28 07:32:07.226000,8.58717,8.58424,1000000,1000000
2021-10-28 07:32:07.331000,8.58717,8.58429,1000000,1000000
2021-10-28 07:32:07.587000,8.58717,8.58434,1000000,1000000
2021-10-28 07:32:07.749000,8.58717,8.58429,1000000,1000000
2021-10-28 07:32:08.502000,8.5872,8.58419,1500000,1500000
2021-10-28 07:32:08.654000,8.5872,8.58419,1500000,1500000
2021-10-28 07:32:09.604000,8.5872,8.58438,1500000,1000000
2021-10-28 07:32:10.374000,8.58719,8.5843,1500000,1000000
2021-10-28 07:32:10.475000,8.5872,8.58433,1500000,1000000
2021-10-28 07:32:10.588000,8.5872,8.58434,1500000,1000000
2021-10-28 07:32:10.740000,8.5872,8.58429,1500000,1000000
2021-10-28 07:32:11.546000,8.58716,8.5842,1000000,1000000
2021-10-28 07:32:11.822000,8.58686,8.58409,1500000,1120000
2021-10-28 07:32:12.025000,8.58686,8.58379,1500000,1500000
2021-10-28 07:32:12.726000,8.58686,8.58393,1500000,1500000
2021-10-28 07:32:12.883000,8.58686,8.58394,1500000,1500000
2021-10-28 07:32:13.084000,8.58686,8.58389,1500000,1500000
2021-10-28 07:32:13.421000,8.58686,8.58389,1500000,1500000
2021-10-28 07:32:15.661000,8.58685,8.58395,1500000,1500000
2021-10-28 07:32:18.982000,8.58685,8.584,1500000,1500000
2021-10-28 07:32:19.627000,8.58709,8.58399,1500000,1500000
2021-10-28 07:32:19.831000,8.58709,8.58403,1500000,1500000
2021-10-28 07:32:19.882000,8.58709,8.58438,1500000,1000000
2021-10-28 07:32:19.932000,8.58708,8.5843,1500000,1500000
2021-10-28 07:32:20.100000,8.58737,8.58429,1000000,1500000
2021-10-28 07:32:20.373000,8.58737,8.58438,1000000,1500000
2021-10-28 07:32:20.492000,8.58737,8.58438,1000000,1500000
2021-10-28 07:32:22.387000,8.58743,8.58444,1500000,1500000
2021-10-28 07:32:23.407000,8.58743,8.58438,1500000,1000000
2021-10-28 07:32:26.945000,8.58743,8.58438,1500000,1000000
2021-10-28 07:32:27.046000,8.58743,8.58424,1500000,1500000
2021-10-28 07:32:27.147000,8.58743,8.58419,1500000,1500000
2021-10-28 07:32:32.003000,8.58731,8.58399,1500000,1500000
2021-10-28 07:32:32.229000,8.58724,8.58419,1500000,1000000
2021-10-28 07:32:32.279000,8.58723,8.5842,1500000,1500000
2021-10-28 07:32:34.761000,8.58723,8.5841,1500000,1500000
2021-10-28 07:32:34.872000,8.58724,8.58409,1500000,1500000
2021-10-28 07:32:35.788000,8.58693,8.58389,1500000,1500000
2021-10-28 07:32:37.040000,8.58693,8.58389,1500000,1500000
2021-10-28 07:32:38.277000,8.58693,8.58389,1500000,1000000
2021-10-28 07:32:39.011000,8.58701,8.58379,1500000,1500000
2021-10-28 07:32:40.475000,8.58691,8.58368,1500000,1500000
2021-10-28 07:32:44.192000,8.58694,8.58374,1500000,1500000
2021-10-28 07:32:46.829000,8.58677,8.58389,1500000,1000000
2021-10-28 07:32:47.316000,8.58677,8.58379,1500000,1500000
2021-10-28 07:32:47.777000,8.58677,8.58389,1500000,1000000
2021-10-28 07:32:49.299000,8.58672,8.58379,1500000,1500000
2021-10-28 07:32:49.782000,8.58672,8.58379,1500000,1000000
2021-10-28 07:32:49.832000,8.5867,8.58363,1500000,1000000
2021-10-28 07:32:49.883000,8.58652,8.58349,1500000,1000000
2021-10-28 07:32:49.984000,8.58652,8.58349,1500000,1000000
2021-10-28 07:32:50.185000,8.58651,8.5835,1500000,1000000
2021-10-28 07:32:50.379000,8.58633,8.58349,1500000,1000000
2021-10-28 07:32:50.765000,8.58633,8.58349,1500000,1000000
2021-10-28 07:32:52.300000,8.58648,8.58354,1500000,1000000
2021-10-28 07:32:52.404000,8.58648,8.58358,1500000,1000000
2021-10-28 07:32:52.899000,8.58648,8.58351,1500000,1500000
2021-10-28 07:32:52.950000,8.58648,8.58373,1500000,1000000
2021-10-28 07:32:53.101000,8.58648,8.58373,1500000,1000000
2021-10-28 07:32:53.321000,8.58661,8.58374,1500000,1000000
2021-10-28 07:32:53.422000,8.58661,8.58368,1500000,1000000
2021-10-28 07:32:53.522000,8.58661,8.58368,1500000,1000000
2021-10-28 07:32:53.723000,8.58645,8.58359,1500000,1000000
2021-10-28 07:32:53.924000,8.58646,8.58358,1500000,1000000
2021-10-28 07:32:54.578000,8.58651,8.58358,1500000,1000000
2021-10-28 07:32:58.036000,8.58647,8.58358,1000000,1000000
2021-10-28 07:32:58.194000,8.58628,8.58349,1500000,1000000
2021-10-28 07:32:58.466000,8.58627,8.58339,1500000,1500000
2021-10-28 07:32:58.588000,8.58627,8.58343,1500000,1500000
2021-10-28 07:32:58.699000,8.58627,8.58349,1500000,1000000
2021-10-28 07:32:59.009000,8.58637,8.58349,1500000,1000000
2021-10-28 07:32:59.208000,8.58637,8.58349,1500000,1500000
2021-10-28 07:32:59.258000,8.58657,8.58358,1000000,1000000
2021-10-28 07:32:59.309000,8.58657,8.58349,1000000,1500000
2021-10-28 07:32:59.485000,8.58657,8.58358,1000000,1000000
2021-10-28 07:33:00.176000,8.58656,8.5835,1000000,1500000
2021-10-28 07:33:00.439000,8.58656,8.58358,1500000,1000000
2021-10-28 07:33:00.489000,8.58656,8.58349,1500000,1500000
2021-10-28 07:33:00.741000,8.58617,8.58329,1000000,1500000
2021-10-28 07:33:03.440000,8.58607,8.58338,1000000,1500000
2021-10-28 07:33:04.484000,8.5863,8.58404,1000000,1000000
2021-10-28 07:33:04.585000,8.58629,8.5845,1000000,2250000
2021-10-28 07:33:04.686000,8.58685,8.58549,1000000,1000000
2021-10-28 07:33:04.736000,8.58731,8.58549,1500000,2250000
2021-10-28 07:33:04.787000,8.58734,8.58529,1500000,1000000
2021-10-28 07:33:04.888000,8.58831,8.58529,1500000,1500000
2021-10-28 07:33:05.089000,8.58854,8.58529,1500000,1500000
2021-10-28 07:33:05.692000,8.58857,8.58529,1500000,1500000
2021-10-28 07:33:07.686000,8.58844,8.58535,1500000,1000000
2021-10-28 07:33:07.955000,8.58845,8.58535,1500000,1000000
2021-10-28 07:33:08.139000,8.58845,8.58535,1500000,1000000
2021-10-28 07:33:08.301000,8.58845,8.58544,1500000,1000000
2021-10-28 07:33:09.576000,8.58845,8.58539,1500000,1000000
2021-10-28 07:33:09.729000,8.58835,8.58529,1500000,2250000
2021-10-28 07:33:09.830000,8.58825,8.58535,1500000,1000000
2021-10-28 07:33:10.288000,8.58825,8.58549,1500000,1000000
2021-10-28 07:33:11.199000,8.58825,8.58549,1500000,1000000
2021-10-28 07:33:11.300000,8.58825,8.58535,1500000,1000000
2021-10-28 07:33:11.400000,8.58805,8.58525,1500000,1000000
2021-10-28 07:33:11.451000,8.58805,8.58515,1500000,1000000
2021-10-28 07:33:11.565000,8.58805,8.58529,1500000,1000000
2021-10-28 07:33:11.616000,8.58804,8.5853,1500000,1000000
2021-10-28 07:33:12.538000,8.58804,8.5853,1500000,1000000
2021-10-28 07:33:13.446000,8.58805,8.58529,1500000,1000000
2021-10-28 07:33:13.636000,8.58805,8.58529,1500000,1000000
2021-10-28 07:33:13.956000,8.58815,8.58529,1500000,1000000
2021-10-28 07:33:14.006000,8.58815,8.58534,1500000,1000000
2021-10-28 07:33:14.107000,8.58825,8.58535,1500000,1000000
2021-10-28 07:33:14.216000,8.58825,8.58535,1500000,1000000
2021-10-28 07:33:14.477000,8.58825,8.58544,1500000,1000000
2021-10-28 07:33:14.702000,8.58825,8.58544,1500000,1000000
2021-10-28 07:33:15.963000,8.58827,8.58545,1000000,1000000
2021-10-28 07:33:16.950000,8.58827,8.58549,1000000,1000000
2021-10-28 07:33:18.804000,8.58837,8.58555,1000000,1000000
2021-10-28 07:33:19.065000,8.58836,8.5855,1000000,1000000
2021-10-28 07:33:19.535000,8.58837,8.58549,1000000,1000000
2021-10-28 07:33:21.849000,8.58837,8.58549,1000000,1250000
2021-10-28 07:33:22.003000,8.58825,8.58539,1500000,1000000
2021-10-28 07:33:22.054000,8.58825,8.58539,1500000,1000000
2021-10-28 07:33:22.720000,8.58824,8.5853,1500000,1000000
2021-10-28 07:33:23.313000,8.58825,8.58529,1500000,1000000
2021-10-28 07:33:24.854000,8.58815,8.58539,1500000,1000000
2021-10-28 07:33:25.005000,8.58817,8.58539,1000000,1000000
2021-10-28 07:33:26.537000,8.58817,8.58539,1000000,1000000
2021-10-28 07:33:26.587000,8.58817,8.58529,1000000,1000000
2021-10-28 07:33:26.739000,8.58817,8.58529,1000000,1000000
2021-10-28 07:33:26.920000,8.58817,8.58534,1000000,1000000
2021-10-28 07:33:27.072000,8.58817,8.58534,1000000,1000000
2021-10-28 07:33:27.173000,8.58817,8.58539,1000000,1000000
2021-10-28 07:33:27.224000,8.58817,8.58553,1000000,1000000
2021-10-28 07:33:27.324000,8.58838,8.58563,1500000,1000000
2021-10-28 07:33:27.375000,8.58835,8.58559,1500000,1000000
2021-10-28 07:33:27.447000,8.58835,8.58549,1500000,1000000
2021-10-28 07:33:29.799000,8.58827,8.58564,1500000,1000000
2021-10-28 07:33:29.913000,8.58827,8.58569,1500000,1000000
2021-10-28 07:33:29.963000,8.58827,8.58559,1500000,1000000
2021-10-28 07:33:30.705000,8.58827,8.58559,1500000,1000000
2021-10-28 07:33:31.365000,8.58812,8.5855,1500000,1000000
2021-10-28 07:33:31.416000,8.58813,8.58545,1500000,1000000
2021-10-28 07:33:31.517000,8.58813,8.58545,1500000,1000000
2021-10-28 07:33:31.651000,8.58813,8.5854,1500000,1000000
2021-10-28 07:33:31.702000,8.58813,8.5854,1500000,1000000
2021-10-28 07:33:32,8.58813,8.58554,1500000,1000000
2021-10-28 07:33:32.189000,8.58813,8.58559,1500000,1000000
2021-10-28 07:33:33.238000,8.58812,8.5857,1500000,1000000
2021-10-28 07:33:33.389000,8.58813,8.58559,1500000,1000000
2021-10-28 07:33:33.469000,8.58813,8.58559,1500000,1000000
2021-10-28 07:33:33.959000,8.58821,8.58569,1500000,1000000
2021-10-28 07:33:35.032000,8.58837,8.58569,1000000,1000000
2021-10-28 07:33:36.163000,8.58837,8.58579,1000000,1000000
2021-10-28 07:33:36.309000,8.58827,8.58569,1000000,1000000
2021-10-28 07:33:36.410000,8.58827,8.58569,1000000,1000000
2021-10-28 07:33:36.486000,8.58827,8.58559,1000000,1000000
2021-10-28 07:33:36.763000,8.58826,8.5856,1000000,1000000
2021-10-28 07:33:38.201000,8.58837,8.58569,1000000,1000000
2021-10-28 07:33:38.252000,8.58837,8.58559,1000000,1000000
2021-10-28 07:33:38.723000,8.58827,8.58564,1000000,1000000
2021-10-28 07:33:38.824000,8.58827,8.58569,1000000,1000000
2021-10-28 07:33:40.133000,8.58827,8.58549,1000000,1000000
2021-10-28 07:33:40.245000,8.58827,8.58549,1000000,1000000
2021-10-28 07:33:40.346000,8.58807,8.58545,1000000,1000000
2021-10-28 07:33:40.446000,8.58807,8.5854,1000000,1000000
2021-10-28 07:33:40.799000,8.58807,8.5854,1000000,1000000
2021-10-28 07:33:41.001000,8.58807,8.5854,1000000,1000000
2021-10-28 07:33:41.056000,8.58807,8.58545,1000000,1000000
2021-10-28 07:33:42.082000,8.58817,8.58554,1000000,1000000
2021-10-28 07:33:42.784000,8.58817,8.58549,1000000,1000000
2021-10-28 07:33:43.319000,8.58797,8.58514,1000000,1500000
2021-10-28 07:33:44.371000,8.58807,8.58518,1000000,1500000
2021-10-28 07:33:44.572000,8.58805,8.58514,1500000,1000000
2021-10-28 07:33:44.755000,8.58805,8.58514,1500000,1000000
2021-10-28 07:33:45.126000,8.58794,8.58506,1500000,1000000
2021-10-28 07:33:45.321000,8.58787,8.58506,1000000,1000000
2021-10-28 07:33:45.371000,8.58787,8.58506,1000000,1000000
2021-10-28 07:33:45.472000,8.58787,8.58489,1000000,2750000
2021-10-28 07:33:45.611000,8.58787,8.58489,1000000,2750000
2021-10-28 07:33:45.981000,8.58786,8.58505,1000000,1000000
2021-10-28 07:33:46.088000,8.58787,8.58508,1000000,1000000
2021-10-28 07:33:46.271000,8.58787,8.58508,1000000,1000000
2021-10-28 07:33:47.227000,8.58787,8.58508,1000000,1500000
2021-10-28 07:33:47.389000,8.58787,8.58518,1000000,1000000
2021-10-28 07:33:47.992000,8.58787,8.58518,1000000,1000000
2021-10-28 07:33:49.240000,8.58787,8.58529,1000000,1000000
2021-10-28 07:33:50.210000,8.58807,8.58511,1000000,1500000
2021-10-28 07:33:50.310000,8.58787,8.58508,1000000,1000000
2021-10-28 07:33:50.361000,8.58787,8.58504,1000000,1000000
2021-10-28 07:33:50.411000,8.58787,8.58508,1000000,1000000
2021-10-28 07:33:50.462000,8.58785,8.58504,1500000,1000000
2021-10-28 07:33:50.512000,8.58785,8.58508,1500000,1000000
2021-10-28 07:33:50.565000,8.58785,8.58504,1500000,1000000
2021-10-28 07:33:50.616000,8.58784,8.58509,1500000,1000000
2021-10-28 07:33:50.666000,8.58787,8.58504,1000000,1000000
2021-10-28 07:33:51.147000,8.58785,8.58489,1500000,2750000
2021-10-28 07:33:52.366000,8.58775,8.58479,1500000,1500000
2021-10-28 07:33:52.467000,8.58775,8.58478,1500000,2000000
2021-10-28 07:33:52.618000,8.58745,8.58478,1500000,2000000
2021-10-28 07:33:52.902000,8.58764,8.58478,1500000,2000000
2021-10-28 07:33:53.113000,8.58764,8.58478,1500000,2000000
2021-10-28 07:33:53.315000,8.58727,8.58478,1000000,1500000
2021-10-28 07:33:53.488000,8.58727,8.58452,1000000,1500000
2021-10-28 07:33:54.115000,8.58727,8.58452,1000000,1500000
2021-10-28 07:33:54.630000,8.58737,8.58452,1000000,1500000
2021-10-28 07:33:55.052000,8.58737,8.58459,1000000,1500000
2021-10-28 07:33:55.267000,8.58745,8.58459,1500000,1500000
2021-10-28 07:33:55.565000,8.58744,8.5846,1500000,1500000
2021-10-28 07:33:56.194000,8.58735,8.58445,1500000,1500000
2021-10-28 07:33:56.780000,8.5873,8.58449,1500000,1500000
2021-10-28 07:33:57.080000,8.5873,8.58484,1500000,1500000
2021-10-28 07:33:57.281000,8.58745,8.58489,1500000,1500000
2021-10-28 07:33:57.701000,8.58777,8.58489,1000000,1500000
2021-10-28 07:33:58.133000,8.58776,8.58495,1000000,1500000
2021-10-28 07:33:58.289000,8.58782,8.58504,1500000,2750000
2021-10-28 07:33:59.368000,8.58796,8.58505,1500000,2750000
2021-10-28 07:33:59.573000,8.58797,8.58539,1500000,1500000
2021-10-28 07:33:59.774000,8.58807,8.58539,1000000,1500000
2021-10-28 07:34:00.422000,8.58819,8.58564,1500000,1500000
2021-10-28 07:34:00.898000,8.58836,8.5857,1000000,1500000
2021-10-28 07:34:01.101000,8.58834,8.58569,1500000,1500000
2021-10-28 07:34:01.252000,8.58834,8.58569,1500000,1500000
2021-10-28 07:34:01.557000,8.58834,8.58569,1500000,1500000
2021-10-28 07:34:07.117000,8.58826,8.58568,1500000,1500000
2021-10-28 07:34:07.318000,8.58811,8.58562,1500000,1500000
2021-10-28 07:34:07.419000,8.58814,8.58565,1500000,1500000
2021-10-28 07:34:07.620000,8.58814,8.58565,1500000,1500000
2021-10-28 07:34:07.862000,8.58807,8.58557,1500000,1500000
2021-10-28 07:34:08.064000,8.58802,8.58554,1500000,1500000
2021-10-28 07:34:10.091000,8.58805,8.58539,1500000,1500000
2021-10-28 07:34:10.267000,8.58805,8.58536,1500000,1500000
2021-10-28 07:34:11.853000,8.58758,8.58509,1500000,1500000
2021-10-28 07:34:11.994000,8.58758,8.58509,1500000,1500000
2021-10-28 07:34:15.677000,8.58765,8.58508,1500000,1500000
2021-10-28 07:34:16.291000,8.58746,8.58504,1500000,1500000
2021-10-28 07:34:16.563000,8.58755,8.58508,1500000,1500000
2021-10-28 07:34:16.764000,8.58755,8.58499,1500000,1500000
2021-10-28 07:34:20.217000,8.58755,8.58489,1500000,1500000
2021-10-28 07:34:20.384000,8.58735,8.58486,1500000,1500000
2021-10-28 07:34:23.074000,8.58735,8.58479,1500000,1500000
2021-10-28 07:34:23.421000,8.58724,8.58469,1500000,1500000
2021-10-28 07:34:23.618000,8.58724,8.58469,1500000,1500000
2021-10-28 07:34:26.783000,8.58734,8.58465,1500000,1500000
2021-10-28 07:34:27.102000,8.58709,8.5846,1500000,1500000
2021-10-28 07:34:30.384000,8.58705,8.58455,1500000,1500000
2021-10-28 07:34:30.597000,8.58714,8.5846,1500000,1500000
2021-10-28 07:34:31.040000,8.58707,8.58458,1500000,1500000
2021-10-28 07:34:31.141000,8.58707,8.58458,1500000,1500000
2021-10-28 07:34:32.003000,8.58683,8.58434,1500000,1500000
2021-10-28 07:34:33.479000,8.58688,8.58439,1500000,1500000
2021-10-28 07:34:33.640000,8.58682,8.58435,1500000,1500000
2021-10-28 07:34:33.850000,8.58704,8.58454,1500000,1500000
2021-10-28 07:34:34.056000,8.58705,8.58452,1500000,1500000
2021-10-28 07:34:35.561000,8.58705,8.58452,1500000,1500000
2021-10-28 07:34:35.926000,8.5871,8.58452,1500000,1500000
2021-10-28 07:34:36.321000,8.58707,8.58458,1500000,1500000
2021-10-28 07:34:37.599000,8.58707,8.58458,1500000,1500000
2021-10-28 07:34:37.799000,8.58707,8.58458,1500000,1500000
2021-10-28 07:34:39.133000,8.58715,8.58464,1500000,1500000
2021-10-28 07:34:40.622000,8.58714,8.58466,1500000,1500000
2021-10-28 07:34:42.152000,8.58705,8.58456,1500000,1500000
2021-10-28 07:34:43.953000,8.58686,8.58453,1500000,1500000
2021-10-28 07:34:44.155000,8.58686,8.58448,1500000,1500000
2021-10-28 07:34:44.560000,8.58685,8.5842,1500000,1500000
2021-10-28 07:34:45.168000,8.58685,8.58419,1500000,1500000
2021-10-28 07:34:45.369000,8.58686,8.58419,1500000,2750000
2021-10-28 07:34:45.570000,8.587,8.5842,1500000,2750000
2021-10-28 07:34:46.838000,8.58707,8.58443,1000000,1500000
2021-10-28 07:34:47.248000,8.58707,8.58443,1000000,1500000
2021-10-28 07:34:48.846000,8.58697,8.58436,1000000,1500000
2021-10-28 07:34:49.253000,8.58697,8.58436,1000000,1500000
2021-10-28 07:34:49.454000,8.58691,8.58423,1500000,1500000
2021-10-28 07:34:49.624000,8.58676,8.58424,1000000,1500000
2021-10-28 07:34:49.856000,8.58676,8.58424,1000000,1500000
2021-10-28 07:34:50.058000,8.58677,8.58436,1000000,1500000
2021-10-28 07:34:50.653000,8.58687,8.58436,1000000,1500000
2021-10-28 07:34:50.854000,8.58685,8.58436,2750000,1500000
2021-10-28 07:34:51.037000,8.58685,8.58436,2750000,1500000
2021-10-28 07:34:52.039000,8.58666,8.58417,1500000,1500000
2021-10-28 07:34:53.422000,8.58646,8.58418,1000000,1500000
2021-10-28 07:34:53.652000,8.58657,8.58417,1000000,1500000
2021-10-28 07:34:54.048000,8.58657,8.58417,1000000,1500000
2021-10-28 07:34:55.637000,8.58647,8.58406,1000000,1500000
2021-10-28 07:34:59.143000,8.58647,8.58395,1000000,1500000
2021-10-28 07:34:59.965000,8.58647,8.58406,1000000,1500000
2021-10-28 07:35:00.066000,8.58646,8.58407,1000000,1500000
2021-10-28 07:35:00.961000,8.58657,8.58406,1000000,1500000
2021-10-28 07:35:01.279000,8.58657,8.58406,1000000,1500000
2021-10-28 07:35:01.380000,8.58657,8.58405,1000000,1500000
2021-10-28 07:35:01.581000,8.58657,8.58427,1000000,1500000
2021-10-28 07:35:02.135000,8.58684,8.58427,1500000,1500000
2021-10-28 07:35:04.186000,8.58684,8.58434,1500000,1500000
2021-10-28 07:35:04.961000,8.5868,8.58431,1500000,1500000
2021-10-28 07:35:05.125000,8.5868,8.58431,1500000,1500000
2021-10-28 07:35:05.338000,8.58672,8.58423,1500000,1500000
2021-10-28 07:35:05.439000,8.58672,8.58423,1500000,1500000
2021-10-28 07:35:05.622000,8.58672,8.58423,1500000,1500000
2021-10-28 07:35:05.839000,8.58663,8.58414,1500000,1500000
2021-10-28 07:35:06.150000,8.58663,8.58414,1500000,1500000
2021-10-28 07:35:06.615000,8.58663,8.58414,1500000,1500000
2021-10-28 07:35:06.766000,8.5865,8.58391,1500000,1500000
2021-10-28 07:35:06.889000,8.58657,8.58379,1500000,1500000
2021-10-28 07:35:06.990000,8.58667,8.58377,1250000,1750000
2021-10-28 07:35:07.201000,8.5861,8.58358,1500000,1500000
2021-10-28 07:35:08.556000,8.58593,8.58346,1500000,1500000
2021-10-28 07:35:08.657000,8.58594,8.58345,1500000,1500000
2021-10-28 07:35:08.837000,8.58598,8.58349,1500000,1500000
2021-10-28 07:35:09.525000,8.58605,8.58351,1500000,1500000
2021-10-28 07:35:09.682000,8.58605,8.58351,1500000,1500000
2021-10-28 07:35:10.502000,8.58601,8.58352,1500000,1500000
2021-10-28 07:35:10.703000,8.58606,8.58357,1500000,1500000
2021-10-28 07:35:12.859000,8.58607,8.58358,1500000,1500000
2021-10-28 07:35:13.071000,8.58607,8.58358,1500000,1500000
2021-10-28 07:35:14.200000,8.58602,8.58358,1500000,1500000
2021-10-28 07:35:14.451000,8.58607,8.58358,1500000,2750000
2021-10-28 07:35:14.653000,8.58602,8.58353,1500000,1500000
2021-10-28 07:35:14.854000,8.58597,8.58348,1500000,1500000
2021-10-28 07:35:15.848000,8.58586,8.58337,1500000,1500000
2021-10-28 07:35:16.125000,8.58586,8.58337,1500000,1500000
2021-10-28 07:35:18.223000,8.5858,8.58333,1500000,1500000
2021-10-28 07:35:18.599000,8.58575,8.58326,1500000,1500000
2021-10-28 07:35:20.189000,8.58581,8.58332,1500000,1500000
2021-10-28 07:35:22.323000,8.58589,8.5834,1500000,1500000
2021-10-28 07:35:22.474000,8.58579,8.5833,1500000,1500000
2021-10-28 07:35:22.625000,8.58579,8.5833,1500000,1500000
2021-10-28 07:35:22.776000,8.5857,8.58321,1500000,1500000
2021-10-28 07:35:27.020000,8.58587,8.5834,1500000,1500000
2021-10-28 07:35:27.221000,8.58593,8.58344,1500000,1500000
2021-10-28 07:35:30.053000,8.58617,8.5837,1500000,1500000
2021-10-28 07:35:30.255000,8.58607,8.5836,1500000,1500000
2021-10-28 07:35:30.862000,8.58619,8.5837,1500000,1500000
2021-10-28 07:35:31.542000,8.58609,8.5836,1500000,1500000
2021-10-28 07:35:32.327000,8.58604,8.58355,1500000,1500000
2021-10-28 07:35:32.983000,8.58596,8.58347,1500000,1500000
2021-10-28 07:35:33.142000,8.58596,8.58347,1500000,1500000
2021-10-28 07:35:34.327000,8.5862,8.58371,1500000,1500000
2021-10-28 07:35:34.557000,8.5862,8.58371,1500000,1500000
2021-10-28 07:35:34.759000,8.5862,8.58371,1500000,1500000
2021-10-28 07:35:34.970000,8.5862,8.58371,1500000,1500000
2021-10-28 07:35:35.999000,8.58637,8.58388,1500000,1500000
2021-10-28 07:35:36.113000,8.58637,8.58388,1500000,1500000
2021-10-28 07:35:36.749000,8.58642,8.58393,1500000,1500000
2021-10-28 07:35:36.932000,8.58655,8.58406,1500000,1500000
2021-10-28 07:35:39.161000,8.58679,8.5843,1500000,1500000
2021-10-28 07:35:39.262000,8.58679,8.5843,1500000,1500000
2021-10-28 07:35:39.438000,8.58668,8.58419,1500000,1500000
2021-10-28 07:35:39.655000,8.5866,8.58411,1500000,1500000
2021-10-28 07:35:39.856000,8.58655,8.58406,1500000,1500000
2021-10-28 07:35:40.057000,8.58655,8.58406,1500000,1500000
2021-10-28 07:35:41.637000,8.58646,8.58397,1500000,1500000
2021-10-28 07:35:41.837000,8.58646,8.58397,1500000,1500000
2021-10-28 07:35:42.176000,8.58641,8.58392,1500000,1500000
2021-10-28 07:35:43.594000,8.58643,8.58393,1500000,1500000
2021-10-28 07:35:43.818000,8.58637,8.58388,1000000,1500000
2021-10-28 07:35:45.533000,8.5863,8.58383,1500000,1500000
2021-10-28 07:35:45.754000,8.58617,8.58387,1000000,1500000
2021-10-28 07:35:45.956000,8.58617,8.58382,1000000,1500000
2021-10-28 07:35:46.126000,8.58617,8.58382,1000000,1500000
2021-10-28 07:35:46.442000,8.58609,8.5836,1500000,1500000
2021-10-28 07:35:46.746000,8.58601,8.5836,1000000,1500000
2021-10-28 07:35:47.672000,8.58597,8.58353,1000000,1500000
2021-10-28 07:35:47.723000,8.58591,8.58353,1000000,1500000
2021-10-28 07:35:50.271000,8.58587,8.58347,1000000,1500000
2021-10-28 07:35:50.473000,8.58587,8.58347,1000000,1500000
2021-10-28 07:35:50.709000,8.58587,8.58352,1000000,1500000
2021-10-28 07:35:51.554000,8.58577,8.58332,1000000,1500000
2021-10-28 07:35:52.041000,8.58566,8.58331,1000000,1500000
2021-10-28 07:35:52.263000,8.58566,8.58331,1000000,1500000
2021-10-28 07:35:53.583000,8.58573,8.58324,1500000,1500000
2021-10-28 07:35:54.644000,8.58549,8.58314,1000000,1500000
2021-10-28 07:35:54.879000,8.58555,8.58314,1000000,1500000
2021-10-28 07:35:54.992000,8.5856,8.58311,1500000,1500000
2021-10-28 07:35:55.092000,8.5856,8.58311,1500000,1500000
2021-10-28 07:35:55.758000,8.58567,8.58322,1000000,1500000
2021-10-28 07:35:57.667000,8.58557,8.58318,1000000,1500000
2021-10-28 07:35:59.790000,8.58566,8.5833,1000000,1500000
2021-10-28 07:36:00.004000,8.58581,8.58332,1500000,1500000
2021-10-28 07:36:00.105000,8.58581,8.58332,1500000,1500000
2021-10-28 07:36:00.366000,8.58581,8.58332,1500000,1500000
2021-10-28 07:36:00.640000,8.58581,8.58332,2750000,1500000
2021-10-28 07:36:01.538000,8.58556,8.58318,1000000,1500000
2021-10-28 07:36:01.937000,8.58566,8.58317,1500000,1500000
2021-10-28 07:36:02.192000,8.58566,8.58317,1500000,1500000
2021-10-28 07:36:02.393000,8.58556,8.58307,1500000,1500000
2021-10-28 07:36:03.034000,8.58556,8.58307,1500000,1500000
2021-10-28 07:36:04.140000,8.58536,8.58306,1500000,1500000
2021-10-28 07:36:04.241000,8.58507,8.58306,1000000,1500000
2021-10-28 07:36:04.700000,8.58508,8.5827,1000000,1500000
2021-10-28 07:36:05.228000,8.58525,8.58274,1500000,1500000
2021-10-28 07:36:05.482000,8.58519,8.5827,1500000,1500000
2021-10-28 07:36:05.908000,8.58524,8.58275,1500000,1500000
2021-10-28 07:36:06.642000,8.58524,8.58275,1500000,1500000
2021-10-28 07:36:06.904000,8.58517,8.58271,1000000,1500000
2021-10-28 07:36:07.105000,8.5851,8.58261,1500000,1500000
2021-10-28 07:36:07.874000,8.58499,8.58256,1000000,1500000
2021-10-28 07:36:08.154000,8.58492,8.58243,1000000,1500000
2021-10-28 07:36:08.874000,8.58492,8.58243,1500000,1500000
2021-10-28 07:36:09.361000,8.58492,8.58243,1500000,1500000
2021-10-28 07:36:09.875000,8.58492,8.58243,1500000,1500000
2021-10-28 07:36:10.043000,8.58491,8.58244,1000000,1500000
2021-10-28 07:36:10.876000,8.58491,8.58249,1000000,1500000
2021-10-28 07:36:12.877000,8.58496,8.58247,1500000,1500000
2021-10-28 07:36:13.877000,8.58491,8.58242,1620000,1500000
2021-10-28 07:36:14.105000,8.58487,8.58242,1000000,1500000
2021-10-28 07:36:14.306000,8.58486,8.58237,1500000,1500000
2021-10-28 07:36:14.466000,8.58461,8.58214,1000000,1500000
2021-10-28 07:36:14.751000,8.58466,8.58217,1500000,1500000
2021-10-28 07:36:14.877000,8.58464,8.58217,1000000,1500000
2021-10-28 07:36:15.878000,8.58466,8.58217,1500000,1500000
2021-10-28 07:36:16.009000,8.58462,8.58215,1000000,1500000
2021-10-28 07:36:17.053000,8.58458,8.58209,1000000,1500000
2021-10-28 07:36:17.629000,8.58452,8.58203,1000000,1500000
2021-10-28 07:36:17.851000,8.58452,8.58203,1000000,1500000
2021-10-28 07:36:18.054000,8.58452,8.58203,1500000,1500000
2021-10-28 07:36:18.155000,8.58446,8.582,1000000,1500000
2021-10-28 07:36:18.697000,8.58446,8.58196,1500000,1500000
2021-10-28 07:36:18.980000,8.58446,8.58196,1000000,1500000
2021-10-28 07:36:19.132000,8.58446,8.58208,1000000,1500000
2021-10-28 07:36:19.233000,8.58452,8.58208,1000000,1500000
2021-10-28 07:36:19.379000,8.58446,8.58196,1000000,1500000
2021-10-28 07:36:19.743000,8.58446,8.58196,1000000,1500000
2021-10-28 07:36:20.188000,8.58436,8.58187,1000000,1500000
2021-10-28 07:36:20.296000,8.58435,8.58188,1500000,1500000
2021-10-28 07:36:20.397000,8.58436,8.58187,1500000,1500000
2021-10-28 07:36:20.930000,8.58418,8.5817,1000000,1500000
2021-10-28 07:36:21.686000,8.58423,8.58174,1500000,1500000
2021-10-28 07:36:21.923000,8.58418,8.58169,1500000,1500000
2021-10-28 07:36:22.074000,8.58417,8.58169,1000000,1500000
2021-10-28 07:36:22.882000,8.58411,8.58163,1000000,1500000
2021-10-28 07:36:22.932000,8.58411,8.58177,1000000,1500000
2021-10-28 07:36:22.982000,8.58416,8.58185,1000000,1500000
2021-10-28 07:36:23.133000,8.58416,8.58177,1000000,1500000
2021-10-28 07:36:23.296000,8.58421,8.58177,1000000,1500000
2021-10-28 07:36:23.347000,8.58421,8.58177,1120000,1500000
2021-10-28 07:36:23.530000,8.58421,8.58177,1000000,1500000
2021-10-28 07:36:23.817000,8.58416,8.58177,1000000,1500000
2021-10-28 07:36:24.051000,8.58426,8.58177,1000000,2750000
2021-10-28 07:36:24.236000,8.58426,8.58177,1120000,2750000
2021-10-28 07:36:25.536000,8.58426,8.58177,1500000,2750000
2021-10-28 07:36:25.771000,8.58431,8.58182,1500000,1500000
2021-10-28 07:36:25.972000,8.58431,8.58182,1500000,1500000
2021-10-28 07:36:26.075000,8.5842,8.58177,1000000,1500000
2021-10-28 07:36:26.176000,8.5842,8.58177,1500000,1500000
2021-10-28 07:36:26.343000,8.58419,8.58178,1500000,1500000
2021-10-28 07:36:27.323000,8.58425,8.58177,1500000,1500000
2021-10-28 07:36:28.823000,8.58418,8.58169,1000000,1500000
2021-10-28 07:36:29.025000,8.58418,8.58169,1500000,1500000
2021-10-28 07:36:29.322000,8.58412,8.58166,1500000,1500000
2021-10-28 07:36:29.525000,8.58413,8.58165,1500000,1500000
2021-10-28 07:36:29.808000,8.58418,8.58169,1500000,1500000
2021-10-28 07:36:29.959000,8.58423,8.58176,1500000,1500000
2021-10-28 07:36:30.176000,8.58418,8.58169,1500000,1500000
2021-10-28 07:36:30.388000,8.58418,8.58169,1500000,1500000
2021-10-28 07:36:30.827000,8.58412,8.58166,1500000,1500000
2021-10-28 07:36:31.028000,8.58413,8.58165,1500000,1500000
2021-10-28 07:36:31.351000,8.58411,8.58165,1500000,1500000
2021-10-28 07:36:31.509000,8.58411,8.58165,1500000,1500000
2021-10-28 07:36:35.170000,8.58409,8.58165,1500000,1500000
2021-10-28 07:36:35.371000,8.58403,8.58166,1500000,1500000
2021-10-28 07:36:36.493000,8.58396,8.58158,1500000,1500000
2021-10-28 07:36:38.538000,8.58393,8.58158,1500000,1500000
2021-10-28 07:36:38.769000,8.58393,8.58158,1500000,1500000
2021-10-28 07:36:38.870000,8.58393,8.58158,1500000,1500000
2021-10-28 07:36:39.460000,8.58413,8.58163,1500000,1500000
2021-10-28 07:36:41.940000,8.58397,8.58162,1000000,1500000
2021-10-28 07:36:42.698000,8.58397,8.58153,1000000,1500000
2021-10-28 07:36:43.237000,8.58377,8.58153,1000000,1500000
2021-10-28 07:36:45.391000,8.58385,8.5815,1500000,1500000
2021-10-28 07:36:45.513000,8.58385,8.5815,1500000,1500000
2021-10-28 07:36:45.715000,8.58385,8.5815,1500000,1500000
2021-10-28 07:36:46.144000,8.58367,8.5815,1000000,1500000
2021-10-28 07:36:46.395000,8.58367,8.5815,1000000,1500000
2021-10-28 07:36:46.647000,8.58367,8.5815,1000000,1500000
2021-10-28 07:36:46.748000,8.58367,8.5815,1000000,1500000
2021-10-28 07:36:46.949000,8.58367,8.5815,1000000,1500000
2021-10-28 07:36:47.774000,8.58367,8.58119,1000000,1500000
2021-10-28 07:36:47.925000,8.58366,8.5812,1000000,1500000
2021-10-28 07:36:48.109000,8.58361,8.58114,1500000,1500000
2021-10-28 07:36:48.952000,8.58357,8.58107,1500000,2750000
2021-10-28 07:36:49.107000,8.58357,8.58107,1500000,2750000
2021-10-28 07:36:49.212000,8.58357,8.58107,1500000,2750000
2021-10-28 07:36:49.775000,8.58354,8.58108,1500000,1500000
2021-10-28 07:36:50.776000,8.58346,8.58112,1000000,1500000
2021-10-28 07:36:50.944000,8.58337,8.58111,1000000,1500000
2021-10-28 07:36:51.157000,8.58337,8.58107,1000000,1500000
2021-10-28 07:36:51.642000,8.58337,8.58107,1000000,1500000
2021-10-28 07:36:52.704000,8.58337,8.58107,1000000,1500000
2021-10-28 07:36:52.886000,8.58336,8.58108,1000000,1500000
2021-10-28 07:36:55.422000,8.58346,8.58107,1500000,1500000
2021-10-28 07:36:55.741000,8.58346,8.58107,1500000,1500000
2021-10-28 07:36:56.143000,8.58355,8.58107,1500000,1500000
2021-10-28 07:36:56.345000,8.58347,8.58107,1000000,1500000
2021-10-28 07:36:56.596000,8.58347,8.58107,1000000,1500000
2021-10-28 07:36:57.373000,8.58347,8.58107,1000000,1500000
2021-10-28 07:36:59.536000,8.58332,8.58107,1500000,1500000
2021-10-28 07:37:00.084000,8.58322,8.58107,1500000,1500000
2021-10-28 07:37:04.887000,8.58297,8.58107,1000000,1000000
2021-10-28 07:37:05.038000,8.58302,8.58107,1000000,1000000
2021-10-28 07:37:05.217000,8.58302,8.58089,1000000,1500000
2021-10-28 07:37:05.317000,8.58297,8.58066,1000000,1500000
2021-10-28 07:37:05.519000,8.58297,8.58066,1000000,1500000
2021-10-28 07:37:06.269000,8.58291,8.58066,2750000,1500000
2021-10-28 07:37:07.515000,8.58287,8.58066,1000000,1500000
2021-10-28 07:37:07.731000,8.58286,8.58066,1500000,1500000
2021-10-28 07:37:08.122000,8.58279,8.58066,1500000,1500000
2021-10-28 07:37:08.322000,8.58279,8.58066,1500000,1500000
2021-10-28 07:37:08.936000,8.58285,8.58066,1000000,1500000
2021-10-28 07:37:08.986000,8.58305,8.58066,1500000,1500000
2021-10-28 07:37:09.166000,8.58305,8.58066,1500000,1500000
2021-10-28 07:37:09.267000,8.58307,8.58066,1000000,1500000
2021-10-28 07:37:09.661000,8.58305,8.58066,1500000,1500000
2021-10-28 07:37:10.328000,8.58317,8.58068,1000000,1500000
2021-10-28 07:37:10.732000,8.58317,8.58068,1000000,1500000
2021-10-28 07:37:13.250000,8.58319,8.58067,1500000,1500000
2021-10-28 07:37:14.038000,8.58319,8.58067,1500000,1500000
2021-10-28 07:37:14.263000,8.58319,8.58067,1500000,1500000
2021-10-28 07:37:15.210000,8.58316,8.58067,1500000,1500000
2021-10-28 07:37:16.691000,8.58299,8.58067,1500000,1500000
2021-10-28 07:37:17.691000,8.58302,8.58053,1500000,1500000
2021-10-28 07:37:18.294000,8.58312,8.58068,1000000,1500000
2021-10-28 07:37:18.475000,8.58312,8.58095,1000000,1500000
2021-10-28 07:37:18.556000,8.58331,8.58095,1500000,1500000
2021-10-28 07:37:21.071000,8.58325,8.58095,1500000,1500000
2021-10-28 07:37:22.081000,8.5833,8.5808,1500000,1500000
2021-10-28 07:37:22.283000,8.5833,8.5808,1500000,1500000
2021-10-28 07:37:22.930000,8.58322,8.58073,1120000,2750000
2021-10-28 07:37:24.256000,8.58317,8.58073,1000000,1500000
2021-10-28 07:37:24.554000,8.58318,8.58073,1000000,1500000
2021-10-28 07:37:26.072000,8.58318,8.58073,1500000,1500000
2021-10-28 07:37:28.091000,8.58322,8.58073,1500000,2750000
2021-10-28 07:37:30.126000,8.58322,8.58073,1500000,1500000
2021-10-28 07:37:30.859000,8.58311,8.58062,1000000,1500000
2021-10-28 07:37:31.384000,8.58305,8.58062,1000000,1500000
2021-10-28 07:37:31.761000,8.58311,8.58061,1000000,2750000
2021-10-28 07:37:32.549000,8.58316,8.5807,1500000,1500000
2021-10-28 07:37:33.078000,8.5831,8.58071,1000000,1500000
2021-10-28 07:37:33.154000,8.58311,8.5807,1500000,1500000
2021-10-28 07:37:33.437000,8.58313,8.5807,1500000,1500000
2021-10-28 07:37:33.688000,8.58318,8.58069,1500000,1500000
2021-10-28 07:37:34.078000,8.58317,8.58069,1000000,1500000
2021-10-28 07:37:34.903000,8.58315,8.5806,1500000,1500000
2021-10-28 07:37:35.571000,8.58313,8.5806,1000000,1500000
2021-10-28 07:37:36.536000,8.58312,8.5806,1000000,1500000
2021-10-28 07:37:37.539000,8.58315,8.58052,1500000,1500000
2021-10-28 07:37:38.952000,8.58325,8.58049,1500000,1500000
2021-10-28 07:37:40.732000,8.58334,8.58058,1500000,1500000
2021-10-28 07:37:41.013000,8.58334,8.58058,1500000,1500000
2021-10-28 07:37:41.340000,8.58324,8.58053,1500000,1500000
2021-10-28 07:37:42.040000,8.58315,8.58051,1500000,1500000
2021-10-28 07:37:42.282000,8.58315,8.58051,1500000,1500000
2021-10-28 07:37:43.645000,8.58344,8.58085,1000000,1500000
2021-10-28 07:37:43.745000,8.58367,8.58093,1750000,1750000
2021-10-28 07:37:43.846000,8.58374,8.58093,1500000,1500000
2021-10-28 07:37:44.302000,8.58373,8.58094,1750000,1750000
2021-10-28 07:37:48.625000,8.58317,8.58131,1000000,1500000
2021-10-28 07:37:49.539000,8.58316,8.58132,1000000,1500000
2021-10-28 07:37:49.912000,8.58317,8.58131,1000000,1500000
2021-10-28 07:37:50.673000,8.58317,8.58131,1000000,1500000
2021-10-28 07:37:50.861000,8.58317,8.58131,1000000,1500000
2021-10-28 07:37:51.662000,8.58317,8.58131,1000000,1500000
2021-10-28 07:37:52.185000,8.58317,8.58131,1000000,1500000
2021-10-28 07:37:56.501000,8.58317,8.58131,1000000,1000000
2021-10-28 07:37:57.502000,8.58317,8.58131,1500000,1000000
2021-10-28 07:37:57.706000,8.58317,8.58131,1000000,1000000
2021-10-28 07:37:59.465000,8.58317,8.58131,1500000,1000000
2021-10-28 07:37:59.641000,8.58317,8.58131,1000000,1000000
2021-10-28 07:37:59.867000,8.58316,8.58132,1500000,1000000
2021-10-28 07:38:00.260000,8.58317,8.58131,1500000,1000000
2021-10-28 07:38:00.461000,8.58317,8.58131,1500000,1000000
2021-10-28 07:38:02.074000,8.58316,8.58132,1500000,1000000
2021-10-28 07:38:02.309000,8.58315,8.58131,1500000,1000000
2021-10-28 07:38:02.531000,8.58315,8.58131,1500000,1000000
2021-10-28 07:38:03.255000,8.58315,8.58131,1500000,1000000
2021-10-28 07:38:03.410000,8.58301,8.58131,1500000,1000000
2021-10-28 07:38:04.107000,8.58295,8.58131,1500000,1000000
2021-10-28 07:38:04.307000,8.58296,8.58132,1500000,1000000
2021-10-28 07:38:04.508000,8.58289,8.58131,1500000,1000000
2021-10-28 07:38:04.718000,8.58289,8.58131,1500000,1000000
2021-10-28 07:38:06.274000,8.58289,8.58131,1500000,1000000
2021-10-28 07:38:06.526000,8.58282,8.58131,1500000,1000000
2021-10-28 07:38:06.726000,8.58282,8.58131,1500000,1000000
2021-10-28 07:38:06.942000,8.58282,8.58131,1500000,1000000
2021-10-28 07:38:07.168000,8.58282,8.58131,1500000,1000000
2021-10-28 07:38:07.496000,8.58281,8.58132,1500000,1000000
2021-10-28 07:38:07.838000,8.58277,8.58131,1500000,1000000
2021-10-28 07:38:08.012000,8.58269,8.58131,1500000,1000000
2021-10-28 07:38:09.093000,8.58263,8.58131,1500000,1000000
2021-10-28 07:38:09.295000,8.58254,8.58131,1500000,1000000
2021-10-28 07:38:09.497000,8.58254,8.58131,1500000,1000000
2021-10-28 07:38:10.520000,8.5825,8.58131,1500000,1000000
