time,ask,bid,ask_volume,bid_volume
2020-07-28 07:25:00.163000,8.76812,8.76633,1000000,1000000
2020-07-28 07:25:00.214000,8.7682,8.76633,1000000,1000000
2020-07-28 07:25:00.314000,8.7682,8.76628,1000000,1000000
2020-07-28 07:25:00.365000,8.7682,8.76633,1000000,1000000
2020-07-28 07:25:00.661000,8.7682,8.76643,1000000,1000000
2020-07-28 07:25:00.762000,8.76838,8.76665,1000000,1000000
2020-07-28 07:25:00.863000,8.76856,8.76665,1120000,1000000
2020-07-28 07:25:00.964000,8.76856,8.76684,1120000,1000000
2020-07-28 07:25:01.065000,8.76856,8.76665,1120000,1000000
2020-07-28 07:25:02.864000,8.76845,8.76663,1000000,1000000
2020-07-28 07:25:03.066000,8.76833,8.76652,1000000,1000000
2020-07-28 07:25:03.117000,8.76825,8.76643,1000000,1000000
2020-07-28 07:25:03.218000,8.76825,8.76637,1000000,1000000
2020-07-28 07:25:03.318000,8.76833,8.76653,1000000,1000000
2020-07-28 07:25:03.520000,8.76833,8.76663,1000000,1000000
2020-07-28 07:25:03.650000,8.76833,8.76673,1000000,1000000
2020-07-28 07:25:03.701000,8.76833,8.76663,1000000,1000000
2020-07-28 07:25:03.751000,8.76833,8.76674,1000000,1000000
2020-07-28 07:25:03.852000,8.76833,8.76663,1000000,1000000
2020-07-28 07:25:05.871000,8.76833,8.76653,1000000,1000000
2020-07-28 07:25:05.922000,8.76833,8.76645,1000000,1000000
2020-07-28 07:25:05.972000,8.76825,8.76637,1000000,1000000
2020-07-28 07:25:06.389000,8.76825,8.76643,1000000,1000000
2020-07-28 07:25:06.440000,8.76831,8.76644,1500000,1000000
2020-07-28 07:25:06.490000,8.76831,8.76653,1500000,1000000
2020-07-28 07:25:06.591000,8.7684,8.76663,1000000,1000000
2020-07-28 07:25:06.760000,8.7684,8.76673,1000000,1000000
2020-07-28 07:25:07.035000,8.76847,8.76673,1000000,1000000
2020-07-28 07:25:07.588000,8.76847,8.76665,1000000,1000000
2020-07-28 07:25:07.689000,8.7684,8.76653,1000000,1000000
2020-07-28 07:25:07.790000,8.7684,8.76652,1000000,1000000
2020-07-28 07:25:08.935000,8.76825,8.76643,1000000,1000000
2020-07-28 07:25:09.136000,8.76821,8.76643,1000000,1000000
2020-07-28 07:25:09.476000,8.76821,8.76655,1000000,1000000
2020-07-28 07:25:09.577000,8.76821,8.76667,1000000,1000000
2020-07-28 07:25:09.678000,8.76846,8.76667,1000000,1000000
2020-07-28 07:25:09.729000,8.76847,8.7666,1000000,1000000
2020-07-28 07:25:14.575000,8.76851,8.76662,1000000,1000000
2020-07-28 07:25:15.123000,8.76827,8.76639,1000000,1000000
2020-07-28 07:25:15.224000,8.76825,8.76637,1000000,1000000
2020-07-28 07:25:16.108000,8.76812,8.76623,1000000,1000000
2020-07-28 07:25:18.926000,8.76822,8.76649,1000000,1000000
2020-07-28 07:25:18.977000,8.76805,8.76601,1000000,1000000
2020-07-28 07:25:19.078000,8.76792,8.76587,1000000,1000000
2020-07-28 07:25:19.178000,8.76792,8.76569,1000000,1000000
2020-07-28 07:25:19.280000,8.768,8.76585,1000000,1000000
2020-07-28 07:25:19.380000,8.76796,8.76579,1000000,1000000
2020-07-28 07:25:19.431000,8.76791,8.76568,1000000,1000000
2020-07-28 07:25:19.944000,8.76791,8.76585,1000000,1000000
2020-07-28 07:25:20.045000,8.76785,8.76585,1000000,1000000
2020-07-28 07:25:20.145000,8.76771,8.76556,1000000,1000000
2020-07-28 07:25:20.296000,8.76771,8.76546,1000000,1000000
2020-07-28 07:25:20.666000,8.76771,8.76547,1000000,1000000
2020-07-28 07:25:21.069000,8.76771,8.76546,1000000,1000000
2020-07-28 07:25:22.180000,8.76756,8.76526,1000000,1000000
2020-07-28 07:25:23.062000,8.76741,8.76513,1000000,1000000
2020-07-28 07:25:23.163000,8.76741,8.76523,1000000,1000000
2020-07-28 07:25:23.368000,8.76741,8.76533,1000000,1000000
2020-07-28 07:25:23.741000,8.76741,8.76543,1000000,1000000
2020-07-28 07:25:23.791000,8.76741,8.76533,1000000,1000000
2020-07-28 07:25:24.110000,8.76741,8.76534,1000000,1000000
2020-07-28 07:25:24.459000,8.76741,8.76523,1000000,1000000
2020-07-28 07:25:24.900000,8.76741,8.76533,1000000,1000000
2020-07-28 07:25:25.065000,8.76741,8.76523,1000000,1000000
2020-07-28 07:25:25.289000,8.76741,8.76511,1000000,1000000
2020-07-28 07:25:25.340000,8.76741,8.76513,1000000,1000000
2020-07-28 07:25:26.751000,8.76741,8.76511,1000000,1000000
2020-07-28 07:25:26.939000,8.76741,8.76513,1000000,1000000
2020-07-28 07:25:27.071000,8.76741,8.76523,1000000,1000000
2020-07-28 07:25:27.350000,8.76741,8.76533,1000000,1000000
2020-07-28 07:25:27.512000,8.76741,8.76523,1000000,1000000
2020-07-28 07:25:27.613000,8.76777,8.76553,1000000,1000000
2020-07-28 07:25:27.664000,8.76785,8.76556,1000000,1000000
2020-07-28 07:25:27.764000,8.76806,8.76563,1000000,1000000
2020-07-28 07:25:27.865000,8.76825,8.76586,1000000,1000000
2020-07-28 07:25:27.966000,8.76848,8.76599,1000000,1000000
2020-07-28 07:25:28.084000,8.76848,8.76603,1000000,1000000
2020-07-28 07:25:28.475000,8.76836,8.76593,1000000,1000000
2020-07-28 07:25:28.878000,8.76836,8.76603,1000000,1000000
2020-07-28 07:25:29.064000,8.76836,8.76614,1000000,1000000
2020-07-28 07:25:30.311000,8.7682,8.76614,1000000,1000000
2020-07-28 07:25:30.361000,8.7682,8.76593,1000000,1000000
2020-07-28 07:25:30.412000,8.76817,8.76593,1000000,1000000
2020-07-28 07:25:30.462000,8.76817,8.76583,1000000,1000000
2020-07-28 07:25:30.706000,8.76815,8.76571,1000000,1000000
2020-07-28 07:25:30.757000,8.76797,8.76553,1000000,1000000
2020-07-28 07:25:30.908000,8.76781,8.76544,1000000,1000000
2020-07-28 07:25:32.780000,8.76781,8.76553,1000000,1000000
2020-07-28 07:25:32.939000,8.76781,8.76544,1000000,1000000
2020-07-28 07:25:33.493000,8.76773,8.76535,1000000,1000000
2020-07-28 07:25:33.544000,8.76767,8.76531,1000000,1000000
2020-07-28 07:25:34.113000,8.76757,8.76531,1000000,1000000
2020-07-28 07:25:34.163000,8.76757,8.76523,1000000,1000000
2020-07-28 07:25:34.280000,8.76757,8.76533,1000000,1000000
2020-07-28 07:25:34.438000,8.76757,8.76543,1000000,1000000
2020-07-28 07:25:34.724000,8.76757,8.76523,1000000,1000000
2020-07-28 07:25:34.775000,8.7675,8.76533,1000000,1000000
2020-07-28 07:25:34.826000,8.7675,8.76523,1000000,1000000
2020-07-28 07:25:34.877000,8.76756,8.76533,1000000,1000000
2020-07-28 07:25:35.531000,8.76756,8.76534,1000000,1000000
2020-07-28 07:25:35.631000,8.76756,8.76523,1000000,1000000
2020-07-28 07:25:36.052000,8.76756,8.76533,1000000,1000000
2020-07-28 07:25:36.373000,8.76756,8.76523,1000000,1000000
2020-07-28 07:25:36.499000,8.76756,8.76533,1000000,1000000
2020-07-28 07:25:37.123000,8.76756,8.76523,1000000,1000000
2020-07-28 07:25:37.277000,8.76735,8.76523,1000000,1000000
2020-07-28 07:25:37.378000,8.76735,8.76514,1000000,1500000
2020-07-28 07:25:37.801000,8.76735,8.76507,1000000,1000000
2020-07-28 07:25:37.852000,8.76735,8.76513,1000000,1000000
2020-07-28 07:25:37.953000,8.76743,8.76533,1000000,1000000
2020-07-28 07:25:38.004000,8.76756,8.76533,1000000,1000000
2020-07-28 07:25:38.353000,8.76756,8.76523,1000000,1000000
2020-07-28 07:25:38.496000,8.76756,8.7652,1000000,1500000
2020-07-28 07:25:38.683000,8.76756,8.76533,1000000,1000000
2020-07-28 07:25:38.850000,8.76756,8.76523,1000000,1000000
2020-07-28 07:25:38.951000,8.76756,8.76533,1000000,1000000
2020-07-28 07:25:39.052000,8.76794,8.76537,1000000,1000000
2020-07-28 07:25:39.102000,8.76766,8.76563,1000000,1000000
2020-07-28 07:25:39.203000,8.76827,8.76604,1000000,1000000
2020-07-28 07:25:39.254000,8.76827,8.76624,1000000,1000000
2020-07-28 07:25:39.305000,8.76847,8.76613,1000000,1000000
2020-07-28 07:25:39.355000,8.76853,8.76633,1000000,1000000
2020-07-28 07:25:39.456000,8.76859,8.76653,1000000,1000000
2020-07-28 07:25:39.658000,8.76866,8.76663,1000000,1000000
2020-07-28 07:25:39.759000,8.76882,8.76663,1000000,1000000
2020-07-28 07:25:39.809000,8.76874,8.76663,1000000,1000000
2020-07-28 07:25:39.910000,8.76874,8.76653,1000000,1000000
2020-07-28 07:25:40.063000,8.76874,8.76644,1000000,1000000
2020-07-28 07:25:40.164000,8.76863,8.76633,1000000,1000000
2020-07-28 07:25:40.265000,8.76865,8.76644,1000000,1000000
2020-07-28 07:25:40.366000,8.76854,8.76642,1000000,1000000
2020-07-28 07:25:40.416000,8.76854,8.76634,1000000,1000000
2020-07-28 07:25:40.525000,8.76854,8.76633,1000000,1500000
2020-07-28 07:25:40.576000,8.76842,8.76633,1000000,1000000
2020-07-28 07:25:40.627000,8.76827,8.76608,1000000,1000000
2020-07-28 07:25:40.679000,8.76822,8.76608,1000000,1000000
2020-07-28 07:25:40.779000,8.76821,8.76595,1000000,1000000
2020-07-28 07:25:40.915000,8.76795,8.76586,1000000,1000000
2020-07-28 07:25:41.529000,8.76772,8.76563,1000000,1000000
2020-07-28 07:25:41.703000,8.76757,8.76555,1000000,1000000
2020-07-28 07:25:41.904000,8.76757,8.76546,1000000,1000000
2020-07-28 07:25:42.224000,8.76745,8.76542,1000000,1000000
2020-07-28 07:25:42.274000,8.76738,8.76528,1000000,1000000
2020-07-28 07:25:42.325000,8.7673,8.76525,1000000,1000000
2020-07-28 07:25:42.426000,8.76725,8.7652,1000000,1000000
2020-07-28 07:25:42.627000,8.76709,8.76513,1000000,1000000
2020-07-28 07:25:42.678000,8.76722,8.7652,1000000,1000000
2020-07-28 07:25:44.089000,8.7671,8.76516,1000000,1000000
2020-07-28 07:25:45.213000,8.76702,8.76512,1000000,1000000
2020-07-28 07:25:47.951000,8.76691,8.76502,1000000,1000000
2020-07-28 07:25:49.621000,8.76704,8.76516,1000000,1000000
2020-07-28 07:25:50.009000,8.76683,8.76494,1000000,1000000
2020-07-28 07:25:50.059000,8.76681,8.76492,1000000,1000000
2020-07-28 07:25:57.301000,8.7666,8.76474,1000000,1000000
2020-07-28 07:25:57.402000,8.76508,8.76384,1000000,1000000
2020-07-28 07:25:57.453000,8.76475,8.76328,1000000,1000000
2020-07-28 07:25:57.503000,8.76458,8.76328,1000000,1000000
2020-07-28 07:25:57.608000,8.76458,8.76302,1000000,1000000
2020-07-28 07:25:57.658000,8.76455,8.76299,1000000,1000000
2020-07-28 07:25:57.709000,8.76457,8.76297,1000000,1000000
2020-07-28 07:25:57.760000,8.76397,8.76297,1000000,1000000
2020-07-28 07:25:57.860000,8.7639,8.76235,1000000,1000000
2020-07-28 07:25:57.911000,8.76392,8.76235,1000000,1000000
2020-07-28 07:25:58.012000,8.76403,8.76235,1000000,1000000
2020-07-28 07:25:58.063000,8.76411,8.76222,1000000,1250000
2020-07-28 07:25:58.164000,8.76431,8.76246,1000000,1000000
2020-07-28 07:25:58.265000,8.76454,8.76271,1000000,1000000
2020-07-28 07:25:58.366000,8.76437,8.76267,1000000,1000000
2020-07-28 07:25:58.416000,8.76425,8.76213,1000000,1000000
2020-07-28 07:25:58.517000,8.76408,8.76213,1000000,1000000
2020-07-28 07:25:58.618000,8.76408,8.76208,1000000,1000000
2020-07-28 07:25:58.806000,8.76406,8.76208,1000000,1000000
2020-07-28 07:25:58.916000,8.76406,8.762,1000000,1000000
2020-07-28 07:25:59.151000,8.76413,8.76219,1000000,1000000
2020-07-28 07:25:59.302000,8.7641,8.76219,1000000,1000000
2020-07-28 07:25:59.353000,8.76407,8.76203,1000000,1000000
2020-07-28 07:25:59.504000,8.76372,8.76203,1000000,1000000
2020-07-28 07:25:59.554000,8.76371,8.76173,1000000,1000000
2020-07-28 07:25:59.756000,8.76376,8.76173,1000000,1000000
2020-07-28 07:25:59.907000,8.76368,8.76185,1000000,1000000
2020-07-28 07:26:00.058000,8.76368,8.76154,1000000,1000000
2020-07-28 07:26:00.159000,8.76368,8.76183,1000000,1000000
2020-07-28 07:26:00.260000,8.76421,8.76218,1000000,1000000
2020-07-28 07:26:00.462000,8.76418,8.76218,1000000,1000000
2020-07-28 07:26:00.512000,8.76418,8.76211,1000000,1000000
2020-07-28 07:26:00.562000,8.76403,8.76211,1000000,1000000
2020-07-28 07:26:00.666000,8.76403,8.76201,1000000,1000000
2020-07-28 07:26:01.313000,8.76416,8.76201,1000000,1000000
2020-07-28 07:26:01.364000,8.76416,8.7621,1000000,1000000
2020-07-28 07:26:01.465000,8.76416,8.76215,1000000,1000000
2020-07-28 07:26:02.454000,8.76416,8.76214,1000000,1000000
2020-07-28 07:26:03.866000,8.76416,8.76216,1000000,1000000
2020-07-28 07:26:04.152000,8.76416,8.76225,1000000,1000000
2020-07-28 07:26:04.433000,8.76426,8.76225,1000000,1000000
2020-07-28 07:26:06.170000,8.76424,8.76216,1000000,1000000
2020-07-28 07:26:06.221000,8.76426,8.76216,1000000,1000000
2020-07-28 07:26:06.271000,8.76426,8.76219,1000000,1000000
2020-07-28 07:26:07.004000,8.76426,8.76239,1000000,1000000
2020-07-28 07:26:07.982000,8.76415,8.76219,1000000,1000000
2020-07-28 07:26:08.082000,8.76455,8.76233,1000000,1000000
2020-07-28 07:26:08.133000,8.76467,8.76303,1000000,1000000
2020-07-28 07:26:08.183000,8.76496,8.76313,1000000,1000000
2020-07-28 07:26:08.234000,8.76496,8.76323,1000000,1000000
2020-07-28 07:26:08.284000,8.76511,8.76323,1000000,1000000
2020-07-28 07:26:08.385000,8.76511,8.76374,1000000,1000000
2020-07-28 07:26:08.486000,8.76539,8.76404,1000000,1000000
2020-07-28 07:26:08.537000,8.76567,8.76413,1000000,1000000
2020-07-28 07:26:08.638000,8.76567,8.76429,1000000,1000000
2020-07-28 07:26:08.689000,8.76635,8.76494,1000000,1000000
2020-07-28 07:26:08.740000,8.76663,8.76463,1000000,1500000
2020-07-28 07:26:08.791000,8.76699,8.76496,1000000,1000000
2020-07-28 07:26:08.842000,8.7672,8.76497,1000000,1000000
2020-07-28 07:26:08.892000,8.76731,8.76525,1000000,1000000
2020-07-28 07:26:08.943000,8.76764,8.76531,1000000,1000000
2020-07-28 07:26:08.994000,8.76771,8.76544,1000000,1000000
2020-07-28 07:26:09.096000,8.768,8.76585,1000000,1000000
2020-07-28 07:26:09.247000,8.76767,8.76543,1000000,1000000
2020-07-28 07:26:09.297000,8.76744,8.76543,1000000,1000000
2020-07-28 07:26:09.448000,8.76709,8.76523,1000000,1000000
2020-07-28 07:26:09.650000,8.76689,8.76483,1000000,1000000
2020-07-28 07:26:09.700000,8.76672,8.76503,1000000,1000000
2020-07-28 07:26:09.751000,8.76667,8.76474,1000000,1000000
2020-07-28 07:26:09.852000,8.76637,8.76423,1000000,1000000
2020-07-28 07:26:09.902000,8.76613,8.76443,1000000,1000000
2020-07-28 07:26:10.003000,8.76589,8.76433,1000000,1000000
2020-07-28 07:26:10.206000,8.76589,8.76423,1000000,1000000
2020-07-28 07:26:10.493000,8.76589,8.76413,1000000,1000000
2020-07-28 07:26:10.543000,8.76589,8.76423,1000000,1000000
2020-07-28 07:26:10.808000,8.76574,8.76393,1000000,1000000
2020-07-28 07:26:10.858000,8.76545,8.76393,1000000,1000000
2020-07-28 07:26:10.959000,8.76525,8.76374,1000000,1000000
2020-07-28 07:26:11.110000,8.76525,8.76383,1000000,1000000
2020-07-28 07:26:11.161000,8.76525,8.76353,1000000,1000000
2020-07-28 07:26:11.211000,8.76523,8.76353,1000000,1000000
2020-07-28 07:26:11.262000,8.76523,8.76313,1000000,1000000
2020-07-28 07:26:11.313000,8.765,8.76324,1000000,1000000
2020-07-28 07:26:11.464000,8.7648,8.76324,1000000,1000000
2020-07-28 07:26:11.726000,8.7648,8.76313,1000000,1000000
2020-07-28 07:26:11.827000,8.7648,8.76323,1000000,1000000
2020-07-28 07:26:12.026000,8.7648,8.76343,1000000,1000000
2020-07-28 07:26:12.213000,8.7648,8.76323,1000000,1000000
2020-07-28 07:26:12.482000,8.7648,8.76333,1000000,1000000
2020-07-28 07:26:13.017000,8.7648,8.76343,1000000,1000000
2020-07-28 07:26:13.711000,8.7648,8.76353,1000000,1000000
2020-07-28 07:26:13.925000,8.76491,8.76343,1000000,1000000
2020-07-28 07:26:14.026000,8.76533,8.76343,1000000,1000000
2020-07-28 07:26:14.127000,8.76517,8.76323,1000000,1000000
2020-07-28 07:26:14.228000,8.76509,8.76313,1000000,1000000
2020-07-28 07:26:14.278000,8.76499,8.76313,1000000,1000000
2020-07-28 07:26:14.379000,8.76478,8.76293,1000000,1000000
2020-07-28 07:26:14.480000,8.76478,8.76303,1000000,1000000
2020-07-28 07:26:14.581000,8.76478,8.76313,1000000,1000000
2020-07-28 07:26:14.873000,8.76478,8.76323,1000000,1000000
2020-07-28 07:26:15.074000,8.76461,8.76323,1000000,1000000
2020-07-28 07:26:15.761000,8.76461,8.76333,1000000,1000000
2020-07-28 07:26:16.142000,8.76461,8.76313,1000000,1000000
2020-07-28 07:26:18.604000,8.76459,8.76313,1000000,1000000
2020-07-28 07:26:18.705000,8.76447,8.76303,1000000,1000000
2020-07-28 07:26:18.756000,8.76447,8.76293,1000000,1000000
2020-07-28 07:26:18.806000,8.76447,8.76303,1000000,1000000
2020-07-28 07:26:18.907000,8.76447,8.76283,1000000,1000000
2020-07-28 07:26:19.070000,8.76447,8.76294,1000000,1000000
2020-07-28 07:26:19.172000,8.76447,8.76313,1000000,1000000
2020-07-28 07:26:19.273000,8.76447,8.76323,1000000,1000000
2020-07-28 07:26:19.442000,8.76461,8.76323,1000000,1000000
2020-07-28 07:26:19.493000,8.76461,8.76373,1000000,1000000
2020-07-28 07:26:19.544000,8.76496,8.76373,1000000,1000000
2020-07-28 07:26:19.594000,8.76496,8.76393,1000000,1000000
2020-07-28 07:26:19.645000,8.76514,8.76383,1000000,1000000
2020-07-28 07:26:19.696000,8.76525,8.76393,1000000,1000000
2020-07-28 07:26:19.812000,8.76525,8.76403,1000000,1000000
2020-07-28 07:26:19.863000,8.76537,8.76403,1000000,1000000
2020-07-28 07:26:19.964000,8.76537,8.76373,1000000,1000000
2020-07-28 07:26:20.158000,8.7654,8.76373,1000000,1000000
2020-07-28 07:26:20.660000,8.7654,8.76383,1000000,1000000
2020-07-28 07:26:21.162000,8.76536,8.76383,1000000,1000000
2020-07-28 07:26:23.148000,8.7653,8.76383,1000000,1000000
2020-07-28 07:26:23.593000,8.7653,8.76393,1000000,1000000
2020-07-28 07:26:23.695000,8.7653,8.76403,1000000,1000000
2020-07-28 07:26:24.722000,8.7653,8.76413,1000000,1000000
2020-07-28 07:26:24.823000,8.76547,8.76413,1000000,1000000
2020-07-28 07:26:25.109000,8.76547,8.76403,1000000,1000000
2020-07-28 07:26:26.045000,8.76547,8.76414,1000000,1000000
2020-07-28 07:26:26.095000,8.76547,8.76403,1000000,1000000
2020-07-28 07:26:26.154000,8.76547,8.76413,1000000,1000000
2020-07-28 07:26:26.255000,8.76547,8.76403,1000000,1000000
2020-07-28 07:26:27.114000,8.76547,8.76413,1000000,1000000
2020-07-28 07:26:27.870000,8.76547,8.76403,1000000,1000000
2020-07-28 07:26:29.520000,8.76547,8.76413,1000000,1000000
2020-07-28 07:26:30.087000,8.76547,8.76393,1000000,1000000
2020-07-28 07:26:30.191000,8.76533,8.76393,1000000,1000000
2020-07-28 07:26:30.305000,8.76531,8.76393,1000000,1000000
2020-07-28 07:26:30.356000,8.76534,8.76393,1000000,1000000
2020-07-28 07:26:30.787000,8.76531,8.76393,1000000,1000000
2020-07-28 07:26:30.838000,8.76531,8.76373,1000000,1000000
2020-07-28 07:26:30.941000,8.76529,8.76373,1000000,1000000
2020-07-28 07:26:31.194000,8.76544,8.76373,1000000,1000000
2020-07-28 07:26:31.386000,8.76544,8.76383,1000000,1000000
2020-07-28 07:26:31.487000,8.76544,8.76393,1000000,1000000
2020-07-28 07:26:31.588000,8.76557,8.76393,1000000,1000000
2020-07-28 07:26:31.865000,8.76557,8.76399,1000000,1000000
2020-07-28 07:26:32.070000,8.76557,8.76402,1000000,1000000
2020-07-28 07:26:32.170000,8.76563,8.76403,1000000,1000000
2020-07-28 07:26:32.272000,8.76632,8.76415,1000000,1000000
2020-07-28 07:26:32.322000,8.76632,8.76443,1000000,1000000
2020-07-28 07:26:32.373000,8.76651,8.76443,1000000,1000000
2020-07-28 07:26:32.423000,8.76661,8.76453,1000000,1000000
2020-07-28 07:26:32.524000,8.76676,8.76497,1000000,1000000
2020-07-28 07:26:32.676000,8.76685,8.765,1000000,1000000
2020-07-28 07:26:32.776000,8.76702,8.765,1000000,1000000
2020-07-28 07:26:32.877000,8.76702,8.76536,1000000,1000000
2020-07-28 07:26:33.054000,8.76699,8.76536,1000000,1000000
2020-07-28 07:26:33.104000,8.76676,8.76481,1000000,1000000
2020-07-28 07:26:33.155000,8.76654,8.76481,1000000,1000000
2020-07-28 07:26:33.256000,8.7665,8.76481,1000000,1000000
2020-07-28 07:26:33.307000,8.7665,8.76447,1000000,1000000
2020-07-28 07:26:33.509000,8.7665,8.76448,1000000,1000000
2020-07-28 07:26:33.610000,8.76637,8.76448,1000000,1000000
2020-07-28 07:26:33.711000,8.76635,8.76442,1000000,1000000
2020-07-28 07:26:33.913000,8.76622,8.76454,1000000,1000000
2020-07-28 07:26:34.115000,8.76622,8.76433,1000000,1000000
2020-07-28 07:26:34.166000,8.76622,8.76423,1000000,1000000
2020-07-28 07:26:34.405000,8.76622,8.76413,1000000,1000000
2020-07-28 07:26:34.506000,8.76631,8.76413,1000000,1000000
2020-07-28 07:26:34.556000,8.76631,8.76435,1000000,1000000
2020-07-28 07:26:34.751000,8.76631,8.76446,1000000,1000000
2020-07-28 07:26:34.852000,8.76627,8.76446,1000000,1000000
2020-07-28 07:26:34.953000,8.76627,8.76443,1000000,1000000
2020-07-28 07:26:35.106000,8.7663,8.76443,1000000,1000000
2020-07-28 07:26:35.258000,8.7663,8.76436,1000000,1000000
2020-07-28 07:26:35.308000,8.76628,8.76436,1000000,1000000
2020-07-28 07:26:35.359000,8.76628,8.76429,1000000,1000000
2020-07-28 07:26:35.518000,8.76628,8.76425,1000000,1000000
2020-07-28 07:26:35.721000,8.76628,8.76434,1000000,1000000
2020-07-28 07:26:35.822000,8.76628,8.76443,1000000,1000000
2020-07-28 07:26:36.024000,8.76628,8.76433,1000000,1000000
2020-07-28 07:26:36.125000,8.76635,8.76433,1000000,1000000
2020-07-28 07:26:36.176000,8.76635,8.7644,1000000,1000000
2020-07-28 07:26:36.278000,8.76626,8.7644,1000000,1000000
2020-07-28 07:26:36.328000,8.76626,8.7643,1000000,1000000
2020-07-28 07:26:36.536000,8.76626,8.76427,1000000,1000000
2020-07-28 07:26:36.769000,8.76626,8.76429,1000000,1000000
2020-07-28 07:26:36.970000,8.76626,8.76443,1000000,1000000
2020-07-28 07:26:37.021000,8.76634,8.76443,1000000,1000000
2020-07-28 07:26:37.173000,8.76634,8.7645,1000000,1000000
2020-07-28 07:26:37.330000,8.76635,8.7645,1000000,1000000
2020-07-28 07:26:37.481000,8.76627,8.76428,1000000,1000000
2020-07-28 07:26:37.783000,8.76626,8.76428,1000000,1000000
2020-07-28 07:26:37.884000,8.76626,8.7643,1000000,1000000
2020-07-28 07:26:38.085000,8.76626,8.76431,1000000,1000000
2020-07-28 07:26:38.186000,8.76597,8.76431,1000000,1000000
2020-07-28 07:26:38.287000,8.76597,8.76426,1000000,1000000
2020-07-28 07:26:38.489000,8.76597,8.76424,1000000,1000000
2020-07-28 07:26:39.348000,8.76619,8.76437,1000000,1000000
2020-07-28 07:26:39.719000,8.76619,8.764,1000000,1000000
2020-07-28 07:26:40.425000,8.76619,8.76397,1000000,1000000
2020-07-28 07:26:41.166000,8.76619,8.76403,1000000,1000000
2020-07-28 07:26:41.317000,8.76619,8.76409,1000000,1000000
2020-07-28 07:26:41.367000,8.76619,8.76403,1000000,1500000
2020-07-28 07:26:41.485000,8.76619,8.76411,1000000,1000000
2020-07-28 07:26:41.586000,8.76619,8.76413,1000000,1000000
2020-07-28 07:26:42.172000,8.76606,8.76413,1000000,1000000
2020-07-28 07:26:42.341000,8.76606,8.76423,1000000,1000000
2020-07-28 07:26:42.442000,8.76606,8.76413,1000000,1000000
2020-07-28 07:26:42.664000,8.76606,8.76411,1000000,1000000
2020-07-28 07:26:42.714000,8.76606,8.76433,1000000,1000000
2020-07-28 07:26:42.815000,8.7661,8.76443,1000000,1000000
2020-07-28 07:26:42.995000,8.76614,8.76443,1000000,1000000
2020-07-28 07:26:43.213000,8.76614,8.76433,1000000,1000000
2020-07-28 07:26:43.435000,8.76614,8.76421,1000000,1000000
2020-07-28 07:26:43.535000,8.76617,8.76423,1000000,1000000
2020-07-28 07:26:43.623000,8.76617,8.76433,1000000,1000000
2020-07-28 07:26:43.724000,8.76617,8.76435,1000000,1000000
2020-07-28 07:26:44.056000,8.76611,8.76435,1000000,1000000
2020-07-28 07:26:44.107000,8.76611,8.76423,1000000,1000000
2020-07-28 07:26:44.208000,8.76614,8.7642,1000000,1000000
2020-07-28 07:26:44.425000,8.76611,8.7642,1000000,1000000
2020-07-28 07:26:46.013000,8.76613,8.76454,1000000,1000000
2020-07-28 07:26:46.064000,8.76621,8.76454,1000000,1000000
2020-07-28 07:26:46.165000,8.76591,8.76454,1000000,1000000
2020-07-28 07:26:46.216000,8.76591,8.76433,1000000,1000000
2020-07-28 07:26:46.317000,8.76592,8.76433,1000000,1000000
2020-07-28 07:26:46.418000,8.76592,8.76427,1000000,1000000
2020-07-28 07:26:46.469000,8.76607,8.76427,1000000,1000000
2020-07-28 07:26:46.570000,8.76615,8.76444,1000000,1000000
2020-07-28 07:26:46.955000,8.76615,8.76416,1000000,1000000
2020-07-28 07:26:47.162000,8.76615,8.76438,1000000,1000000
2020-07-28 07:26:47.395000,8.76615,8.76416,1000000,1000000
2020-07-28 07:26:48.009000,8.76615,8.76449,1000000,1000000
2020-07-28 07:26:48.197000,8.76615,8.76441,1000000,1000000
2020-07-28 07:26:48.577000,8.76615,8.76416,1000000,1000000
2020-07-28 07:26:48.778000,8.76615,8.76442,1000000,1000000
2020-07-28 07:26:49.006000,8.76615,8.76416,1000000,1000000
2020-07-28 07:26:49.215000,8.76622,8.76458,1000000,1000000
2020-07-28 07:26:49.417000,8.76622,8.76463,1000000,1000000
2020-07-28 07:26:49.988000,8.76622,8.76464,1000000,1000000
2020-07-28 07:26:50.190000,8.76622,8.76459,1000000,1000000
2020-07-28 07:26:50.341000,8.76636,8.76459,1000000,1000000
2020-07-28 07:26:50.392000,8.76652,8.76459,1000000,1000000
2020-07-28 07:26:50.442000,8.76652,8.76487,1000000,1000000
2020-07-28 07:26:50.828000,8.76652,8.76453,1000000,1000000
2020-07-28 07:26:51.226000,8.76652,8.76483,1000000,1000000
2020-07-28 07:26:51.327000,8.76697,8.76553,1000000,1000000
2020-07-28 07:26:51.429000,8.76748,8.76595,1000000,1000000
2020-07-28 07:26:51.480000,8.76748,8.76604,1000000,1000000
2020-07-28 07:26:51.530000,8.76765,8.76615,1000000,1000000
2020-07-28 07:26:51.631000,8.76738,8.76615,1000000,1000000
2020-07-28 07:26:51.682000,8.76683,8.76555,1000000,1000000
2020-07-28 07:26:51.783000,8.76746,8.76555,1000000,1000000
2020-07-28 07:26:51.884000,8.76767,8.76598,1000000,1000000
2020-07-28 07:26:52.034000,8.76785,8.76598,1000000,1000000
2020-07-28 07:26:52.085000,8.76799,8.76619,1000000,1000000
2020-07-28 07:26:52.186000,8.7673,8.76619,1000000,1000000
2020-07-28 07:26:52.287000,8.76721,8.76534,1000000,1000000
2020-07-28 07:26:52.337000,8.76741,8.76563,1000000,1000000
2020-07-28 07:26:52.388000,8.76743,8.76563,1000000,1000000
2020-07-28 07:26:52.490000,8.76743,8.76553,1000000,1000000
2020-07-28 07:26:52.591000,8.76771,8.76558,1000000,1000000
2020-07-28 07:26:52.691000,8.76785,8.7658,1000000,1000000
2020-07-28 07:26:52.843000,8.76785,8.76589,1000000,1000000
2020-07-28 07:26:52.994000,8.76788,8.76589,1000000,1000000
2020-07-28 07:26:53.094000,8.76788,8.76586,1000000,1000000
2020-07-28 07:26:53.145000,8.76787,8.76578,1000000,1000000
2020-07-28 07:26:53.296000,8.76787,8.76577,1000000,1000000
2020-07-28 07:26:53.347000,8.76771,8.76577,1000000,1000000
2020-07-28 07:26:53.448000,8.76765,8.76577,1000000,1000000
2020-07-28 07:26:53.498000,8.76765,8.76569,1000000,1000000
2020-07-28 07:26:53.800000,8.76765,8.76563,1000000,1000000
2020-07-28 07:26:54.013000,8.76765,8.76549,1000000,1000000
2020-07-28 07:26:54.114000,8.76721,8.7652,1000000,1000000
2020-07-28 07:26:54.265000,8.76721,8.76521,1000000,1000000
2020-07-28 07:26:54.374000,8.76713,8.76521,1000000,1000000
2020-07-28 07:26:54.534000,8.76713,8.7652,1000000,1000000
2020-07-28 07:26:54.635000,8.76693,8.7652,1000000,1000000
2020-07-28 07:26:54.736000,8.7668,8.76512,1000000,1000000
2020-07-28 07:26:54.923000,8.7668,8.76513,1000000,1000000
2020-07-28 07:26:54.973000,8.76688,8.76513,1000000,1000000
2020-07-28 07:26:55.024000,8.76702,8.76513,1000000,1000000
2020-07-28 07:26:55.074000,8.76702,8.76538,1000000,1000000
2020-07-28 07:26:55.276000,8.76702,8.76537,1000000,1000000
2020-07-28 07:26:55.326000,8.76706,8.76537,1000000,1000000
2020-07-28 07:26:55.477000,8.76706,8.76516,1000000,1000000
2020-07-28 07:26:55.679000,8.76706,8.76513,1000000,1000000
2020-07-28 07:26:55.780000,8.76693,8.76503,1000000,1000000
2020-07-28 07:26:55.937000,8.76693,8.76506,1000000,1000000
2020-07-28 07:26:56.090000,8.76693,8.76504,1000000,1000000
2020-07-28 07:26:56.607000,8.76693,8.76513,1000000,1000000
2020-07-28 07:26:56.658000,8.76701,8.76504,1000000,1000000
2020-07-28 07:26:56.759000,8.76677,8.76496,1000000,1000000
2020-07-28 07:26:56.960000,8.76677,8.76487,1000000,1000000
2020-07-28 07:26:57.336000,8.76677,8.76473,1000000,1000000
2020-07-28 07:26:57.387000,8.76652,8.76473,1000000,1000000
2020-07-28 07:26:57.437000,8.76652,8.76457,1000000,1000000
2020-07-28 07:26:57.639000,8.76637,8.76452,1000000,1000000
2020-07-28 07:26:57.790000,8.76635,8.76452,1000000,1000000
2020-07-28 07:26:58.599000,8.76635,8.7646,1000000,1000000
2020-07-28 07:26:58.802000,8.76635,8.76443,1000000,1000000
2020-07-28 07:26:59.070000,8.76635,8.76461,1000000,1000000
2020-07-28 07:26:59.487000,8.76644,8.76461,1000000,1000000
2020-07-28 07:26:59.538000,8.76654,8.76481,1000000,1000000
2020-07-28 07:26:59.708000,8.76654,8.76484,1000000,1000000
2020-07-28 07:26:59.910000,8.7667,8.76484,1000000,1000000
2020-07-28 07:26:59.961000,8.76692,8.76514,1000000,1000000
2020-07-28 07:27:00.112000,8.767,8.76527,1000000,1000000
2020-07-28 07:27:00.213000,8.767,8.76516,1000000,1000000
2020-07-28 07:27:00.264000,8.767,8.76512,1000000,1000000
2020-07-28 07:27:00.726000,8.767,8.76514,1000000,1000000
2020-07-28 07:27:00.961000,8.767,8.76513,1000000,1000000
2020-07-28 07:27:02.794000,8.767,8.76509,1000000,1000000
2020-07-28 07:27:03.357000,8.767,8.76504,1000000,1000000
2020-07-28 07:27:03.408000,8.76677,8.76504,1000000,1000000
2020-07-28 07:27:03.518000,8.76677,8.76491,1000000,1000000
2020-07-28 07:27:03.569000,8.76677,8.76489,1000000,1000000
2020-07-28 07:27:03.751000,8.76677,8.76485,1000000,1000000
2020-07-28 07:27:04.198000,8.76661,8.76485,1000000,1000000
2020-07-28 07:27:04.249000,8.76679,8.76485,1000000,1000000
2020-07-28 07:27:04.299000,8.76684,8.76493,1000000,1000000
2020-07-28 07:27:04.459000,8.76684,8.76504,1000000,1000000
2020-07-28 07:27:04.509000,8.76684,8.76493,1000000,1000000
2020-07-28 07:27:04.784000,8.76701,8.76493,1000000,1000000
2020-07-28 07:27:04.885000,8.76707,8.76496,1000000,1000000
2020-07-28 07:27:08.016000,8.76693,8.76496,1000000,1000000
2020-07-28 07:27:08.176000,8.76679,8.76493,1000000,1000000
2020-07-28 07:27:08.327000,8.76694,8.76496,1000000,1000000
2020-07-28 07:27:08.378000,8.76682,8.7649,1000000,1000000
2020-07-28 07:27:08.835000,8.76667,8.76477,1000000,1000000
2020-07-28 07:27:08.936000,8.76654,8.76466,1000000,1000000
2020-07-28 07:27:09.138000,8.76668,8.76469,1000000,1000000
2020-07-28 07:27:09.289000,8.76668,8.76493,1000000,1000000
2020-07-28 07:27:09.405000,8.76668,8.76503,1000000,1000000
2020-07-28 07:27:09.673000,8.76668,8.76493,1000000,1000000
2020-07-28 07:27:09.774000,8.76669,8.76493,1000000,1000000
2020-07-28 07:27:09.875000,8.76669,8.76483,1000000,1000000
2020-07-28 07:27:09.975000,8.76669,8.76493,1000000,1000000
2020-07-28 07:27:10.253000,8.76669,8.76483,1000000,1000000
2020-07-28 07:27:10.851000,8.76667,8.76483,1000000,1000000
2020-07-28 07:27:13.448000,8.76654,8.76483,1000000,1000000
2020-07-28 07:27:13.757000,8.76654,8.76479,1000000,1000000
2020-07-28 07:27:13.808000,8.76632,8.76479,1000000,1000000
2020-07-28 07:27:13.859000,8.76632,8.76455,1000000,1000000
2020-07-28 07:27:13.909000,8.76624,8.76455,1000000,1000000
2020-07-28 07:27:14.010000,8.76624,8.76463,1000000,1000000
2020-07-28 07:27:14.111000,8.76626,8.76473,1000000,1000000
2020-07-28 07:27:14.162000,8.76626,8.76453,1000000,1000000
2020-07-28 07:27:14.594000,8.76626,8.76463,1000000,1000000
2020-07-28 07:27:15.074000,8.76626,8.76473,1000000,1000000
2020-07-28 07:27:15.308000,8.76639,8.76493,1000000,1000000
2020-07-28 07:27:15.459000,8.76648,8.76503,1000000,1000000
2020-07-28 07:27:15.509000,8.76664,8.76503,1000000,1000000
2020-07-28 07:27:15.565000,8.76664,8.76513,1000000,1000000
2020-07-28 07:27:15.784000,8.76664,8.76533,1000000,1000000
2020-07-28 07:27:15.935000,8.76672,8.76533,1000000,1000000
2020-07-28 07:27:16.086000,8.76672,8.76513,1000000,1000000
2020-07-28 07:27:16.137000,8.76672,8.76523,1000000,1000000
2020-07-28 07:27:16.244000,8.76672,8.76513,1000000,1000000
2020-07-28 07:27:16.927000,8.76672,8.76503,1000000,1000000
2020-07-28 07:27:17.205000,8.76672,8.76513,1000000,1000000
2020-07-28 07:27:18.312000,8.76672,8.76523,1000000,1000000
2020-07-28 07:27:18.363000,8.76672,8.76513,1000000,1000000
2020-07-28 07:27:20.252000,8.76672,8.76523,1000000,1000000
2020-07-28 07:27:21.253000,8.76672,8.76533,1000000,1000000
2020-07-28 07:27:21.538000,8.76667,8.76533,1000000,1000000
2020-07-28 07:27:22.997000,8.76667,8.76534,1000000,1000000
2020-07-28 07:27:23.047000,8.76667,8.76523,1000000,1000000
2020-07-28 07:27:23.401000,8.76667,8.76533,1000000,1000000
2020-07-28 07:27:23.502000,8.76663,8.76533,1000000,1000000
2020-07-28 07:27:23.862000,8.76663,8.76523,1000000,1000000
2020-07-28 07:27:24.176000,8.76663,8.76534,1000000,1000000
2020-07-28 07:27:26.561000,8.76657,8.76534,1000000,1000000
2020-07-28 07:27:28.454000,8.76667,8.76534,1000000,1000000
2020-07-28 07:27:31.566000,8.76667,8.76533,1000000,1000000
2020-07-28 07:27:31.656000,8.76667,8.76523,1000000,1000000
2020-07-28 07:27:31.779000,8.76667,8.76533,1000000,1000000
2020-07-28 07:27:32.820000,8.76667,8.76524,1000000,1000000
2020-07-28 07:27:33.225000,8.76638,8.76503,1000000,1000000
2020-07-28 07:27:33.617000,8.76638,8.76483,1000000,1000000
2020-07-28 07:27:33.667000,8.76638,8.76493,1000000,1000000
2020-07-28 07:27:33.768000,8.76638,8.76503,1000000,1000000
2020-07-28 07:27:33.869000,8.76638,8.76513,1000000,1000000
2020-07-28 07:27:33.970000,8.76638,8.76503,1000000,1000000
2020-07-28 07:27:34.087000,8.76638,8.76493,1000000,1000000
2020-07-28 07:27:34.238000,8.76638,8.76483,1000000,1000000
2020-07-28 07:27:34.317000,8.76623,8.76483,1000000,1000000
2020-07-28 07:27:34.486000,8.76623,8.76463,1000000,1500000
2020-07-28 07:27:35.322000,8.76623,8.76474,1000000,1000000
2020-07-28 07:27:35.633000,8.76623,8.76463,1000000,1000000
2020-07-28 07:27:35.922000,8.76623,8.76473,1000000,1000000
2020-07-28 07:27:36.057000,8.76623,8.76483,1000000,1000000
2020-07-28 07:27:36.964000,8.76623,8.76473,1000000,1000000
2020-07-28 07:27:37.014000,8.76623,8.76483,1000000,1000000
2020-07-28 07:27:37.117000,8.76623,8.76473,1000000,1000000
2020-07-28 07:27:37.218000,8.76623,8.76483,1000000,1000000
2020-07-28 07:27:38.091000,8.76637,8.76523,1000000,1000000
2020-07-28 07:27:38.141000,8.76637,8.76503,1000000,1000000
2020-07-28 07:27:38.192000,8.76644,8.76513,1000000,1000000
2020-07-28 07:27:38.242000,8.76651,8.76513,1000000,1000000
2020-07-28 07:27:38.293000,8.76674,8.76513,1000000,1000000
2020-07-28 07:27:38.394000,8.7672,8.76543,1000000,1000000
2020-07-28 07:27:38.444000,8.76725,8.76553,1000000,1000000
2020-07-28 07:27:38.495000,8.76743,8.76553,1000000,1000000
2020-07-28 07:27:38.972000,8.76743,8.76563,1000000,1000000
2020-07-28 07:27:39.248000,8.76743,8.76573,1000000,1000000
2020-07-28 07:27:39.349000,8.76755,8.76573,1000000,1000000
2020-07-28 07:27:39.399000,8.7674,8.76573,1000000,1000000
2020-07-28 07:27:39.655000,8.7674,8.76584,1000000,1000000
2020-07-28 07:27:39.757000,8.76755,8.76584,1000000,1000000
2020-07-28 07:27:40.357000,8.7678,8.76584,1000000,1000000
2020-07-28 07:27:40.408000,8.76773,8.76584,1000000,1000000
2020-07-28 07:27:40.509000,8.76773,8.76583,1000000,1000000
2020-07-28 07:27:40.630000,8.76773,8.76579,1000000,1000000
2020-07-28 07:27:40.681000,8.76773,8.76574,1000000,1000000
2020-07-28 07:27:40.731000,8.76773,8.76583,1000000,1000000
2020-07-28 07:27:41.764000,8.76659,8.76543,1000000,1000000
2020-07-28 07:27:41.815000,8.76686,8.76543,1000000,1000000
2020-07-28 07:27:41.916000,8.76715,8.76573,1000000,1000000
2020-07-28 07:27:41.966000,8.76717,8.76573,1000000,1000000
2020-07-28 07:27:42.017000,8.7673,8.76573,1000000,1000000
2020-07-28 07:27:42.118000,8.7673,8.76563,1000000,1000000
2020-07-28 07:27:42.330000,8.76754,8.76563,1000000,1000000
2020-07-28 07:27:42.603000,8.76745,8.76573,1000000,1000000
2020-07-28 07:27:42.704000,8.76745,8.76553,1000000,1000000
2020-07-28 07:27:42.755000,8.76738,8.76573,1000000,1000000
2020-07-28 07:27:43.640000,8.76738,8.76563,1000000,1000000
2020-07-28 07:27:43.691000,8.76728,8.76543,1000000,1000000
2020-07-28 07:27:43.741000,8.76714,8.76537,1000000,1000000
2020-07-28 07:27:43.842000,8.76684,8.76537,1000000,1000000
2020-07-28 07:27:43.893000,8.76684,8.76523,1000000,1000000
2020-07-28 07:27:43.994000,8.76687,8.76523,1000000,1000000
2020-07-28 07:27:44.526000,8.76687,8.76503,1000000,1000000
2020-07-28 07:27:45.271000,8.76687,8.76493,1000000,1000000
2020-07-28 07:27:45.386000,8.76691,8.76492,1000000,1000000
2020-07-28 07:27:45.487000,8.76683,8.76492,1000000,1000000
2020-07-28 07:27:45.589000,8.7666,8.76446,1000000,1000000
2020-07-28 07:27:46.071000,8.76641,8.7642,1000000,1000000
2020-07-28 07:27:46.273000,8.76641,8.76417,1000000,1000000
2020-07-28 07:27:46.438000,8.76641,8.76413,1000000,1000000
2020-07-28 07:27:46.640000,8.76641,8.76416,1000000,1000000
2020-07-28 07:27:46.741000,8.76575,8.76416,1000000,1000000
2020-07-28 07:27:46.842000,8.76564,8.76401,1000000,1000000
2020-07-28 07:27:46.893000,8.76593,8.76408,1000000,1000000
2020-07-28 07:27:47.323000,8.76589,8.76407,1000000,1000000
2020-07-28 07:27:47.424000,8.76564,8.76407,1000000,1000000
2020-07-28 07:27:47.525000,8.76583,8.764,1000000,1000000
2020-07-28 07:27:47.947000,8.76567,8.76398,1000000,1000000
2020-07-28 07:27:48.098000,8.76581,8.76401,1000000,1000000
2020-07-28 07:27:49.808000,8.76572,8.76388,1000000,1000000
2020-07-28 07:27:49.969000,8.76572,8.76387,1000000,1000000
2020-07-28 07:27:50.070000,8.76557,8.76385,1000000,1000000
2020-07-28 07:27:50.171000,8.76536,8.76368,1000000,1000000
2020-07-28 07:27:50.447000,8.76536,8.76358,1000000,1000000
2020-07-28 07:27:50.618000,8.76536,8.76354,1000000,1000000
2020-07-28 07:27:50.857000,8.76536,8.76369,1000000,1000000
2020-07-28 07:27:50.958000,8.76505,8.76369,1000000,1000000
2020-07-28 07:27:51.058000,8.76502,8.7635,1000000,1000000
2020-07-28 07:27:51.109000,8.76481,8.7635,1000000,1000000
2020-07-28 07:27:51.380000,8.7648,8.7635,1000000,1000000
2020-07-28 07:27:51.481000,8.76457,8.7635,1000000,1000000
2020-07-28 07:27:51.583000,8.76439,8.76214,1000000,1000000
2020-07-28 07:27:51.634000,8.76424,8.76203,1000000,1000000
2020-07-28 07:27:51.735000,8.76417,8.76195,1000000,1000000
2020-07-28 07:27:51.785000,8.76389,8.76195,1000000,1000000
2020-07-28 07:27:51.886000,8.76323,8.76085,1000000,1000000
2020-07-28 07:27:51.937000,8.76299,8.76085,1000000,1000000
2020-07-28 07:27:52.088000,8.76289,8.76083,1000000,1000000
2020-07-28 07:27:52.189000,8.76275,8.76073,1000000,1000000
2020-07-28 07:27:52.290000,8.76275,8.76083,1000000,1000000
2020-07-28 07:27:52.391000,8.76264,8.76073,1000000,1000000
2020-07-28 07:27:52.441000,8.7625,8.76043,1000000,1000000
2020-07-28 07:27:52.608000,8.76235,8.76033,1000000,1000000
2020-07-28 07:27:52.659000,8.7622,8.76013,1000000,1000000
2020-07-28 07:27:52.709000,8.76201,8.76013,1000000,1000000
2020-07-28 07:27:52.936000,8.76201,8.75993,1000000,1000000
2020-07-28 07:27:53.037000,8.76201,8.76003,1000000,1000000
2020-07-28 07:27:53.317000,8.76187,8.76003,1000000,1000000
2020-07-28 07:27:53.603000,8.76187,8.76013,1000000,1000000
2020-07-28 07:27:53.704000,8.76187,8.76024,1000000,1000000
2020-07-28 07:27:54.906000,8.76187,8.76013,1000000,1000000
2020-07-28 07:27:54.957000,8.76187,8.76023,1000000,1000000
2020-07-28 07:27:55.008000,8.76187,8.76013,1000000,1000000
2020-07-28 07:27:55.111000,8.76197,8.76013,1000000,1000000
2020-07-28 07:27:56.339000,8.76185,8.75993,1000000,1000000
2020-07-28 07:27:56.389000,8.76171,8.75994,1000000,1000000
2020-07-28 07:27:56.440000,8.76171,8.75983,1000000,1000000
2020-07-28 07:27:56.540000,8.76171,8.75965,1000000,1000000
2020-07-28 07:27:56.591000,8.76171,8.75973,1000000,1000000
2020-07-28 07:27:56.805000,8.76171,8.75965,1000000,1000000
2020-07-28 07:27:56.906000,8.76171,8.75973,1000000,1000000
2020-07-28 07:27:57.108000,8.76182,8.75973,1000000,1000000
2020-07-28 07:27:58.225000,8.76182,8.75983,1000000,1000000
2020-07-28 07:27:58.650000,8.76182,8.7597,1000000,1000000
2020-07-28 07:27:58.700000,8.7617,8.75964,1000000,1000000
2020-07-28 07:27:59.344000,8.7617,8.75973,1000000,1000000
2020-07-28 07:27:59.680000,8.7617,8.75964,1000000,1000000
2020-07-28 07:28:00.136000,8.7617,8.75973,1000000,1000000
2020-07-28 07:28:00.338000,8.76189,8.75984,1000000,1000000
2020-07-28 07:28:00.388000,8.76175,8.75973,1000000,1000000
2020-07-28 07:28:00.489000,8.76175,8.75972,1000000,1000000
2020-07-28 07:28:00.590000,8.76175,8.75973,1000000,1000000
2020-07-28 07:28:00.691000,8.76179,8.75983,1000000,1000000
2020-07-28 07:28:01.470000,8.76179,8.7598,1000000,1000000
2020-07-28 07:28:01.772000,8.76166,8.75972,1000000,1000000
2020-07-28 07:28:01.950000,8.76185,8.75989,1000000,1000000
2020-07-28 07:28:02.312000,8.76167,8.75985,1000000,1000000
2020-07-28 07:28:02.363000,8.76163,8.75967,1000000,1000000
2020-07-28 07:28:02.490000,8.76171,8.75973,1000000,1000000
2020-07-28 07:28:02.701000,8.76179,8.75984,1000000,1000000
2020-07-28 07:28:02.752000,8.76186,8.75988,1000000,1000000
2020-07-28 07:28:02.903000,8.76179,8.75984,1000000,1000000
2020-07-28 07:28:03.004000,8.76159,8.75965,1000000,1000000
2020-07-28 07:28:04.577000,8.76156,8.75957,1000000,1000000
2020-07-28 07:28:04.677000,8.7615,8.75951,1000000,1000000
2020-07-28 07:28:04.778000,8.76156,8.7596,1000000,1000000
2020-07-28 07:28:04.829000,8.7615,8.75952,1000000,1000000
2020-07-28 07:28:04.980000,8.76168,8.75964,1000000,1000000
2020-07-28 07:28:06.242000,8.76198,8.75986,1000000,1000000
2020-07-28 07:28:06.343000,8.76223,8.75996,1000000,1000000
2020-07-28 07:28:06.393000,8.76223,8.76047,1000000,1000000
2020-07-28 07:28:06.444000,8.76272,8.76047,1000000,1000000
2020-07-28 07:28:06.545000,8.76268,8.76036,1000000,1000000
2020-07-28 07:28:06.746000,8.76255,8.76029,1000000,1000000
2020-07-28 07:28:07.642000,8.76255,8.76033,1000000,1000000
2020-07-28 07:28:07.865000,8.76255,8.76029,1000000,1000000
2020-07-28 07:28:08.171000,8.76261,8.76034,1000000,1000000
2020-07-28 07:28:08.222000,8.76254,8.76043,1000000,1000000
2020-07-28 07:28:08.477000,8.76254,8.76033,1000000,1000000
2020-07-28 07:28:09.254000,8.76254,8.76043,1000000,1000000
2020-07-28 07:28:09.355000,8.76286,8.76063,1000000,1000000
2020-07-28 07:28:09.455000,8.76286,8.76053,1000000,1000000
2020-07-28 07:28:09.658000,8.76302,8.76063,1000000,1000000
2020-07-28 07:28:09.960000,8.76302,8.76093,1000000,1000000
2020-07-28 07:28:10.061000,8.76302,8.76083,1000000,1000000
2020-07-28 07:28:10.162000,8.76285,8.76083,1000000,1000000
2020-07-28 07:28:10.631000,8.76285,8.76063,1000000,1000000
2020-07-28 07:28:10.681000,8.76285,8.76073,1000000,1000000
2020-07-28 07:28:11.474000,8.76285,8.76063,1000000,1000000
2020-07-28 07:28:11.600000,8.76285,8.76073,1000000,1000000
2020-07-28 07:28:11.853000,8.76287,8.76103,1000000,1000000
2020-07-28 07:28:11.903000,8.76309,8.76093,1000000,1000000
2020-07-28 07:28:11.954000,8.76309,8.76103,1000000,1000000
2020-07-28 07:28:12.004000,8.76309,8.76093,1000000,1000000
2020-07-28 07:28:12.054000,8.76309,8.76103,1000000,1000000
2020-07-28 07:28:12.105000,8.76309,8.76093,1000000,1000000
2020-07-28 07:28:12.206000,8.76303,8.76093,1000000,1000000
2020-07-28 07:28:12.325000,8.76303,8.76103,1000000,1000000
2020-07-28 07:28:12.559000,8.76303,8.76083,1000000,1000000
2020-07-28 07:28:12.610000,8.76288,8.76063,1000000,1000000
2020-07-28 07:28:12.661000,8.76288,8.76073,1000000,1000000
2020-07-28 07:28:13.607000,8.76288,8.76064,1000000,1000000
2020-07-28 07:28:13.809000,8.76288,8.76073,1000000,1000000
2020-07-28 07:28:14.278000,8.7628,8.76064,1000000,1000000
2020-07-28 07:28:14.328000,8.76279,8.76073,1000000,1000000
2020-07-28 07:28:14.379000,8.76279,8.76054,1000000,1000000
2020-07-28 07:28:14.840000,8.76279,8.76073,1000000,1000000
2020-07-28 07:28:15.007000,8.76269,8.76073,1000000,1000000
2020-07-28 07:28:15.159000,8.76269,8.76064,1000000,1000000
2020-07-28 07:28:15.260000,8.76269,8.76073,1000000,1000000
2020-07-28 07:28:15.361000,8.76299,8.76123,1000000,1000000
2020-07-28 07:28:15.471000,8.76308,8.76123,1000000,1000000
2020-07-28 07:28:15.521000,8.76308,8.76133,1000000,1000000
2020-07-28 07:28:15.572000,8.76318,8.76133,1000000,1000000
2020-07-28 07:28:15.623000,8.76333,8.76143,1000000,1000000
2020-07-28 07:28:15.674000,8.76333,8.76133,1000000,1000000
2020-07-28 07:28:15.882000,8.76333,8.76143,1000000,1000000
2020-07-28 07:28:15.998000,8.76317,8.76143,1000000,1000000
2020-07-28 07:28:16.283000,8.76317,8.76153,1000000,1000000
2020-07-28 07:28:16.596000,8.76317,8.76143,1000000,1000000
2020-07-28 07:28:18.167000,8.76317,8.76133,1000000,1000000
2020-07-28 07:28:18.325000,8.76312,8.76133,1000000,1000000
2020-07-28 07:28:18.426000,8.7629,8.76113,1000000,1000000
2020-07-28 07:28:18.725000,8.7629,8.76123,1000000,1000000
2020-07-28 07:28:18.976000,8.76302,8.76133,1000000,1000000
2020-07-28 07:28:19.027000,8.7631,8.76133,1000000,1000000
2020-07-28 07:28:19.279000,8.76321,8.76133,1000000,1000000
2020-07-28 07:28:19.461000,8.76321,8.76123,1000000,1000000
2020-07-28 07:28:19.563000,8.76321,8.76133,1000000,1000000
2020-07-28 07:28:19.664000,8.76317,8.76123,1000000,1000000
2020-07-28 07:28:19.943000,8.76317,8.76133,1000000,1000000
2020-07-28 07:28:20.234000,8.76317,8.76123,1000000,1000000
2020-07-28 07:28:20.537000,8.76317,8.76133,1000000,1000000
2020-07-28 07:28:22.069000,8.76299,8.76133,1000000,1000000
2020-07-28 07:28:22.263000,8.76311,8.76123,1000000,1000000
2020-07-28 07:28:22.364000,8.76326,8.76123,1000000,1000000
2020-07-28 07:28:22.867000,8.76341,8.76123,1000000,1000000
2020-07-28 07:28:23.807000,8.76347,8.76144,1500000,1000000
2020-07-28 07:28:23.958000,8.76349,8.76143,1000000,1000000
2020-07-28 07:28:24.008000,8.76351,8.76151,1000000,1000000
2020-07-28 07:28:24.109000,8.7646,8.76276,1000000,1000000
2020-07-28 07:28:24.160000,8.76495,8.7631,1000000,1000000
2020-07-28 07:28:24.210000,8.76513,8.7634,1000000,1000000
2020-07-28 07:28:24.261000,8.76513,8.7633,1000000,1000000
2020-07-28 07:28:24.413000,8.76554,8.76323,1000000,1000000
2020-07-28 07:28:24.514000,8.76559,8.76309,1000000,1000000
2020-07-28 07:28:24.564000,8.76541,8.76296,1500000,1000000
2020-07-28 07:28:24.665000,8.76542,8.76334,1000000,1000000
2020-07-28 07:28:24.766000,8.76542,8.76412,1000000,1000000
2020-07-28 07:28:24.817000,8.76593,8.76397,1000000,1000000
2020-07-28 07:28:24.917000,8.76558,8.76325,1000000,1000000
2020-07-28 07:28:24.968000,8.76556,8.76324,1000000,1000000
2020-07-28 07:28:25.069000,8.76522,8.76304,1000000,1000000
2020-07-28 07:28:25.170000,8.76522,8.76274,1000000,1000000
2020-07-28 07:28:25.220000,8.76486,8.76274,1000000,1000000
2020-07-28 07:28:25.372000,8.76486,8.76213,1000000,1000000
2020-07-28 07:28:25.422000,8.76455,8.76213,1000000,1000000
2020-07-28 07:28:25.473000,8.76455,8.76203,1000000,1000000
2020-07-28 07:28:25.625000,8.76455,8.76183,1000000,1000000
2020-07-28 07:28:26.215000,8.76455,8.76193,1000000,1000000
2020-07-28 07:28:26.330000,8.76441,8.76223,1000000,1000000
2020-07-28 07:28:26.431000,8.76425,8.76223,1000000,1000000
2020-07-28 07:28:26.632000,8.76425,8.76213,1000000,1000000
2020-07-28 07:28:26.733000,8.76425,8.76173,1000000,1500000
2020-07-28 07:28:27.003000,8.76435,8.76167,1000000,1500000
2020-07-28 07:28:27.549000,8.76435,8.76167,1000000,1000000
2020-07-28 07:28:27.709000,8.76435,8.76174,1000000,1000000
2020-07-28 07:28:27.810000,8.76445,8.76193,1000000,1000000
2020-07-28 07:28:27.975000,8.76427,8.76203,1000000,1000000
2020-07-28 07:28:28.059000,8.76427,8.76193,1000000,1000000
2020-07-28 07:28:28.110000,8.76427,8.76203,1000000,1000000
2020-07-28 07:28:28.211000,8.76435,8.76243,1000000,1000000
2020-07-28 07:28:28.312000,8.76455,8.76213,1000000,1000000
2020-07-28 07:28:29.182000,8.76452,8.76213,1000000,1000000
2020-07-28 07:28:29.283000,8.76432,8.76203,1000000,1000000
2020-07-28 07:28:29.535000,8.76409,8.76193,1000000,1000000
2020-07-28 07:28:29.636000,8.76409,8.76223,1000000,1000000
2020-07-28 07:28:29.687000,8.76409,8.76193,1000000,1000000
2020-07-28 07:28:29.788000,8.76409,8.76223,1000000,1000000
2020-07-28 07:28:29.890000,8.7641,8.76223,1000000,1000000
2020-07-28 07:28:29.991000,8.7642,8.76223,1000000,1000000
2020-07-28 07:28:30.797000,8.7642,8.76233,1000000,1000000
2020-07-28 07:28:30.848000,8.7642,8.76213,1000000,1000000
2020-07-28 07:28:30.948000,8.76433,8.76213,1000000,1000000
2020-07-28 07:28:31.049000,8.76433,8.76203,1000000,1000000
2020-07-28 07:28:31.102000,8.76433,8.76213,1000000,1000000
2020-07-28 07:28:31.585000,8.76433,8.76223,1000000,1000000
2020-07-28 07:28:31.964000,8.76433,8.76213,1000000,1000000
2020-07-28 07:28:32.065000,8.76433,8.76206,1000000,1000000
2020-07-28 07:28:32.717000,8.76433,8.76203,1000000,1000000
2020-07-28 07:28:32.768000,8.76453,8.7622,1000000,1000000
2020-07-28 07:28:33.122000,8.76453,8.76222,1000000,1000000
2020-07-28 07:28:33.297000,8.76453,8.7622,1000000,1000000
2020-07-28 07:28:34.222000,8.76453,8.76223,1000000,1000000
2020-07-28 07:28:34.564000,8.76453,8.7622,1000000,1500000
2020-07-28 07:28:34.824000,8.76453,8.76222,1000000,1000000
2020-07-28 07:28:35.034000,8.76426,8.76203,1000000,1000000
2020-07-28 07:28:35.237000,8.76426,8.76204,1000000,1000000
2020-07-28 07:28:35.947000,8.76433,8.76204,1000000,1000000
2020-07-28 07:28:35.998000,8.76433,8.76207,1000000,1000000
2020-07-28 07:28:36.049000,8.76447,8.76209,1000000,1000000
2020-07-28 07:28:36.200000,8.76447,8.76214,1000000,1000000
2020-07-28 07:28:37.520000,8.76447,8.76212,1000000,1000000
2020-07-28 07:28:37.725000,8.76447,8.76221,1000000,1000000
2020-07-28 07:28:38.399000,8.76447,8.76222,1000000,1000000
2020-07-28 07:28:39.111000,8.76448,8.76222,1000000,1000000
2020-07-28 07:28:39.162000,8.76444,8.76215,1000000,1000000
2020-07-28 07:28:39.363000,8.76444,8.76213,1000000,1000000
2020-07-28 07:28:39.993000,8.76444,8.76223,1000000,1000000
2020-07-28 07:28:40.093000,8.76444,8.76213,1000000,1000000
2020-07-28 07:28:41.892000,8.76444,8.76207,1000000,1000000
2020-07-28 07:28:42.014000,8.76444,8.76211,1000000,1000000
2020-07-28 07:28:43.102000,8.76444,8.76213,1000000,1000000
2020-07-28 07:28:43.255000,8.76444,8.76212,1000000,1000000
2020-07-28 07:28:43.577000,8.76443,8.76208,1000000,1000000
2020-07-28 07:28:44.788000,8.76443,8.76224,1000000,1000000
2020-07-28 07:28:44.939000,8.76447,8.76233,1000000,1000000
2020-07-28 07:28:45.055000,8.76467,8.7624,1000000,1000000
2020-07-28 07:28:45.206000,8.76477,8.7625,1000000,1000000
2020-07-28 07:28:45.307000,8.76495,8.76259,1000000,1000000
2020-07-28 07:28:45.577000,8.76483,8.76257,1000000,1000000
2020-07-28 07:28:45.678000,8.76455,8.76257,1000000,1000000
2020-07-28 07:28:45.729000,8.76453,8.76228,1000000,1000000
2020-07-28 07:28:45.931000,8.76441,8.76227,1000000,1000000
2020-07-28 07:28:46.040000,8.76436,8.76227,1000000,1000000
2020-07-28 07:28:46.091000,8.76444,8.76227,1000000,1000000
2020-07-28 07:28:46.192000,8.76444,8.76228,1000000,1000000
2020-07-28 07:28:46.242000,8.76444,8.76243,1000000,1000000
2020-07-28 07:28:46.343000,8.76431,8.76243,1000000,1000000
2020-07-28 07:28:46.444000,8.76431,8.76233,1000000,1000000
2020-07-28 07:28:46.545000,8.76431,8.76223,1000000,1000000
2020-07-28 07:28:46.646000,8.76444,8.76227,1000000,1000000
2020-07-28 07:28:46.942000,8.76432,8.76223,1000000,1500000
2020-07-28 07:28:47.086000,8.7644,8.76223,1000000,2250000
2020-07-28 07:28:48.493000,8.76433,8.76223,1000000,1000000
2020-07-28 07:28:48.986000,8.76435,8.76226,1000000,1000000
2020-07-28 07:28:49.137000,8.76435,8.76238,1000000,1000000
2020-07-28 07:28:51.112000,8.76443,8.76238,1000000,1000000
2020-07-28 07:28:51.425000,8.76458,8.76253,1000000,1500000
2020-07-28 07:28:51.627000,8.76469,8.76266,1000000,1000000
2020-07-28 07:28:51.677000,8.76476,8.76263,1000000,1000000
2020-07-28 07:28:51.930000,8.76454,8.76261,1000000,1000000
2020-07-28 07:28:52.030000,8.76465,8.76248,1000000,1000000
2020-07-28 07:28:53.320000,8.76454,8.76247,1000000,1000000
2020-07-28 07:28:53.421000,8.76445,8.76238,1000000,1000000
2020-07-28 07:28:53.565000,8.76445,8.7623,1000000,1000000
2020-07-28 07:28:54.487000,8.76431,8.7622,1000000,1000000
2020-07-28 07:28:55.480000,8.7643,8.7622,1000000,1000000
2020-07-28 07:28:55.708000,8.76421,8.7622,1000000,1000000
2020-07-28 07:28:55.759000,8.76421,8.76218,1000000,1000000
2020-07-28 07:28:56.146000,8.76423,8.76219,1000000,1000000
2020-07-28 07:28:56.677000,8.76434,8.76235,1000000,1000000
2020-07-28 07:28:57.131000,8.76434,8.7624,1000000,1000000
2020-07-28 07:28:57.181000,8.76446,8.7624,1000000,1000000
2020-07-28 07:28:57.309000,8.76457,8.76246,1000000,1000000
2020-07-28 07:28:57.460000,8.7646,8.76255,1000000,1000000
2020-07-28 07:28:57.612000,8.76446,8.7624,1000000,1000000
2020-07-28 07:28:57.814000,8.76418,8.76217,1000000,1000000
2020-07-28 07:28:57.969000,8.7641,8.76209,1000000,1000000
2020-07-28 07:28:59.059000,8.7641,8.76223,1000000,1000000
2020-07-28 07:28:59.355000,8.7641,8.76243,1000000,1000000
2020-07-28 07:28:59.456000,8.76419,8.76263,1000000,1000000
2020-07-28 07:28:59.557000,8.76419,8.76253,1000000,1000000
2020-07-28 07:29:00.048000,8.7643,8.76253,1000000,1000000
2020-07-28 07:29:00.149000,8.76443,8.76253,1000000,1000000
2020-07-28 07:29:00.300000,8.76443,8.76263,1000000,1000000
2020-07-28 07:29:00.451000,8.76443,8.76273,1000000,1000000
2020-07-28 07:29:00.757000,8.76443,8.76264,1000000,1000000
2020-07-28 07:29:01.361000,8.76443,8.76263,1000000,1000000
2020-07-28 07:29:02.187000,8.76457,8.76263,1000000,1000000
2020-07-28 07:29:02.238000,8.76457,8.76273,1000000,1000000
2020-07-28 07:29:02.339000,8.76457,8.76283,1000000,1000000
2020-07-28 07:29:02.441000,8.76457,8.76274,1000000,1000000
2020-07-28 07:29:02.491000,8.76457,8.76283,1000000,1000000
2020-07-28 07:29:02.572000,8.76457,8.76273,1000000,1000000
2020-07-28 07:29:03.208000,8.76457,8.76284,1000000,1000000
2020-07-28 07:29:03.483000,8.76457,8.76273,1000000,1000000
2020-07-28 07:29:03.706000,8.76457,8.76283,1000000,1000000
2020-07-28 07:29:03.931000,8.76464,8.76303,1000000,1000000
2020-07-28 07:29:03.982000,8.76486,8.76303,1000000,1000000
2020-07-28 07:29:04.493000,8.76486,8.76293,1000000,1000000
2020-07-28 07:29:04.544000,8.76486,8.76303,1000000,1000000
2020-07-28 07:29:05.103000,8.76486,8.76293,1000000,1000000
2020-07-28 07:29:05.154000,8.76478,8.76293,1000000,1000000
2020-07-28 07:29:05.305000,8.76478,8.76303,1000000,1000000
2020-07-28 07:29:05.355000,8.76496,8.76303,1000000,1000000
2020-07-28 07:29:05.507000,8.76496,8.76313,1000000,1000000
2020-07-28 07:29:05.660000,8.76496,8.76323,1000000,1000000
2020-07-28 07:29:05.711000,8.76496,8.76314,1000000,1000000
2020-07-28 07:29:05.782000,8.76496,8.76323,1000000,1000000
2020-07-28 07:29:05.883000,8.76496,8.76333,1000000,1000000
2020-07-28 07:29:05.984000,8.76496,8.76344,1000000,1000000
2020-07-28 07:29:06.035000,8.76496,8.76313,1000000,1000000
2020-07-28 07:29:06.086000,8.76504,8.76293,1000000,1000000
2020-07-28 07:29:06.137000,8.76504,8.76323,1000000,1000000
2020-07-28 07:29:06.187000,8.76531,8.76333,1000000,1000000
2020-07-28 07:29:06.289000,8.76598,8.76354,1000000,1000000
2020-07-28 07:29:06.390000,8.76624,8.7637,1000000,1000000
2020-07-28 07:29:07.285000,8.76624,8.76373,1000000,1000000
2020-07-28 07:29:07.517000,8.76624,8.76383,1000000,1000000
2020-07-28 07:29:07.568000,8.76624,8.76373,1000000,1000000
2020-07-28 07:29:07.619000,8.76624,8.7637,1000000,1000000
2020-07-28 07:29:07.669000,8.76624,8.76383,1000000,1000000
2020-07-28 07:29:07.814000,8.76624,8.76434,1000000,1000000
2020-07-28 07:29:07.914000,8.76624,8.76423,1000000,1000000
2020-07-28 07:29:08.015000,8.76624,8.76433,1000000,1000000
2020-07-28 07:29:08.072000,8.76624,8.76423,1000000,1000000
2020-07-28 07:29:08.173000,8.76624,8.76433,1000000,1000000
2020-07-28 07:29:08.346000,8.76616,8.76433,1000000,1000000
2020-07-28 07:29:08.397000,8.76624,8.76433,1000000,1000000
2020-07-28 07:29:08.497000,8.76681,8.76463,1000000,1000000
2020-07-28 07:29:08.548000,8.76663,8.76463,1000000,1000000
2020-07-28 07:29:08.649000,8.76703,8.7647,1000000,1000000
2020-07-28 07:29:08.699000,8.76731,8.76512,1000000,1000000
2020-07-28 07:29:08.800000,8.76745,8.766,1000000,1000000
2020-07-28 07:29:08.851000,8.76809,8.766,1000000,1000000
2020-07-28 07:29:08.952000,8.76848,8.76654,1000000,1000000
2020-07-28 07:29:09.053000,8.7692,8.7674,1500000,1000000
2020-07-28 07:29:09.103000,8.76866,8.76658,1000000,1000000
2020-07-28 07:29:09.154000,8.76827,8.76658,1000000,1000000
2020-07-28 07:29:09.255000,8.76801,8.76573,1000000,1000000
2020-07-28 07:29:09.305000,8.76778,8.76573,1000000,1000000
2020-07-28 07:29:09.406000,8.76718,8.76544,1000000,1000000
2020-07-28 07:29:09.507000,8.76741,8.76544,1000000,1000000
2020-07-28 07:29:09.558000,8.76741,8.76553,1000000,1000000
2020-07-28 07:29:09.658000,8.76741,8.76494,1000000,1000000
2020-07-28 07:29:09.709000,8.76741,8.76503,1000000,1000000
2020-07-28 07:29:09.810000,8.76686,8.76483,1000000,1000000
2020-07-28 07:29:09.911000,8.76721,8.76503,1000000,1000000
2020-07-28 07:29:10.012000,8.76758,8.76527,1000000,1000000
2020-07-28 07:29:10.113000,8.76746,8.76513,1000000,1000000
2020-07-28 07:29:10.214000,8.76746,8.76503,1000000,1000000
2020-07-28 07:29:10.549000,8.76746,8.76513,1000000,1000000
2020-07-28 07:29:10.600000,8.76746,8.76503,1000000,1000000
2020-07-28 07:29:10.751000,8.76746,8.76483,1000000,1000000
2020-07-28 07:29:10.851000,8.76734,8.76483,1000000,1000000
2020-07-28 07:29:11.003000,8.76693,8.76483,1000000,1000000
2020-07-28 07:29:11.241000,8.76693,8.76474,1000000,1000000
2020-07-28 07:29:12.701000,8.76693,8.76483,1000000,1000000
2020-07-28 07:29:12.789000,8.76693,8.76473,1000000,1000000
2020-07-28 07:29:12.890000,8.76693,8.76483,1000000,1000000
2020-07-28 07:29:12.991000,8.76693,8.76463,1000000,1000000
2020-07-28 07:29:13.042000,8.76679,8.76453,1000000,1000000
2020-07-28 07:29:13.143000,8.76679,8.76443,1000000,1000000
2020-07-28 07:29:13.193000,8.76659,8.76453,1000000,1000000
2020-07-28 07:29:13.244000,8.76659,8.76443,1000000,1000000
2020-07-28 07:29:13.294000,8.76659,8.76453,1000000,1000000
2020-07-28 07:29:13.345000,8.76659,8.76443,1000000,1000000
2020-07-28 07:29:13.446000,8.7666,8.76433,1000000,1000000
2020-07-28 07:29:13.547000,8.76661,8.76433,1000000,1000000
2020-07-28 07:29:13.709000,8.76654,8.76433,1000000,1000000
2020-07-28 07:29:13.812000,8.76654,8.76444,1000000,1000000
2020-07-28 07:29:13.913000,8.76654,8.76433,1000000,1000000
2020-07-28 07:29:13.963000,8.76654,8.76443,1000000,1000000
2020-07-28 07:29:14.014000,8.76665,8.76443,1000000,1000000
2020-07-28 07:29:14.241000,8.76665,8.76453,1000000,1000000
2020-07-28 07:29:14.368000,8.76656,8.76463,1000000,1000000
2020-07-28 07:29:14.758000,8.76656,8.76453,1000000,1000000
2020-07-28 07:29:14.867000,8.76656,8.76443,1000000,1000000
2020-07-28 07:29:15.092000,8.76627,8.76373,1000000,1000000
2020-07-28 07:29:15.143000,8.76587,8.76373,1000000,1000000
2020-07-28 07:29:15.243000,8.76528,8.76283,1000000,1000000
2020-07-28 07:29:15.294000,8.76513,8.76293,1000000,1000000
2020-07-28 07:29:15.420000,8.76529,8.76293,1000000,1000000
2020-07-28 07:29:15.520000,8.76529,8.76279,1000000,1000000
2020-07-28 07:29:15.574000,8.76529,8.76283,1000000,1000000
2020-07-28 07:29:15.743000,8.76525,8.76283,1000000,1000000
2020-07-28 07:29:15.794000,8.76505,8.76213,1000000,1500000
2020-07-28 07:29:15.844000,8.76451,8.76213,1000000,1500000
2020-07-28 07:29:15.945000,8.76425,8.76207,1000000,1000000
2020-07-28 07:29:16.046000,8.76412,8.76194,1000000,1000000
2020-07-28 07:29:16.164000,8.76412,8.76183,1000000,1500000
2020-07-28 07:29:16.265000,8.76412,8.76163,1000000,1500000
2020-07-28 07:29:16.882000,8.76419,8.76163,1000000,1500000
2020-07-28 07:29:17.825000,8.76417,8.76163,1000000,1500000
2020-07-28 07:29:18.092000,8.76435,8.76163,1000000,1500000
2020-07-28 07:29:18.143000,8.76435,8.76304,1000000,1000000
2020-07-28 07:29:18.193000,8.76496,8.76304,1000000,1000000
2020-07-28 07:29:18.244000,8.76508,8.76323,1000000,1000000
2020-07-28 07:29:18.345000,8.76516,8.76323,1000000,1000000
2020-07-28 07:29:18.446000,8.76516,8.76333,1000000,1000000
2020-07-28 07:29:18.546000,8.76516,8.76343,1000000,1000000
2020-07-28 07:29:18.775000,8.76516,8.76353,1000000,1000000
2020-07-28 07:29:18.826000,8.76516,8.76333,1000000,1000000
2020-07-28 07:29:19.853000,8.76518,8.76333,1000000,1000000
2020-07-28 07:29:19.904000,8.7652,8.76333,1000000,1000000
2020-07-28 07:29:20.249000,8.7652,8.76313,1000000,1000000
2020-07-28 07:29:20.710000,8.7652,8.76303,1000000,1000000
2020-07-28 07:29:20.861000,8.7652,8.76323,1000000,1000000
2020-07-28 07:29:20.911000,8.7652,8.76303,1000000,1000000
2020-07-28 07:29:21.337000,8.7652,8.76323,1000000,1000000
2020-07-28 07:29:21.463000,8.7652,8.76333,1000000,1000000
2020-07-28 07:29:21.564000,8.7652,8.76354,1000000,1000000
2020-07-28 07:29:21.615000,8.76532,8.76353,1000000,1000000
2020-07-28 07:29:21.817000,8.76532,8.76363,1000000,1000000
2020-07-28 07:29:21.867000,8.76532,8.76353,1000000,1000000
2020-07-28 07:29:22.078000,8.76532,8.76363,1000000,1000000
2020-07-28 07:29:22.641000,8.76532,8.76373,1000000,1000000
2020-07-28 07:29:22.742000,8.7656,8.76373,1000000,1000000
2020-07-28 07:29:22.792000,8.7656,8.76384,1000000,1000000
2020-07-28 07:29:22.893000,8.7656,8.76393,1000000,1000000
2020-07-28 07:29:22.944000,8.7656,8.76383,1000000,1000000
2020-07-28 07:29:23.100000,8.76569,8.76393,1000000,1000000
2020-07-28 07:29:23.151000,8.76569,8.76383,1000000,1000000
2020-07-28 07:29:23.890000,8.76569,8.76373,1000000,1000000
2020-07-28 07:29:23.991000,8.76569,8.76363,1000000,1000000
2020-07-28 07:29:24.132000,8.76569,8.76373,1000000,1000000
2020-07-28 07:29:24.244000,8.76569,8.76363,1000000,1000000
2020-07-28 07:29:24.538000,8.76569,8.76383,1000000,1000000
2020-07-28 07:29:26.457000,8.76569,8.76393,1000000,1000000
2020-07-28 07:29:26.558000,8.76577,8.76393,1000000,1000000
2020-07-28 07:29:26.710000,8.76577,8.76383,1000000,1000000
2020-07-28 07:29:26.760000,8.76563,8.76373,1000000,1000000
2020-07-28 07:29:26.861000,8.76563,8.76393,1000000,1000000
2020-07-28 07:29:27.167000,8.76563,8.76383,1000000,1000000
2020-07-28 07:29:27.225000,8.76563,8.76373,1000000,1000000
2020-07-28 07:29:27.276000,8.76563,8.76383,1000000,1000000
2020-07-28 07:29:28.580000,8.76563,8.76373,1000000,1000000
2020-07-28 07:29:28.631000,8.76563,8.76363,1000000,1000000
2020-07-28 07:29:28.682000,8.76563,8.76373,1000000,1000000
2020-07-28 07:29:29.098000,8.76563,8.76383,1000000,1000000
2020-07-28 07:29:29.199000,8.76574,8.76383,1000000,1000000
2020-07-28 07:29:29.300000,8.76574,8.76393,1000000,1000000
2020-07-28 07:29:29.401000,8.76574,8.76373,1000000,1000000
2020-07-28 07:29:30.068000,8.76574,8.76363,1000000,1000000
2020-07-28 07:29:30.168000,8.76574,8.76353,1000000,1000000
2020-07-28 07:29:30.219000,8.76574,8.76343,1000000,1000000
2020-07-28 07:29:30.370000,8.76574,8.76353,1000000,1000000
2020-07-28 07:29:30.429000,8.76574,8.76343,1000000,1000000
2020-07-28 07:29:30.480000,8.76574,8.76333,1000000,1000000
2020-07-28 07:29:30.580000,8.76576,8.76333,1000000,1000000
2020-07-28 07:29:30.849000,8.76576,8.76323,1000000,1000000
2020-07-28 07:29:31.118000,8.76576,8.76313,1000000,1000000
2020-07-28 07:29:31.174000,8.76576,8.76323,1000000,1000000
2020-07-28 07:29:32.068000,8.76576,8.76333,1000000,1000000
2020-07-28 07:29:32.119000,8.76576,8.76323,1000000,1000000
2020-07-28 07:29:32.241000,8.76576,8.76313,1000000,1000000
2020-07-28 07:29:32.342000,8.76563,8.76313,1000000,1000000
2020-07-28 07:29:32.442000,8.76563,8.76293,1000000,1000000
2020-07-28 07:29:32.493000,8.76563,8.76303,1000000,1000000
2020-07-28 07:29:32.794000,8.76563,8.76313,1000000,1000000
2020-07-28 07:29:32.845000,8.76563,8.76303,1000000,1000000
2020-07-28 07:29:32.946000,8.76563,8.76313,1000000,1000000
2020-07-28 07:29:33.457000,8.76563,8.76304,1000000,1000000
2020-07-28 07:29:33.558000,8.76563,8.76293,1000000,1000000
2020-07-28 07:29:33.879000,8.76563,8.76303,1000000,1000000
2020-07-28 07:29:34.442000,8.76563,8.76313,1000000,1000000
2020-07-28 07:29:35.090000,8.76563,8.76324,1000000,1000000
2020-07-28 07:29:35.775000,8.76563,8.76313,1000000,1000000
2020-07-28 07:29:35.958000,8.76563,8.76304,1000000,1000000
2020-07-28 07:29:36.261000,8.76563,8.76293,1000000,1000000
2020-07-28 07:29:36.415000,8.76563,8.76304,1000000,1000000
2020-07-28 07:29:36.516000,8.7654,8.76273,1000000,1000000
2020-07-28 07:29:36.617000,8.7654,8.76264,1000000,1000000
2020-07-28 07:29:36.667000,8.7654,8.76274,1000000,1000000
2020-07-28 07:29:36.768000,8.7654,8.76283,1000000,1000000
2020-07-28 07:29:36.869000,8.76535,8.76293,1000000,1000000
2020-07-28 07:29:37.021000,8.76535,8.76283,1000000,1000000
2020-07-28 07:29:37.596000,8.76535,8.76273,1000000,1000000
2020-07-28 07:29:37.646000,8.76525,8.76273,1000000,1000000
2020-07-28 07:29:38.136000,8.76525,8.76253,1000000,1000000
2020-07-28 07:29:38.187000,8.76525,8.76263,1000000,1000000
2020-07-28 07:29:38.288000,8.76525,8.76253,1000000,1000000
2020-07-28 07:29:38.389000,8.76525,8.76273,1000000,1000000
2020-07-28 07:29:38.439000,8.76525,8.76263,1000000,1000000
2020-07-28 07:29:38.505000,8.76525,8.76273,1000000,1000000
2020-07-28 07:29:38.690000,8.76525,8.76263,1000000,1000000
2020-07-28 07:29:39.331000,8.76525,8.76273,1000000,1000000
2020-07-28 07:29:39.612000,8.76525,8.76283,1000000,1000000
2020-07-28 07:29:39.663000,8.76525,8.76263,1000000,1000000
2020-07-28 07:29:39.823000,8.76525,8.76273,1000000,1000000
2020-07-28 07:29:40.178000,8.76525,8.76263,1000000,1000000
2020-07-28 07:29:40.279000,8.76507,8.76263,1000000,1000000
2020-07-28 07:29:40.380000,8.76475,8.76243,1000000,1000000
2020-07-28 07:29:40.430000,8.76475,8.76223,1000000,1000000
2020-07-28 07:29:41.441000,8.76475,8.76213,1000000,1000000
2020-07-28 07:29:41.782000,8.76475,8.76145,1000000,1000000
2020-07-28 07:29:42.125000,8.76455,8.76213,1000000,1000000
2020-07-28 07:29:42.296000,8.7643,8.76223,1000000,1000000
2020-07-28 07:29:42.434000,8.7643,8.76233,1000000,1000000
2020-07-28 07:29:42.535000,8.7643,8.76243,1000000,1000000
2020-07-28 07:29:42.636000,8.7643,8.76254,1000000,1000000
2020-07-28 07:29:42.784000,8.7643,8.76243,1000000,1000000
2020-07-28 07:29:42.835000,8.7643,8.76223,1000000,1000000
2020-07-28 07:29:42.986000,8.7643,8.76233,1000000,1000000
2020-07-28 07:29:43.037000,8.7643,8.76223,1000000,1000000
2020-07-28 07:29:43.087000,8.7643,8.76243,1000000,1000000
2020-07-28 07:29:44.012000,8.7643,8.76233,1000000,1000000
2020-07-28 07:29:45.107000,8.7643,8.76243,1000000,1000000
2020-07-28 07:29:45.215000,8.76445,8.76263,1000000,1000000
2020-07-28 07:29:45.266000,8.76461,8.76243,1000000,1000000
2020-07-28 07:29:45.609000,8.76461,8.76253,1000000,1000000
2020-07-28 07:29:45.926000,8.76461,8.76273,1000000,1000000
2020-07-28 07:29:45.977000,8.76488,8.76273,1000000,1000000
2020-07-28 07:29:46.262000,8.76488,8.76253,1000000,1000000
2020-07-28 07:29:46.387000,8.76488,8.76243,1000000,1000000
2020-07-28 07:29:46.494000,8.76488,8.76234,1000000,1000000
2020-07-28 07:29:46.646000,8.76488,8.76233,1000000,1000000
2020-07-28 07:29:46.746000,8.76502,8.76237,1000000,1000000
2020-07-28 07:29:46.797000,8.76536,8.76293,1000000,1000000
2020-07-28 07:29:46.900000,8.76572,8.76303,1000000,1000000
2020-07-28 07:29:46.951000,8.76549,8.76283,1000000,1000000
2020-07-28 07:29:47.052000,8.76551,8.76317,1000000,1000000
2020-07-28 07:29:47.153000,8.76609,8.76404,1000000,1000000
2020-07-28 07:29:47.203000,8.76589,8.76327,1000000,1000000
2020-07-28 07:29:47.254000,8.76581,8.76291,1000000,1000000
2020-07-28 07:29:47.366000,8.7658,8.76277,1000000,1000000
2020-07-28 07:29:47.537000,8.76545,8.76263,1000000,1000000
2020-07-28 07:29:47.737000,8.76545,8.76273,1000000,1000000
2020-07-28 07:29:48.157000,8.76537,8.76295,1000000,1000000
2020-07-28 07:29:48.308000,8.76495,8.76273,1000000,1000000
2020-07-28 07:29:48.495000,8.76512,8.76273,1000000,1000000
2020-07-28 07:29:49.018000,8.76498,8.76273,1000000,1000000
2020-07-28 07:29:49.221000,8.76514,8.76273,1000000,1000000
2020-07-28 07:29:49.322000,8.76514,8.76293,1000000,1000000
2020-07-28 07:29:49.372000,8.7653,8.76273,1000000,1000000
2020-07-28 07:29:49.494000,8.76521,8.76273,1000000,1000000
2020-07-28 07:29:49.796000,8.76521,8.76243,1000000,1000000
2020-07-28 07:29:49.847000,8.76521,8.76223,1000000,1500000
2020-07-28 07:29:49.948000,8.76502,8.76328,1000000,1000000
2020-07-28 07:29:50.049000,8.76542,8.76304,1000000,1000000
2020-07-28 07:29:50.099000,8.76538,8.76332,1000000,1000000
2020-07-28 07:29:50.200000,8.76534,8.76358,1000000,1000000
2020-07-28 07:29:50.250000,8.76565,8.76367,1000000,1000000
2020-07-28 07:29:50.301000,8.76565,8.7637,1000000,1000000
2020-07-28 07:29:50.408000,8.76565,8.76373,1000000,1000000
2020-07-28 07:29:50.769000,8.76595,8.76373,1000000,1000000
2020-07-28 07:29:51.281000,8.76618,8.76373,1000000,1500000
2020-07-28 07:29:52.400000,8.76609,8.76373,1000000,1500000
2020-07-28 07:29:52.866000,8.76609,8.76393,1000000,1000000
2020-07-28 07:29:52.916000,8.76621,8.76393,1000000,1000000
2020-07-28 07:29:53.067000,8.76621,8.76403,1000000,1000000
2020-07-28 07:29:53.168000,8.76621,8.76413,1000000,1000000
2020-07-28 07:29:53.218000,8.76621,8.76403,1000000,1000000
2020-07-28 07:29:53.426000,8.76621,8.76393,1000000,1000000
2020-07-28 07:29:53.856000,8.76621,8.76413,1000000,1000000
2020-07-28 07:29:53.956000,8.76645,8.76424,1000000,1000000
2020-07-28 07:29:54.057000,8.76645,8.76423,1000000,1000000
2020-07-28 07:29:54.341000,8.76645,8.76413,1000000,1000000
2020-07-28 07:29:54.523000,8.76645,8.76424,1000000,1000000
2020-07-28 07:29:54.763000,8.76645,8.76414,1000000,1000000
2020-07-28 07:29:55.123000,8.76672,8.76414,1000000,1000000
2020-07-28 07:29:55.224000,8.76675,8.76373,1000000,1000000
2020-07-28 07:29:55.325000,8.76677,8.76373,1000000,1000000
2020-07-28 07:29:58.818000,8.76847,8.76373,1000000,1000000
2020-07-28 07:29:58.918000,8.76893,8.76373,1000000,1000000
2020-07-28 07:29:59.170000,8.76905,8.76373,1000000,1000000
2020-07-28 07:30:01.234000,8.76905,8.76387,1000000,1000000
2020-07-28 07:30:01.538000,8.76914,8.76387,1000000,1000000
2020-07-28 07:30:01.589000,8.76964,8.76388,1000000,1000000
2020-07-28 07:30:01.690000,8.77002,8.76398,1000000,1000000
2020-07-28 07:30:01.791000,8.77045,8.76398,1000000,1000000
2020-07-28 07:30:01.892000,8.77096,8.76398,1000000,1000000
2020-07-28 07:30:01.992000,8.77139,8.76398,1000000,1000000
2020-07-28 07:30:02.043000,8.77139,8.76398,1000000,1250000
2020-07-28 07:30:02.144000,8.77168,8.76398,1000000,1250000
2020-07-28 07:30:04.662000,8.76717,8.76393,1000000,1250000
2020-07-28 07:30:04.763000,8.7671,8.76369,1000000,1750000
2020-07-28 07:30:04.864000,8.76684,8.76369,1000000,1750000
2020-07-28 07:30:04.965000,8.76662,8.76369,1000000,1750000
2020-07-28 07:30:05.116000,8.76672,8.76373,1000000,1250000
2020-07-28 07:30:05.166000,8.76664,8.76374,1000000,1250000
2020-07-28 07:30:05.267000,8.76644,8.76374,1000000,1250000
2020-07-28 07:30:05.418000,8.76644,8.76374,1000000,1000000
2020-07-28 07:30:05.569000,8.76642,8.76374,1000000,1000000
2020-07-28 07:30:05.788000,8.76664,8.76374,1000000,1000000
2020-07-28 07:30:05.899000,8.76664,8.76373,1000000,1000000
2020-07-28 07:30:06.055000,8.76685,8.76373,1000000,1000000
2020-07-28 07:30:06.106000,8.76661,8.76373,1000000,1000000
2020-07-28 07:30:06.366000,8.76661,8.76348,1000000,1000000
2020-07-28 07:30:06.417000,8.76661,8.76373,1000000,1000000
2020-07-28 07:30:06.568000,8.76638,8.76373,1000000,1000000
2020-07-28 07:30:06.669000,8.7664,8.76373,1000000,1000000
2020-07-28 07:30:06.719000,8.7665,8.76423,1000000,1000000
2020-07-28 07:30:06.770000,8.7665,8.76403,1000000,1000000
2020-07-28 07:30:06.820000,8.7665,8.76413,1000000,1000000
2020-07-28 07:30:06.871000,8.76669,8.76404,1000000,1000000
2020-07-28 07:30:06.921000,8.76669,8.76413,1000000,1000000
2020-07-28 07:30:07.022000,8.76648,8.76393,1000000,1000000
2020-07-28 07:30:07.072000,8.76652,8.76393,1000000,1000000
2020-07-28 07:30:07.173000,8.76669,8.76393,1000000,1000000
2020-07-28 07:30:07.278000,8.76637,8.76393,1000000,1000000
2020-07-28 07:30:07.329000,8.76898,8.76453,1000000,1000000
2020-07-28 07:30:07.379000,8.76898,8.76484,1000000,1000000
2020-07-28 07:30:07.480000,8.76898,8.76483,1000000,1000000
2020-07-28 07:30:07.581000,8.76928,8.76493,1000000,1000000
2020-07-28 07:30:07.682000,8.76922,8.76433,1000000,1000000
2020-07-28 07:30:07.783000,8.76934,8.76433,1000000,1000000
2020-07-28 07:30:07.884000,8.76934,8.76423,1000000,1000000
2020-07-28 07:30:07.984000,8.76934,8.76433,1000000,1000000
2020-07-28 07:30:08.085000,8.76891,8.76433,1000000,1000000
2020-07-28 07:30:08.186000,8.76891,8.76423,1000000,1000000
2020-07-28 07:30:08.265000,8.76891,8.76413,1000000,1000000
2020-07-28 07:30:08.315000,8.76858,8.76423,1000000,1000000
2020-07-28 07:30:08.433000,8.76858,8.76414,1000000,1000000
2020-07-28 07:30:08.593000,8.76858,8.76403,1000000,1000000
2020-07-28 07:30:09.929000,8.76837,8.76403,1000000,1000000
2020-07-28 07:30:10.391000,8.76837,8.76413,1000000,1000000
2020-07-28 07:30:10.558000,8.76837,8.76403,1000000,1000000
2020-07-28 07:30:10.670000,8.76834,8.76403,1000000,1000000
2020-07-28 07:30:11.400000,8.76834,8.76414,1000000,1000000
2020-07-28 07:30:11.451000,8.76877,8.76414,1000000,1000000
2020-07-28 07:30:11.624000,8.76877,8.76423,1000000,1000000
2020-07-28 07:30:11.725000,8.76876,8.76453,1000000,1000000
2020-07-28 07:30:12.122000,8.76876,8.76464,1000000,1000000
2020-07-28 07:30:12.302000,8.76876,8.76453,1000000,1000000
2020-07-28 07:30:12.402000,8.76894,8.76413,1000000,1000000
2020-07-28 07:30:12.453000,8.76894,8.76403,1000000,1000000
2020-07-28 07:30:12.553000,8.76894,8.76393,1000000,1000000
2020-07-28 07:30:12.923000,8.76894,8.76353,1000000,1000000
2020-07-28 07:30:13.024000,8.76795,8.76273,1000000,1000000
2020-07-28 07:30:13.075000,8.76795,8.76264,1000000,1000000
2020-07-28 07:30:13.176000,8.76795,8.76243,1000000,1000000
2020-07-28 07:30:13.226000,8.76731,8.76223,1000000,1000000
2020-07-28 07:30:13.327000,8.76731,8.76213,1000000,1000000
2020-07-28 07:30:13.479000,8.76702,8.76213,1000000,1000000
2020-07-28 07:30:13.758000,8.76702,8.76233,1000000,1000000
2020-07-28 07:30:14.068000,8.76702,8.76243,1000000,1000000
2020-07-28 07:30:14.190000,8.76695,8.76233,1000000,1000000
2020-07-28 07:30:14.392000,8.76695,8.76213,1000000,1000000
2020-07-28 07:30:14.558000,8.76695,8.76193,1000000,1000000
2020-07-28 07:30:14.608000,8.76637,8.76193,1000000,1000000
2020-07-28 07:30:14.659000,8.76637,8.76183,1000000,1000000
2020-07-28 07:30:14.762000,8.76637,8.76193,1000000,1000000
2020-07-28 07:30:15.049000,8.76637,8.76213,1000000,1000000
2020-07-28 07:30:15.100000,8.76673,8.76193,1000000,1000000
2020-07-28 07:30:15.151000,8.76633,8.76193,1000000,1000000
2020-07-28 07:30:15.201000,8.76633,8.76184,1000000,1000000
2020-07-28 07:30:15.644000,8.76633,8.76193,1000000,1000000
2020-07-28 07:30:16.351000,8.76633,8.76183,1000000,1000000
2020-07-28 07:30:16.563000,8.76633,8.76194,1000000,1000000
2020-07-28 07:30:16.675000,8.76633,8.76183,1000000,1000000
2020-07-28 07:30:16.783000,8.76633,8.76193,1000000,1000000
2020-07-28 07:30:16.884000,8.76633,8.76203,1000000,1000000
2020-07-28 07:30:17.035000,8.76633,8.76213,1000000,1000000
2020-07-28 07:30:17.137000,8.76611,8.76243,1000000,1000000
2020-07-28 07:30:17.187000,8.76663,8.76253,1000000,1000000
2020-07-28 07:30:17.288000,8.76663,8.76263,1000000,1000000
2020-07-28 07:30:17.389000,8.76663,8.76273,1000000,1000000
2020-07-28 07:30:17.955000,8.76663,8.76264,1000000,1000000
2020-07-28 07:30:18.005000,8.76663,8.76273,1000000,1000000
2020-07-28 07:30:18.056000,8.76707,8.76283,1000000,1000000
2020-07-28 07:30:18.106000,8.76707,8.76303,1000000,1000000
2020-07-28 07:30:18.207000,8.76707,8.76313,1000000,1000000
2020-07-28 07:30:18.257000,8.76746,8.76314,1000000,1000000
2020-07-28 07:30:18.308000,8.76731,8.76333,1000000,1000000
2020-07-28 07:30:18.408000,8.76812,8.76353,1000000,1000000
2020-07-28 07:30:18.509000,8.76812,8.76343,1000000,1000000
2020-07-28 07:30:18.560000,8.76812,8.76333,1000000,1000000
2020-07-28 07:30:18.661000,8.76812,8.76283,1000000,1000000
2020-07-28 07:30:19.043000,8.76812,8.76303,1000000,1000000
2020-07-28 07:30:19.144000,8.76812,8.76293,1000000,1000000
2020-07-28 07:30:19.539000,8.76812,8.76304,1000000,1000000
2020-07-28 07:30:20.205000,8.76812,8.76293,1000000,1000000
2020-07-28 07:30:20.930000,8.76812,8.76264,1000000,1000000
2020-07-28 07:30:20.981000,8.76812,8.76283,1000000,1000000
2020-07-28 07:30:21.298000,8.76812,8.76263,1000000,1000000
2020-07-28 07:30:21.399000,8.76812,8.76274,1000000,1000000
2020-07-28 07:30:21.550000,8.76812,8.76273,1000000,1000000
2020-07-28 07:30:22.145000,8.76812,8.76263,1000000,1000000
2020-07-28 07:30:22.827000,8.76788,8.76263,1000000,1000000
2020-07-28 07:30:23.132000,8.76788,8.76273,1000000,1000000
2020-07-28 07:30:23.233000,8.76788,8.76253,1000000,1000000
2020-07-28 07:30:23.284000,8.76788,8.76263,1000000,1000000
2020-07-28 07:30:23.389000,8.76788,8.76273,1000000,1000000
2020-07-28 07:30:23.583000,8.76788,8.76283,1000000,1000000
2020-07-28 07:30:24.364000,8.76788,8.76273,1000000,1000000
2020-07-28 07:30:24.568000,8.76788,8.76263,1000000,1000000
2020-07-28 07:30:25.444000,8.76788,8.76253,1000000,1000000
2020-07-28 07:30:25.893000,8.76788,8.76293,1000000,1000000
2020-07-28 07:30:26.295000,8.76788,8.76283,1000000,1000000
2020-07-28 07:30:26.463000,8.76788,8.76293,1000000,1000000
2020-07-28 07:30:26.987000,8.76788,8.76283,1000000,1000000
2020-07-28 07:30:27.037000,8.76788,8.76293,1000000,1000000
2020-07-28 07:30:27.513000,8.76788,8.76303,1000000,1000000
2020-07-28 07:30:28.390000,8.76788,8.76293,1000000,1000000
2020-07-28 07:30:29.309000,8.76788,8.76283,1000000,1000000
2020-07-28 07:30:29.409000,8.76788,8.76263,1000000,1000000
2020-07-28 07:30:29.460000,8.76788,8.76283,1000000,1000000
2020-07-28 07:30:29.561000,8.76788,8.76293,1000000,1000000
2020-07-28 07:30:30.383000,8.76788,8.76323,1000000,1000000
2020-07-28 07:30:30.484000,8.76788,8.76333,1000000,1000000
2020-07-28 07:30:30.585000,8.76767,8.76323,1000000,1500000
2020-07-28 07:30:30.837000,8.76767,8.76313,1000000,1500000
2020-07-28 07:30:30.937000,8.7677,8.76313,1000000,1500000
2020-07-28 07:30:32.578000,8.7677,8.76263,1000000,1500000
2020-07-28 07:30:32.628000,8.76742,8.76263,1000000,1500000
2020-07-28 07:30:33.348000,8.76742,8.76283,1000000,1500000
2020-07-28 07:30:33.555000,8.76709,8.76284,1000000,1500000
2020-07-28 07:30:33.706000,8.76687,8.76263,1000000,1500000
2020-07-28 07:30:33.806000,8.76706,8.76263,1000000,1500000
2020-07-28 07:30:33.907000,8.76676,8.76263,1000000,1500000
2020-07-28 07:30:34.072000,8.76676,8.76253,1000000,1500000
2020-07-28 07:30:34.309000,8.76676,8.76253,1000000,1500000
2020-07-28 07:30:34.359000,8.76632,8.76253,1000000,1500000
2020-07-28 07:30:34.410000,8.7665,8.76253,1000000,1500000
2020-07-28 07:30:34.611000,8.7665,8.76283,1000000,1000000
2020-07-28 07:30:34.662000,8.7669,8.76253,1000000,1500000
2020-07-28 07:30:34.712000,8.7669,8.76263,1000000,1000000
2020-07-28 07:30:34.880000,8.7669,8.76233,1000000,1500000
2020-07-28 07:30:34.981000,8.76637,8.76233,1000000,1500000
2020-07-28 07:30:35.082000,8.76637,8.76233,1000000,1500000
2020-07-28 07:30:35.183000,8.76621,8.76233,1000000,1500000
2020-07-28 07:30:35.384000,8.76621,8.76244,1000000,1000000
2020-07-28 07:30:35.597000,8.76621,8.76223,1000000,1500000
2020-07-28 07:30:35.697000,8.76621,8.76223,1000000,1000000
2020-07-28 07:30:35.748000,8.76621,8.76233,1000000,1000000
2020-07-28 07:30:35.849000,8.76621,8.76223,1000000,1000000
2020-07-28 07:30:36,8.76621,8.76213,1000000,1000000
2020-07-28 07:30:36.457000,8.76621,8.76224,1000000,1000000
2020-07-28 07:30:36.817000,8.76621,8.76213,1000000,1000000
2020-07-28 07:30:36.918000,8.76621,8.76223,1000000,1000000
2020-07-28 07:30:37.069000,8.76621,8.76213,1000000,1000000
2020-07-28 07:30:37.170000,8.76585,8.76213,1000000,1000000
2020-07-28 07:30:38.170000,8.76585,8.76223,1000000,1000000
2020-07-28 07:30:38.341000,8.76585,8.76213,1000000,1000000
2020-07-28 07:30:38.619000,8.76585,8.76203,1000000,1000000
2020-07-28 07:30:38.921000,8.76585,8.76213,1000000,1000000
2020-07-28 07:30:39.296000,8.76585,8.76193,1000000,1000000
2020-07-28 07:30:40.166000,8.76284,8.76096,1000000,1000000
2020-07-28 07:30:40.267000,8.76237,8.76076,1000000,1000000
2020-07-28 07:30:40.318000,8.763,8.75993,1000000,1000000
2020-07-28 07:30:40.369000,8.76355,8.76004,1000000,1000000
2020-07-28 07:30:40.470000,8.76405,8.76033,1000000,1000000
2020-07-28 07:30:40.672000,8.76405,8.76043,1000000,1000000
2020-07-28 07:30:40.773000,8.76353,8.76033,1000000,1000000
2020-07-28 07:30:40.924000,8.76288,8.76013,1000000,1000000
2020-07-28 07:30:40.974000,8.76366,8.76013,1000000,1000000
2020-07-28 07:30:41.024000,8.76384,8.76043,1000000,1000000
2020-07-28 07:30:41.125000,8.76384,8.76033,1000000,1000000
2020-07-28 07:30:41.226000,8.76403,8.76033,1000000,1000000
2020-07-28 07:30:41.276000,8.76284,8.76023,1000000,1000000
2020-07-28 07:30:41.377000,8.76281,8.76003,1000000,1000000
2020-07-28 07:30:41.428000,8.76321,8.76003,1000000,1000000
2020-07-28 07:30:41.529000,8.76409,8.76003,1000000,1000000
2020-07-28 07:30:41.579000,8.76261,8.76023,1000000,1000000
2020-07-28 07:30:41.680000,8.76275,8.76043,1000000,1000000
2020-07-28 07:30:41.731000,8.7631,8.76065,1000000,1000000
2020-07-28 07:30:41.832000,8.76389,8.76063,1000000,1000000
2020-07-28 07:30:41.933000,8.76358,8.76024,1000000,1000000
2020-07-28 07:30:41.983000,8.76277,8.76033,1000000,1000000
2020-07-28 07:30:42.084000,8.76362,8.76003,1000000,1000000
2020-07-28 07:30:42.185000,8.76328,8.76003,1000000,1000000
2020-07-28 07:30:42.235000,8.76357,8.76023,1000000,1000000
2020-07-28 07:30:42.286000,8.76392,8.76023,1000000,1000000
2020-07-28 07:30:43.072000,8.76392,8.76013,1000000,1000000
2020-07-28 07:30:43.173000,8.76392,8.76023,1000000,1000000
2020-07-28 07:30:43.467000,8.76392,8.76033,1000000,1000000
2020-07-28 07:30:44.098000,8.76392,8.76023,1000000,1000000
2020-07-28 07:30:44.199000,8.76355,8.76003,1000000,1000000
2020-07-28 07:30:44.306000,8.76349,8.76023,1000000,1000000
2020-07-28 07:30:44.407000,8.76355,8.76023,1000000,1000000
2020-07-28 07:30:44.458000,8.76355,8.76003,1000000,1000000
2020-07-28 07:30:45.038000,8.76355,8.75994,1000000,1000000
2020-07-28 07:30:45.089000,8.76355,8.75983,1000000,1000000
2020-07-28 07:30:45.190000,8.76355,8.75973,1000000,1000000
2020-07-28 07:30:45.240000,8.76325,8.75993,1000000,1000000
2020-07-28 07:30:45.291000,8.76325,8.75983,1000000,1000000
2020-07-28 07:30:45.392000,8.76326,8.75973,1000000,1000000
2020-07-28 07:30:45.493000,8.76328,8.75983,1000000,1000000
2020-07-28 07:30:45.594000,8.76328,8.76013,1000000,1000000
2020-07-28 07:30:45.645000,8.76331,8.76013,1000000,1000000
2020-07-28 07:30:45.897000,8.76331,8.76053,1000000,1000000
2020-07-28 07:30:45.948000,8.76331,8.76033,1000000,1000000
2020-07-28 07:30:45.999000,8.76331,8.76043,1000000,1000000
2020-07-28 07:30:46.050000,8.76331,8.76034,1000000,1000000
2020-07-28 07:30:46.101000,8.76331,8.76007,1000000,1000000
2020-07-28 07:30:46.598000,8.76331,8.76006,1000000,1000000
2020-07-28 07:30:47.186000,8.76331,8.76004,1000000,1000000
2020-07-28 07:30:47.298000,8.76331,8.75993,1000000,1000000
2020-07-28 07:30:48.128000,8.76331,8.75983,1000000,1500000
2020-07-28 07:30:48.280000,8.76331,8.75983,1000000,1000000
2020-07-28 07:30:48.380000,8.76331,8.75976,1000000,1000000
2020-07-28 07:30:48.431000,8.76331,8.75983,1000000,1000000
2020-07-28 07:30:48.549000,8.76331,8.75976,1000000,1000000
2020-07-28 07:30:48.599000,8.76331,8.75983,1000000,1000000
2020-07-28 07:30:48.939000,8.76331,8.75993,1000000,1000000
2020-07-28 07:30:48.990000,8.76331,8.75983,1000000,1120000
2020-07-28 07:30:49.040000,8.76331,8.76004,1000000,1000000
2020-07-28 07:30:49.141000,8.76331,8.75993,1000000,1000000
2020-07-28 07:30:49.531000,8.76331,8.75983,1000000,1120000
2020-07-28 07:30:49.802000,8.76331,8.75993,1000000,1000000
2020-07-28 07:30:50.878000,8.76331,8.76003,1000000,1000000
2020-07-28 07:30:50.979000,8.76331,8.76013,1000000,1000000
2020-07-28 07:30:51.185000,8.76331,8.76024,1000000,1000000
2020-07-28 07:30:52.129000,8.76331,8.76003,1000000,1000000
2020-07-28 07:30:52.179000,8.76331,8.76033,1000000,1000000
2020-07-28 07:30:52.230000,8.76375,8.76043,1000000,1000000
2020-07-28 07:30:52.331000,8.76375,8.76046,1000000,1000000
2020-07-28 07:30:52.671000,8.76375,8.76053,1000000,1000000
2020-07-28 07:30:52.887000,8.76375,8.76046,1000000,1000000
2020-07-28 07:30:55.205000,8.76375,8.76013,1000000,1500000
2020-07-28 07:30:55.256000,8.76375,8.76013,1000000,1000000
2020-07-28 07:30:55.326000,8.76375,8.76019,1000000,1000000
2020-07-28 07:30:55.447000,8.76375,8.76023,1000000,1000000
2020-07-28 07:30:55.598000,8.76375,8.76043,1000000,1000000
2020-07-28 07:30:55.699000,8.76402,8.76143,1000000,1000000
2020-07-28 07:30:55.750000,8.76423,8.76163,1000000,1000000
2020-07-28 07:30:55.875000,8.76446,8.76163,1000000,1000000
2020-07-28 07:30:56.078000,8.76446,8.76153,1000000,1000000
2020-07-28 07:30:56.202000,8.76443,8.76153,1000000,1000000
2020-07-28 07:30:56.371000,8.76443,8.76173,1000000,1000000
2020-07-28 07:30:56.493000,8.76443,8.76183,1000000,1000000
2020-07-28 07:30:56.544000,8.76443,8.76156,1000000,1000000
2020-07-28 07:30:56.595000,8.76471,8.76156,1000000,1000000
2020-07-28 07:30:56.707000,8.76471,8.76154,1000000,1000000
2020-07-28 07:30:57.420000,8.76471,8.76164,1000000,1000000
2020-07-28 07:30:57.471000,8.76471,8.76154,1000000,1000000
2020-07-28 07:30:57.571000,8.76471,8.76163,1000000,1000000
2020-07-28 07:30:57.641000,8.76471,8.76153,1000000,1000000
2020-07-28 07:30:59.612000,8.76471,8.76163,1000000,1000000
2020-07-28 07:30:59.813000,8.76471,8.76143,1000000,1000000
2020-07-28 07:31:00.018000,8.76471,8.76163,1000000,1000000
2020-07-28 07:31:00.121000,8.76471,8.76173,1000000,1000000
2020-07-28 07:31:00.272000,8.76471,8.76166,1000000,1000000
2020-07-28 07:31:00.373000,8.76471,8.76173,1000000,1000000
2020-07-28 07:31:00.475000,8.76471,8.76183,1000000,1000000
2020-07-28 07:31:00.626000,8.76471,8.76166,1000000,1000000
2020-07-28 07:31:00.677000,8.76471,8.76173,1000000,1000000
2020-07-28 07:31:00.778000,8.76471,8.76183,1000000,1000000
2020-07-28 07:31:00.883000,8.76471,8.76173,1000000,1000000
2020-07-28 07:31:01.364000,8.76471,8.76163,1000000,1000000
2020-07-28 07:31:01.465000,8.76449,8.76145,1000000,1000000
2020-07-28 07:31:02.455000,8.76449,8.76153,1000000,1000000
2020-07-28 07:31:02.871000,8.76449,8.76163,1000000,1000000
2020-07-28 07:31:02.921000,8.76449,8.76153,1000000,1000000
2020-07-28 07:31:03.022000,8.76449,8.76145,1000000,1000000
2020-07-28 07:31:03.797000,8.76449,8.76136,1000000,1000000
2020-07-28 07:31:03.848000,8.76419,8.76119,1000000,1000000
2020-07-28 07:31:04.049000,8.76395,8.76119,1000000,1000000
2020-07-28 07:31:04.100000,8.76395,8.76093,1000000,1000000
2020-07-28 07:31:04.200000,8.76395,8.76079,1000000,1000000
2020-07-28 07:31:04.620000,8.76395,8.7608,1000000,1000000
2020-07-28 07:31:04.753000,8.76398,8.7608,1000000,1000000
2020-07-28 07:31:04.854000,8.76398,8.76079,1000000,1000000
2020-07-28 07:31:06.267000,8.76398,8.76104,1000000,1000000
2020-07-28 07:31:06.368000,8.76374,8.76093,1000000,1000000
2020-07-28 07:31:06.522000,8.76338,8.76093,1000000,1000000
2020-07-28 07:31:06.573000,8.76361,8.76093,1000000,1000000
2020-07-28 07:31:06.674000,8.76361,8.76103,1000000,1000000
2020-07-28 07:31:06.877000,8.76361,8.76079,1000000,1000000
2020-07-28 07:31:06.928000,8.76361,8.76084,1000000,1000000
2020-07-28 07:31:06.978000,8.76361,8.76073,1000000,1000000
2020-07-28 07:31:07.029000,8.76361,8.76083,1000000,1000000
2020-07-28 07:31:07.131000,8.76361,8.76094,1000000,1000000
2020-07-28 07:31:07.182000,8.76376,8.76083,1000000,1000000
2020-07-28 07:31:07.283000,8.76376,8.76073,1000000,1000000
2020-07-28 07:31:08.198000,8.76376,8.76083,1000000,1000000
2020-07-28 07:31:08.307000,8.76376,8.76073,1000000,1000000
2020-07-28 07:31:08.358000,8.76358,8.76064,1000000,1000000
2020-07-28 07:31:08.459000,8.76358,8.76053,1000000,1000000
2020-07-28 07:31:08.711000,8.76333,8.76103,1000000,1000000
2020-07-28 07:31:08.812000,8.76296,8.76113,1000000,1000000
2020-07-28 07:31:08.977000,8.76296,8.76103,1000000,1000000
2020-07-28 07:31:09.243000,8.76296,8.76093,1000000,1000000
2020-07-28 07:31:09.388000,8.76296,8.76103,1000000,1000000
2020-07-28 07:31:09.489000,8.76296,8.76113,1000000,1000000
2020-07-28 07:31:09.666000,8.76296,8.76103,1000000,1000000
2020-07-28 07:31:10.277000,8.76296,8.76073,1000000,1000000
2020-07-28 07:31:10.378000,8.76261,8.76073,1000000,1000000
2020-07-28 07:31:10.478000,8.76261,8.76063,1000000,1000000
2020-07-28 07:31:10.529000,8.76261,8.76043,1000000,1000000
2020-07-28 07:31:10.580000,8.76261,8.76053,1000000,1000000
2020-07-28 07:31:10.709000,8.76237,8.76063,1000000,1000000
2020-07-28 07:31:10.759000,8.76237,8.76053,1000000,1000000
2020-07-28 07:31:11.117000,8.76237,8.76043,1000000,1000000
2020-07-28 07:31:11.217000,8.76237,8.76033,1000000,1000000
2020-07-28 07:31:11.267000,8.76237,8.76044,1000000,1000000
2020-07-28 07:31:11.318000,8.76237,8.76033,1000000,1000000
2020-07-28 07:31:11.419000,8.76237,8.76043,1000000,1000000
2020-07-28 07:31:11.520000,8.76237,8.76053,1000000,1000000
2020-07-28 07:31:11.683000,8.76237,8.76073,1000000,1000000
2020-07-28 07:31:11.783000,8.76238,8.76053,1000000,1000000
2020-07-28 07:31:12.073000,8.76238,8.76063,1000000,1000000
2020-07-28 07:31:12.124000,8.76238,8.76053,1000000,1000000
2020-07-28 07:31:12.376000,8.76238,8.76043,1000000,1000000
2020-07-28 07:31:12.685000,8.76238,8.76054,1000000,1000000
2020-07-28 07:31:13.334000,8.76238,8.76043,1000000,1000000
2020-07-28 07:31:13.486000,8.76222,8.76043,1000000,1000000
2020-07-28 07:31:13.587000,8.76222,8.76093,1000000,1000000
2020-07-28 07:31:14.434000,8.76222,8.76103,1000000,1000000
2020-07-28 07:31:15.129000,8.76238,8.76133,1000000,1000000
2020-07-28 07:31:15.280000,8.76238,8.76123,1000000,1000000
2020-07-28 07:31:15.330000,8.76238,8.76133,1000000,1000000
2020-07-28 07:31:15.381000,8.76238,8.76123,1000000,1000000
2020-07-28 07:31:15.482000,8.7623,8.76113,1000000,1000000
2020-07-28 07:31:15.533000,8.7623,8.76123,1000000,1000000
2020-07-28 07:31:15.634000,8.7623,8.76113,1000000,1000000
2020-07-28 07:31:15.684000,8.76214,8.76113,1000000,1000000
2020-07-28 07:31:15.734000,8.76214,8.76104,1000000,1000000
2020-07-28 07:31:15.835000,8.76214,8.76114,1000000,1000000
2020-07-28 07:31:15.936000,8.76214,8.76123,1000000,1000000
2020-07-28 07:31:16.088000,8.76214,8.76113,1000000,1000000
2020-07-28 07:31:16.189000,8.76214,8.76123,1000000,1000000
2020-07-28 07:31:16.290000,8.76224,8.76133,1000000,1000000
2020-07-28 07:31:16.341000,8.76224,8.76123,1000000,1000000
2020-07-28 07:31:16.442000,8.76224,8.76113,1000000,1000000
2020-07-28 07:31:16.520000,8.76209,8.76113,1000000,1000000
2020-07-28 07:31:16.621000,8.76187,8.76113,1000000,1000000
2020-07-28 07:31:17.506000,8.76187,8.76134,1000000,1000000
2020-07-28 07:31:17.556000,8.7621,8.76123,1000000,1000000
2020-07-28 07:31:17.607000,8.7621,8.76133,1000000,1000000
2020-07-28 07:31:17.657000,8.7621,8.76093,1000000,1000000
2020-07-28 07:31:17.708000,8.7621,8.76123,1000000,1000000
2020-07-28 07:31:17.758000,8.7621,8.76103,1000000,1000000
2020-07-28 07:31:17.809000,8.7621,8.76123,1000000,1000000
2020-07-28 07:31:18.073000,8.7621,8.76113,1000000,1000000
2020-07-28 07:31:18.215000,8.7621,8.76123,1000000,1000000
2020-07-28 07:31:18.833000,8.7621,8.76133,1000000,1000000
2020-07-28 07:31:19.258000,8.7621,8.76123,1000000,1000000
2020-07-28 07:31:19.308000,8.7621,8.76133,1000000,1000000
2020-07-28 07:31:19.359000,8.7621,8.76123,1000000,1000000
2020-07-28 07:31:19.459000,8.7621,8.76133,1000000,1000000
2020-07-28 07:31:19.585000,8.7621,8.76143,1000000,1000000
2020-07-28 07:31:19.686000,8.76231,8.76153,1000000,1000000
2020-07-28 07:31:19.888000,8.7624,8.76153,1000000,1000000
2020-07-28 07:31:19.989000,8.76255,8.76153,1000000,1000000
2020-07-28 07:31:20.039000,8.76255,8.76183,1000000,1000000
2020-07-28 07:31:20.090000,8.76276,8.76173,1000000,1000000
2020-07-28 07:31:20.155000,8.76276,8.76193,1000000,1000000
2020-07-28 07:31:20.256000,8.76291,8.76203,1000000,1000000
2020-07-28 07:31:20.307000,8.76291,8.76194,1000000,1000000
2020-07-28 07:31:20.502000,8.76291,8.76203,1000000,1000000
2020-07-28 07:31:20.603000,8.76291,8.76224,1000000,1000000
2020-07-28 07:31:20.653000,8.76291,8.76213,1000000,1000000
2020-07-28 07:31:20.704000,8.76291,8.76203,1000000,1000000
2020-07-28 07:31:20.808000,8.76291,8.76194,1000000,1000000
2020-07-28 07:31:20.858000,8.76291,8.76203,1000000,1000000
2020-07-28 07:31:21.060000,8.76291,8.76223,1000000,1000000
2020-07-28 07:31:21.110000,8.76291,8.76213,1000000,1000000
2020-07-28 07:31:21.211000,8.76291,8.76193,1000000,1000000
2020-07-28 07:31:21.262000,8.76291,8.76203,1000000,1000000
2020-07-28 07:31:21.363000,8.76291,8.76183,1000000,1000000
2020-07-28 07:31:21.414000,8.76291,8.76173,1000000,1000000
2020-07-28 07:31:21.465000,8.76291,8.76193,1000000,1000000
2020-07-28 07:31:21.515000,8.76291,8.76183,1000000,1000000
2020-07-28 07:31:21.566000,8.76291,8.76193,1000000,1000000
2020-07-28 07:31:21.616000,8.76308,8.76203,1000000,1000000
2020-07-28 07:31:21.767000,8.76308,8.76193,1000000,1000000
2020-07-28 07:31:21.918000,8.76308,8.76203,1000000,1000000
2020-07-28 07:31:21.969000,8.76321,8.76203,1000000,1000000
2020-07-28 07:31:22.070000,8.76321,8.76233,1000000,1000000
2020-07-28 07:31:22.171000,8.76337,8.76263,1000000,1000000
2020-07-28 07:31:22.221000,8.76351,8.76273,1000000,1000000
2020-07-28 07:31:22.272000,8.76351,8.76264,1000000,1000000
2020-07-28 07:31:22.322000,8.76351,8.76273,1000000,1000000
2020-07-28 07:31:22.524000,8.7638,8.76284,1000000,1000000
2020-07-28 07:31:22.575000,8.7638,8.76303,1000000,1000000
2020-07-28 07:31:22.676000,8.76404,8.76293,1000000,1000000
2020-07-28 07:31:22.777000,8.76402,8.76283,1000000,1000000
2020-07-28 07:31:22.951000,8.76402,8.76273,1000000,1000000
2020-07-28 07:31:23.001000,8.76402,8.76283,1000000,1000000
2020-07-28 07:31:23.102000,8.76402,8.76294,1000000,1000000
2020-07-28 07:31:23.153000,8.76402,8.76283,1000000,1000000
2020-07-28 07:31:23.203000,8.76402,8.76294,1000000,1000000
2020-07-28 07:31:23.450000,8.76386,8.76294,1000000,1000000
2020-07-28 07:31:23.501000,8.76393,8.76294,1000000,1000000
2020-07-28 07:31:23.602000,8.764,8.76294,1000000,1000000
2020-07-28 07:31:23.655000,8.7639,8.76294,1000000,1000000
2020-07-28 07:31:23.706000,8.7639,8.76283,1000000,1000000
2020-07-28 07:31:23.807000,8.7639,8.76263,1000000,1000000
2020-07-28 07:31:23.857000,8.76365,8.76273,1000000,1000000
2020-07-28 07:31:23.958000,8.76375,8.76283,1000000,1000000
2020-07-28 07:31:24.091000,8.76375,8.76273,1000000,1000000
2020-07-28 07:31:24.142000,8.76375,8.76263,1000000,1000000
2020-07-28 07:31:24.298000,8.76375,8.76273,1000000,1000000
2020-07-28 07:31:24.399000,8.76375,8.76283,1000000,1000000
2020-07-28 07:31:24.538000,8.76381,8.76283,1000000,1000000
2020-07-28 07:31:25.322000,8.76388,8.76283,1000000,1000000
2020-07-28 07:31:25.520000,8.76388,8.76273,1000000,1000000
2020-07-28 07:31:25.638000,8.76388,8.76283,1000000,1000000
2020-07-28 07:31:26.330000,8.76388,8.76273,1000000,1000000
2020-07-28 07:31:26.431000,8.76388,8.76263,1000000,1000000
2020-07-28 07:31:26.684000,8.76388,8.76283,1000000,1000000
2020-07-28 07:31:27.294000,8.76402,8.76283,1000000,1000000
2020-07-28 07:31:27.416000,8.76402,8.76303,1000000,1000000
2020-07-28 07:31:27.739000,8.76402,8.76293,1000000,1000000
2020-07-28 07:31:28.377000,8.76402,8.76283,1000000,1000000
2020-07-28 07:31:28.542000,8.76402,8.76293,1000000,1000000
2020-07-28 07:31:28.650000,8.76402,8.76303,1000000,1000000
2020-07-28 07:31:28.806000,8.76402,8.76293,1000000,1000000
2020-07-28 07:31:29.039000,8.76402,8.76303,1000000,1000000
2020-07-28 07:31:29.090000,8.76417,8.76313,1000000,1000000
2020-07-28 07:31:29.203000,8.76432,8.76323,1000000,1000000
2020-07-28 07:31:29.304000,8.76449,8.76343,1000000,1000000
2020-07-28 07:31:29.405000,8.76449,8.76333,1000000,1000000
2020-07-28 07:31:29.505000,8.76455,8.76333,1000000,1000000
2020-07-28 07:31:29.758000,8.76473,8.76333,1000000,1000000
2020-07-28 07:31:29.859000,8.76473,8.76343,1000000,1000000
2020-07-28 07:31:30.061000,8.76503,8.76343,1000000,1000000
2020-07-28 07:31:30.162000,8.76508,8.76383,1000000,1000000
2020-07-28 07:31:30.213000,8.76506,8.76299,1000000,1250000
2020-07-28 07:31:30.263000,8.76506,8.76305,1000000,1000000
2020-07-28 07:31:30.364000,8.76579,8.7652,1000000,1000000
2020-07-28 07:31:30.415000,8.76579,8.76519,1000000,1000000
2020-07-28 07:31:30.516000,8.76589,8.76533,1000000,1000000
2020-07-28 07:31:30.567000,8.76604,8.76523,1000000,1000000
2020-07-28 07:31:30.617000,8.76604,8.76533,1000000,1000000
2020-07-28 07:31:30.668000,8.76628,8.76463,1000000,1000000
2020-07-28 07:31:30.718000,8.76628,8.76483,1000000,1000000
2020-07-28 07:31:30.769000,8.76625,8.76453,1000000,1000000
2020-07-28 07:31:30.870000,8.76625,8.76464,1000000,1000000
2020-07-28 07:31:30.971000,8.76625,8.76463,1000000,1000000
2020-07-28 07:31:31.072000,8.76539,8.76453,1000000,1000000
2020-07-28 07:31:31.424000,8.76543,8.76453,1000000,1000000
2020-07-28 07:31:31.520000,8.76525,8.76453,1000000,1000000
2020-07-28 07:31:31.631000,8.76525,8.76443,1000000,1000000
2020-07-28 07:31:31.682000,8.76494,8.76413,1000000,1000000
2020-07-28 07:31:31.733000,8.76477,8.76393,1000000,1000000
2020-07-28 07:31:31.834000,8.76463,8.76364,1000000,1000000
2020-07-28 07:31:31.884000,8.7644,8.76363,1000000,1000000
2020-07-28 07:31:31.935000,8.76456,8.76373,1000000,1000000
2020-07-28 07:31:32.260000,8.76456,8.76363,1000000,1000000
2020-07-28 07:31:32.583000,8.76466,8.76373,1000000,1000000
2020-07-28 07:31:32.759000,8.76475,8.76373,1000000,1000000
2020-07-28 07:31:32.871000,8.76475,8.76393,1000000,1000000
2020-07-28 07:31:32.972000,8.76474,8.76383,1000000,1000000
2020-07-28 07:31:33.023000,8.76474,8.76393,1000000,1000000
2020-07-28 07:31:33.200000,8.76474,8.76404,1000000,1000000
2020-07-28 07:31:33.304000,8.76478,8.76404,1000000,1000000
2020-07-28 07:31:33.355000,8.76478,8.76423,1000000,1000000
2020-07-28 07:31:33.405000,8.76494,8.76434,1000000,1000000
2020-07-28 07:31:33.456000,8.76494,8.76443,1000000,1000000
2020-07-28 07:31:33.607000,8.76494,8.76433,1000000,1000000
2020-07-28 07:31:33.708000,8.76513,8.76433,1000000,1000000
2020-07-28 07:31:33.809000,8.76513,8.76443,1000000,1000000
2020-07-28 07:31:33.909000,8.76516,8.76443,1000000,1000000
2020-07-28 07:31:34.040000,8.76517,8.76443,1000000,1000000
2020-07-28 07:31:34.140000,8.76517,8.76433,1000000,1000000
2020-07-28 07:31:34.242000,8.76517,8.76443,1000000,1000000
2020-07-28 07:31:34.292000,8.76517,8.76433,1000000,1000000
2020-07-28 07:31:34.343000,8.76517,8.76443,1000000,1000000
2020-07-28 07:31:34.572000,8.76517,8.76433,1000000,1000000
2020-07-28 07:31:34.760000,8.76503,8.76433,1000000,1000000
2020-07-28 07:31:34.911000,8.76503,8.76443,1000000,1000000
2020-07-28 07:31:35.012000,8.76511,8.76453,1000000,1000000
2020-07-28 07:31:35.113000,8.76529,8.76443,1000000,1000000
2020-07-28 07:31:35.437000,8.76529,8.76433,1000000,1000000
2020-07-28 07:31:35.537000,8.76529,8.76443,1000000,1000000
2020-07-28 07:31:35.638000,8.76529,8.76434,1000000,1000000
2020-07-28 07:31:35.689000,8.76529,8.76443,1000000,1000000
2020-07-28 07:31:35.977000,8.76529,8.76433,1000000,1000000
2020-07-28 07:31:36.134000,8.76529,8.76403,1000000,1000000
2020-07-28 07:31:36.339000,8.76529,8.76393,1000000,1000000
2020-07-28 07:31:36.440000,8.76529,8.76403,1000000,1000000
2020-07-28 07:31:36.490000,8.7654,8.76403,1000000,1000000
2020-07-28 07:31:36.644000,8.7654,8.76413,1000000,1000000
2020-07-28 07:31:36.694000,8.7654,8.76403,1000000,1000000
2020-07-28 07:31:36.777000,8.7654,8.76393,1000000,1000000
2020-07-28 07:31:36.944000,8.76536,8.76393,1000000,1000000
2020-07-28 07:31:37.045000,8.76536,8.76403,1000000,1000000
2020-07-28 07:31:37.586000,8.76536,8.76393,1000000,1000000
2020-07-28 07:31:37.696000,8.76536,8.76373,1000000,1000000
2020-07-28 07:31:37.746000,8.76536,8.76383,1000000,1000000
2020-07-28 07:31:38.036000,8.76536,8.76373,1000000,1000000
2020-07-28 07:31:38.138000,8.76536,8.76383,1000000,1000000
2020-07-28 07:31:38.284000,8.76536,8.76373,1000000,1000000
2020-07-28 07:31:38.641000,8.76547,8.76373,1000000,1000000
2020-07-28 07:31:39.798000,8.76547,8.76363,1000000,1000000
2020-07-28 07:31:39.849000,8.76547,8.76358,1000000,1000000
2020-07-28 07:31:39.899000,8.76547,8.76374,1000000,1000000
2020-07-28 07:31:40,8.76575,8.76403,1000000,1000000
2020-07-28 07:31:40.104000,8.76575,8.76413,1000000,1000000
2020-07-28 07:31:40.205000,8.76578,8.76423,1000000,1000000
2020-07-28 07:31:40.306000,8.76578,8.76433,1000000,1000000
2020-07-28 07:31:40.407000,8.76578,8.76423,1000000,1000000
2020-07-28 07:31:40.508000,8.76601,8.76444,1000000,1000000
2020-07-28 07:31:40.558000,8.76609,8.76453,1000000,1000000
2020-07-28 07:31:40.609000,8.76616,8.76443,1000000,1000000
2020-07-28 07:31:40.659000,8.76631,8.76474,1000000,1000000
2020-07-28 07:31:40.760000,8.7663,8.76463,1000000,1000000
2020-07-28 07:31:40.811000,8.7663,8.76493,1000000,1000000
2020-07-28 07:31:40.912000,8.7663,8.76483,1000000,1000000
2020-07-28 07:31:41.013000,8.7663,8.76493,1000000,1000000
2020-07-28 07:31:41.063000,8.76644,8.76503,1000000,1000000
2020-07-28 07:31:41.114000,8.76653,8.76514,1000000,1000000
2020-07-28 07:31:41.559000,8.76653,8.76503,1000000,1000000
2020-07-28 07:31:42.477000,8.76653,8.76494,1000000,1000000
2020-07-28 07:31:42.527000,8.76653,8.76503,1000000,1000000
2020-07-28 07:31:42.578000,8.76653,8.76493,1000000,1000000
2020-07-28 07:31:42.831000,8.76653,8.76503,1000000,1000000
2020-07-28 07:31:42.981000,8.76652,8.76513,1000000,1000000
2020-07-28 07:31:43.032000,8.76652,8.76503,1000000,1000000
2020-07-28 07:31:43.183000,8.76652,8.76484,1000000,1000000
2020-07-28 07:31:43.233000,8.76638,8.76484,1000000,1000000
2020-07-28 07:31:43.284000,8.76638,8.76473,1000000,1000000
2020-07-28 07:31:43.717000,8.76638,8.76463,1000000,1000000
2020-07-28 07:31:43.768000,8.76645,8.76494,1000000,1000000
2020-07-28 07:31:43.961000,8.76645,8.76513,1000000,1000000
2020-07-28 07:31:44.012000,8.76653,8.76513,1000000,1000000
2020-07-28 07:31:44.113000,8.76661,8.76523,1000000,1000000
2020-07-28 07:31:44.163000,8.76661,8.76513,1000000,1000000
