time,ask,bid,ask_volume,bid_volume
2018-03-14 08:25:00.220000,8.21583,8.21446,1000000,1000000
2018-03-14 08:25:00.523000,8.21577,8.21446,1000000,1000000
2018-03-14 08:25:01.042000,8.21577,8.21453,1000000,1000000
2018-03-14 08:25:01.394000,8.21594,8.21472,1000000,1000000
2018-03-14 08:25:01.721000,8.21594,8.2148,1000000,1000000
2018-03-14 08:25:02.056000,8.21594,8.21484,1000000,1000000
2018-03-14 08:25:02.107000,8.21594,8.21481,1000000,1000000
2018-03-14 08:25:02.373000,8.21623,8.21481,1000000,1000000
2018-03-14 08:25:02.679000,8.21623,8.21477,1500000,1000000
2018-03-14 08:25:03.022000,8.21623,8.21487,1000000,1000000
2018-03-14 08:25:03.480000,8.21633,8.21487,1000000,1500000
2018-03-14 08:25:03.531000,8.21664,8.21531,1000000,1000000
2018-03-14 08:25:03.582000,8.21685,8.21539,1000000,1000000
2018-03-14 08:25:03.634000,8.21686,8.21547,1000000,1000000
2018-03-14 08:25:04.083000,8.21704,8.2157,1000000,1000000
2018-03-14 08:25:04.661000,8.21701,8.21555,1000000,1000000
2018-03-14 08:25:04.713000,8.21692,8.21555,1000000,1000000
2018-03-14 08:25:04.764000,8.21679,8.21533,1000000,1000000
2018-03-14 08:25:04.815000,8.21673,8.21538,1000000,1000000
2018-03-14 08:25:04.866000,8.21663,8.21519,1000000,1000000
2018-03-14 08:25:04.969000,8.21665,8.21519,1000000,1000000
2018-03-14 08:25:05.020000,8.21651,8.21508,1000000,1000000
2018-03-14 08:25:05.122000,8.21664,8.21518,1000000,1000000
2018-03-14 08:25:05.295000,8.21707,8.21565,1000000,1000000
2018-03-14 08:25:05.651000,8.21707,8.21573,1000000,1000000
2018-03-14 08:25:05.721000,8.21719,8.21573,1000000,1000000
2018-03-14 08:25:06.280000,8.21724,8.21578,1000000,1000000
2018-03-14 08:25:06.808000,8.21726,8.2158,1500000,1000000
2018-03-14 08:25:07.178000,8.21726,8.21586,1000000,1000000
2018-03-14 08:25:07.229000,8.21723,8.21577,1000000,1000000
2018-03-14 08:25:07.511000,8.21729,8.21585,1000000,1000000
2018-03-14 08:25:07.896000,8.21721,8.21575,1000000,1000000
2018-03-14 08:25:07.947000,8.21725,8.21579,1000000,1000000
2018-03-14 08:25:08.201000,8.21752,8.21592,1000000,1000000
2018-03-14 08:25:08.252000,8.21752,8.21597,1000000,1000000
2018-03-14 08:25:08.595000,8.21754,8.21609,1000000,1000000
2018-03-14 08:25:08.646000,8.2175,8.21604,1000000,1000000
2018-03-14 08:25:08.697000,8.21742,8.21596,1000000,1000000
2018-03-14 08:25:09.002000,8.21735,8.21589,1000000,1000000
2018-03-14 08:25:09.312000,8.21732,8.21589,1000000,1000000
2018-03-14 08:25:10.227000,8.21732,8.21592,1000000,1000000
2018-03-14 08:25:10.498000,8.21738,8.21592,1000000,1000000
2018-03-14 08:25:10.868000,8.21738,8.21594,1000000,1000000
2018-03-14 08:25:11.184000,8.21732,8.2159,1000000,1000000
2018-03-14 08:25:11.709000,8.21723,8.2158,1000000,1000000
2018-03-14 08:25:11.864000,8.21715,8.21571,1000000,1000000
2018-03-14 08:25:11.967000,8.21704,8.2156,1500000,1000000
2018-03-14 08:25:13.826000,8.217,8.21556,1000000,1000000
2018-03-14 08:25:14.163000,8.21698,8.21554,1000000,1000000
2018-03-14 08:25:14.464000,8.21695,8.21551,1000000,1000000
2018-03-14 08:25:14.771000,8.21714,8.2157,1000000,1000000
2018-03-14 08:25:15.118000,8.2172,8.21587,1000000,1000000
2018-03-14 08:25:15.438000,8.2172,8.21599,1000000,1000000
2018-03-14 08:25:15.490000,8.21737,8.21608,1000000,1000000
2018-03-14 08:25:15.593000,8.21752,8.21613,1000000,1000000
2018-03-14 08:25:15.851000,8.21755,8.21613,1000000,1000000
2018-03-14 08:25:17.852000,8.21751,8.21605,1000000,1000000
2018-03-14 08:25:17.904000,8.21743,8.21597,1000000,1000000
2018-03-14 08:25:18.233000,8.21738,8.21594,1000000,1000000
2018-03-14 08:25:20.209000,8.21742,8.216,1000000,1000000
2018-03-14 08:25:20.415000,8.21731,8.21587,1000000,1000000
2018-03-14 08:25:23.276000,8.21714,8.21568,1000000,1000000
2018-03-14 08:25:23.326000,8.217,8.21557,1000000,1000000
2018-03-14 08:25:23.378000,8.21699,8.21554,1000000,1000000
2018-03-14 08:25:23.481000,8.217,8.21563,1000000,1000000
2018-03-14 08:25:23.635000,8.217,8.21559,1000000,1000000
2018-03-14 08:25:23.687000,8.217,8.21563,1000000,1000000
2018-03-14 08:25:24.126000,8.217,8.21557,1000000,1000000
2018-03-14 08:25:24.229000,8.21693,8.21547,1000000,1000000
2018-03-14 08:25:24.330000,8.21689,8.21543,1000000,1000000
2018-03-14 08:25:24.661000,8.21674,8.21539,1000000,1000000
2018-03-14 08:25:24.974000,8.21678,8.21544,1000000,1000000
2018-03-14 08:25:25.238000,8.21683,8.21544,1000000,1000000
2018-03-14 08:25:25.563000,8.21678,8.21544,1000000,1000000
2018-03-14 08:25:25.868000,8.21675,8.21544,1000000,1000000
2018-03-14 08:25:26.290000,8.21676,8.21552,1000000,1000000
2018-03-14 08:25:26.493000,8.2169,8.21564,1000000,1000000
2018-03-14 08:25:26.595000,8.21673,8.21532,1000000,1000000
2018-03-14 08:25:26.646000,8.21673,8.2153,1000000,1000000
2018-03-14 08:25:26.696000,8.21673,8.21569,1000000,1000000
2018-03-14 08:25:26.747000,8.21709,8.21554,1000000,1000000
2018-03-14 08:25:27.034000,8.21706,8.21554,1000000,1000000
2018-03-14 08:25:27.841000,8.2169,8.21532,1000000,1000000
2018-03-14 08:25:29.197000,8.2169,8.21535,1000000,1000000
2018-03-14 08:25:30.775000,8.2169,8.21536,1000000,1000000
2018-03-14 08:25:34.673000,8.2169,8.21532,1000000,1000000
2018-03-14 08:25:34.724000,8.21672,8.21518,1000000,1500000
2018-03-14 08:25:34.776000,8.21672,8.21514,1000000,1500000
2018-03-14 08:25:35.034000,8.21652,8.21494,1000000,1000000
2018-03-14 08:25:36.159000,8.21652,8.215,1000000,1000000
2018-03-14 08:25:36.464000,8.21652,8.21512,1000000,1000000
2018-03-14 08:25:36.829000,8.21652,8.21517,1000000,1000000
2018-03-14 08:25:37.717000,8.21652,8.21511,1000000,1000000
2018-03-14 08:25:37.768000,8.21636,8.21499,1000000,1000000
2018-03-14 08:25:37.818000,8.21652,8.21504,1000000,1000000
2018-03-14 08:25:37.971000,8.21652,8.21516,1000000,1000000
2018-03-14 08:25:38.314000,8.21662,8.21527,1000000,1000000
2018-03-14 08:25:38.365000,8.21669,8.21531,1000000,1000000
2018-03-14 08:25:38.432000,8.21679,8.21536,1000000,1000000
2018-03-14 08:25:38.483000,8.21679,8.2154,1000000,1000000
2018-03-14 08:25:38.687000,8.21686,8.21545,1000000,1000000
2018-03-14 08:25:39.166000,8.21687,8.2155,1500000,1000000
2018-03-14 08:25:39.487000,8.21712,8.2158,1000000,1000000
2018-03-14 08:25:39.539000,8.21716,8.21582,1000000,1000000
2018-03-14 08:25:39.590000,8.21729,8.21582,1000000,1000000
2018-03-14 08:25:39.641000,8.21729,8.21585,1000000,1000000
2018-03-14 08:25:40.062000,8.21729,8.21589,1000000,1000000
2018-03-14 08:25:40.164000,8.21731,8.21589,1000000,1000000
2018-03-14 08:25:40.366000,8.21731,8.21596,1000000,1000000
2018-03-14 08:25:40.682000,8.21749,8.21618,1000000,1000000
2018-03-14 08:25:40.783000,8.21751,8.21618,1000000,1000000
2018-03-14 08:25:41.535000,8.21751,8.21614,1000000,1000000
2018-03-14 08:25:41.636000,8.21751,8.2161,1000000,1000000
2018-03-14 08:25:41.687000,8.21751,8.21615,1000000,1000000
2018-03-14 08:25:41.737000,8.21751,8.2161,1000000,1000000
2018-03-14 08:25:43.578000,8.21751,8.21614,1000000,1000000
2018-03-14 08:25:44.066000,8.21751,8.21622,1000000,1000000
2018-03-14 08:25:44.372000,8.21751,8.2164,1000000,1000000
2018-03-14 08:25:45.581000,8.21751,8.21629,1000000,1000000
2018-03-14 08:25:46.056000,8.21751,8.21639,1000000,1000000
2018-03-14 08:25:46.580000,8.21751,8.2164,1000000,1000000
2018-03-14 08:25:47.403000,8.21768,8.21648,1000000,1000000
2018-03-14 08:25:47.454000,8.21768,8.21656,1000000,1000000
2018-03-14 08:25:47.505000,8.21787,8.21656,1000000,1000000
2018-03-14 08:25:47.682000,8.21787,8.21652,1000000,1000000
2018-03-14 08:25:47.738000,8.21787,8.21661,1000000,1000000
2018-03-14 08:25:47.788000,8.21792,8.21661,1000000,1000000
2018-03-14 08:25:47.990000,8.21792,8.21653,1000000,1000000
2018-03-14 08:25:48.092000,8.2179,8.21661,1000000,1000000
2018-03-14 08:25:48.193000,8.2179,8.21653,1000000,1000000
2018-03-14 08:25:48.651000,8.21788,8.21653,1000000,1000000
2018-03-14 08:25:48.974000,8.21789,8.21647,1000000,1000000
2018-03-14 08:25:49.363000,8.21789,8.21655,1000000,1000000
2018-03-14 08:25:49.866000,8.21788,8.21654,1000000,1000000
2018-03-14 08:25:50.465000,8.21789,8.21654,1000000,1000000
2018-03-14 08:25:50.914000,8.21789,8.21648,1000000,1000000
2018-03-14 08:25:50.965000,8.21789,8.21651,1000000,1000000
2018-03-14 08:25:51.283000,8.21792,8.21663,1000000,1000000
2018-03-14 08:25:51.611000,8.21792,8.21666,1000000,1000000
2018-03-14 08:25:51.760000,8.21794,8.21666,1000000,1000000
2018-03-14 08:25:51.862000,8.21794,8.2167,1000000,1000000
2018-03-14 08:25:52.017000,8.21811,8.21686,1000000,1000000
2018-03-14 08:25:52.118000,8.21811,8.21693,1000000,1000000
2018-03-14 08:25:52.170000,8.21825,8.21699,1000000,1000000
2018-03-14 08:25:52.271000,8.21828,8.217,1000000,1000000
2018-03-14 08:25:52.418000,8.21828,8.21705,1000000,1000000
2018-03-14 08:25:52.722000,8.21849,8.21737,1000000,1000000
2018-03-14 08:25:52.952000,8.21864,8.21737,1000000,1000000
2018-03-14 08:25:53.266000,8.21862,8.21737,1000000,1000000
2018-03-14 08:25:53.807000,8.21861,8.21738,1000000,1000000
2018-03-14 08:25:54.164000,8.21864,8.21738,1000000,1000000
2018-03-14 08:25:54.216000,8.21864,8.21743,1000000,1000000
2018-03-14 08:25:54.318000,8.21879,8.21753,1000000,1000000
2018-03-14 08:25:54.369000,8.21879,8.21757,1000000,1000000
2018-03-14 08:25:54.685000,8.21889,8.21773,1000000,1000000
2018-03-14 08:25:54.736000,8.21889,8.2176,1000000,1000000
2018-03-14 08:25:54.838000,8.21889,8.21769,1000000,1000000
2018-03-14 08:25:54.896000,8.21894,8.21769,1000000,1000000
2018-03-14 08:25:54.946000,8.21894,8.21774,1000000,1000000
2018-03-14 08:25:55.202000,8.21899,8.21774,1000000,1000000
2018-03-14 08:25:56.131000,8.219,8.21774,1000000,1000000
2018-03-14 08:25:56.606000,8.21897,8.21774,1000000,1000000
2018-03-14 08:25:56.712000,8.21897,8.2177,1000000,1000000
2018-03-14 08:25:56.815000,8.2188,8.21762,1000000,1000000
2018-03-14 08:25:56.867000,8.2188,8.21757,1000000,1000000
2018-03-14 08:25:56.918000,8.2188,8.21753,1000000,1000000
2018-03-14 08:25:56.969000,8.2188,8.21745,1000000,1000000
2018-03-14 08:25:57.020000,8.2188,8.21736,1000000,1000000
2018-03-14 08:25:57.071000,8.2186,8.21728,1000000,1000000
2018-03-14 08:25:57.123000,8.2186,8.21719,1000000,1000000
2018-03-14 08:25:57.230000,8.21838,8.21711,1000000,1000000
2018-03-14 08:25:57.539000,8.21854,8.21738,1000000,1000000
2018-03-14 08:25:57.692000,8.21871,8.21747,1000000,1000000
2018-03-14 08:25:57.744000,8.21871,8.21752,1000000,1000000
2018-03-14 08:25:58.034000,8.21878,8.21756,1000000,1000000
2018-03-14 08:25:58.269000,8.21878,8.21744,1000000,1000000
2018-03-14 08:25:58.321000,8.21879,8.21746,1000000,1000000
2018-03-14 08:25:58.423000,8.21896,8.21759,1000000,1000000
2018-03-14 08:25:58.526000,8.21941,8.21795,1000000,1000000
2018-03-14 08:25:58.578000,8.21937,8.21783,1000000,1000000
2018-03-14 08:25:58.629000,8.21943,8.21783,1000000,1000000
2018-03-14 08:25:58.831000,8.21936,8.21779,1000000,1000000
2018-03-14 08:25:59.137000,8.21955,8.21838,1000000,1000000
2018-03-14 08:25:59.238000,8.21974,8.21838,1000000,1000000
2018-03-14 08:25:59.289000,8.21974,8.21841,1000000,1000000
2018-03-14 08:25:59.615000,8.21991,8.21864,1000000,1000000
2018-03-14 08:25:59.717000,8.21999,8.21859,1000000,1000000
2018-03-14 08:25:59.769000,8.21993,8.21849,1000000,1000000
2018-03-14 08:25:59.870000,8.21982,8.21836,1000000,1000000
2018-03-14 08:25:59.921000,8.22015,8.21869,1000000,1000000
2018-03-14 08:26:00.230000,8.21982,8.21837,1000000,1000000
2018-03-14 08:26:00.332000,8.21949,8.21803,1000000,1000000
2018-03-14 08:26:00.434000,8.2193,8.21791,1000000,1000000
2018-03-14 08:26:00.485000,8.2193,8.21784,1000000,1000000
2018-03-14 08:26:00.536000,8.21921,8.21775,1000000,1000000
2018-03-14 08:26:00.918000,8.21896,8.2175,1000000,1000000
2018-03-14 08:26:01.227000,8.21883,8.21737,1000000,1000000
2018-03-14 08:26:01.582000,8.21878,8.21732,1000000,1000000
2018-03-14 08:26:01.804000,8.21855,8.21691,1000000,1000000
2018-03-14 08:26:01.855000,8.21848,8.21679,1000000,1000000
2018-03-14 08:26:02.317000,8.21831,8.21685,1000000,1000000
2018-03-14 08:26:02.625000,8.21848,8.21702,1000000,1000000
2018-03-14 08:26:02.879000,8.21805,8.21638,1000000,1000000
2018-03-14 08:26:02.930000,8.21796,8.21627,1000000,1000000
2018-03-14 08:26:02.981000,8.21784,8.21624,1000000,1000000
2018-03-14 08:26:03.190000,8.21792,8.21623,1000000,1000000
2018-03-14 08:26:03.241000,8.21779,8.2161,1000000,1000000
2018-03-14 08:26:03.546000,8.21778,8.21622,1000000,1000000
2018-03-14 08:26:03.854000,8.21799,8.21643,1000000,1000000
2018-03-14 08:26:04.193000,8.21802,8.21647,1000000,1000000
2018-03-14 08:26:04.348000,8.21779,8.21617,1000000,1000000
2018-03-14 08:26:04.603000,8.21775,8.21617,1000000,1000000
2018-03-14 08:26:04.654000,8.21779,8.21617,1000000,1000000
2018-03-14 08:26:04.772000,8.21795,8.21633,1000000,1000000
2018-03-14 08:26:05.079000,8.21857,8.21711,1000000,1500000
2018-03-14 08:26:05.315000,8.21845,8.21681,1000000,1000000
2018-03-14 08:26:05.366000,8.21845,8.21674,1000000,1000000
2018-03-14 08:26:05.417000,8.21845,8.2168,1000000,1000000
2018-03-14 08:26:05.570000,8.21872,8.21699,1500000,1000000
2018-03-14 08:26:05.621000,8.21872,8.21701,1000000,1000000
2018-03-14 08:26:05.903000,8.21916,8.21734,1000000,1000000
2018-03-14 08:26:06.004000,8.21914,8.21733,1000000,1000000
2018-03-14 08:26:06.312000,8.21857,8.21689,1000000,1000000
2018-03-14 08:26:06.450000,8.21849,8.21672,1000000,1000000
2018-03-14 08:26:06.502000,8.21849,8.21679,1000000,1000000
2018-03-14 08:26:06.604000,8.21849,8.21673,1000000,1000000
2018-03-14 08:26:06.705000,8.21833,8.21654,1000000,1000000
2018-03-14 08:26:06.857000,8.21828,8.21657,1000000,1000000
2018-03-14 08:26:07.202000,8.21858,8.21702,1000000,1000000
2018-03-14 08:26:07.405000,8.21867,8.21709,1000000,1000000
2018-03-14 08:26:07.456000,8.21871,8.2172,1000000,1000000
2018-03-14 08:26:07.507000,8.21871,8.21714,1000000,1000000
2018-03-14 08:26:07.634000,8.2187,8.21704,1000000,1000000
2018-03-14 08:26:07.938000,8.21862,8.217,1000000,1000000
2018-03-14 08:26:07.989000,8.21843,8.2168,1000000,1000000
2018-03-14 08:26:08.040000,8.21866,8.21685,1000000,1000000
2018-03-14 08:26:08.091000,8.21855,8.21675,1000000,1000000
2018-03-14 08:26:08.142000,8.21858,8.21675,1000000,1000000
2018-03-14 08:26:08.193000,8.21845,8.21675,1000000,1000000
2018-03-14 08:26:08.474000,8.21858,8.21685,1000000,1000000
2018-03-14 08:26:08.527000,8.21861,8.21696,1000000,1000000
2018-03-14 08:26:08.629000,8.2186,8.21693,1000000,1000000
2018-03-14 08:26:08.680000,8.21876,8.21712,1000000,1000000
2018-03-14 08:26:08.731000,8.21896,8.21726,1000000,1000000
2018-03-14 08:26:08.782000,8.21861,8.21702,1000000,1000000
2018-03-14 08:26:09.119000,8.21896,8.21729,1000000,1000000
2018-03-14 08:26:09.170000,8.21888,8.21729,1000000,1000000
2018-03-14 08:26:09.222000,8.21902,8.21729,1000000,1000000
2018-03-14 08:26:09.273000,8.21912,8.21729,1000000,1000000
2018-03-14 08:26:09.324000,8.21905,8.21725,1000000,1000000
2018-03-14 08:26:09.658000,8.21886,8.2177,1000000,1000000
2018-03-14 08:26:09.710000,8.21892,8.21732,1000000,1000000
2018-03-14 08:26:09.776000,8.21896,8.21736,1000000,1000000
2018-03-14 08:26:09.878000,8.21905,8.21744,1000000,1000000
2018-03-14 08:26:10.131000,8.21905,8.21767,1000000,1000000
2018-03-14 08:26:10.232000,8.21909,8.21767,1000000,1000000
2018-03-14 08:26:10.333000,8.21926,8.21767,1000000,1000000
2018-03-14 08:26:10.416000,8.21931,8.21773,1000000,1000000
2018-03-14 08:26:10.517000,8.21941,8.2178,1000000,1000000
2018-03-14 08:26:10.568000,8.21953,8.21793,1000000,1000000
2018-03-14 08:26:10.871000,8.21952,8.21801,1000000,1000000
2018-03-14 08:26:10.972000,8.21965,8.21801,1000000,1000000
2018-03-14 08:26:11.074000,8.21978,8.21814,1000000,1000000
2018-03-14 08:26:11.379000,8.21994,8.2183,1000000,1000000
2018-03-14 08:26:11.682000,8.22018,8.21855,1000000,1000000
2018-03-14 08:26:12.627000,8.21993,8.21839,1000000,1000000
2018-03-14 08:26:12.755000,8.22014,8.21857,1000000,1000000
2018-03-14 08:26:12.807000,8.22025,8.21816,1000000,1000000
2018-03-14 08:26:13.039000,8.22025,8.21812,1000000,1000000
2018-03-14 08:26:13.242000,8.22035,8.2185,1000000,1000000
2018-03-14 08:26:13.322000,8.2204,8.21853,1000000,1000000
2018-03-14 08:26:13.660000,8.22045,8.21858,1000000,1000000
2018-03-14 08:26:14.012000,8.22037,8.21866,1000000,1000000
2018-03-14 08:26:14.267000,8.22012,8.21825,1000000,1000000
2018-03-14 08:26:14.392000,8.22001,8.21823,1000000,1000000
2018-03-14 08:26:14.494000,8.21995,8.21809,1000000,1000000
2018-03-14 08:26:14.994000,8.21988,8.21817,1000000,1000000
2018-03-14 08:26:15.379000,8.21976,8.21828,1000000,1000000
2018-03-14 08:26:15.924000,8.21979,8.21831,1000000,1000000
2018-03-14 08:26:16.257000,8.21985,8.21837,1000000,1000000
2018-03-14 08:26:16.605000,8.22039,8.21891,1000000,1000000
2018-03-14 08:26:16.656000,8.22055,8.2189,1000000,1000000
2018-03-14 08:26:16.707000,8.22039,8.21868,1000000,1000000
2018-03-14 08:26:16.758000,8.22044,8.21876,1000000,1000000
2018-03-14 08:26:16.808000,8.22044,8.21873,1500000,1000000
2018-03-14 08:26:16.859000,8.22044,8.21878,1000000,1000000
2018-03-14 08:26:17.176000,8.22005,8.21868,1000000,1000000
2018-03-14 08:26:17.227000,8.22017,8.21846,1000000,1000000
2018-03-14 08:26:17.448000,8.22023,8.21852,1000000,1000000
2018-03-14 08:26:17.751000,8.22018,8.21849,1000000,1000000
2018-03-14 08:26:18.235000,8.22015,8.21844,1000000,1000000
2018-03-14 08:26:18.286000,8.22005,8.21833,1000000,1000000
2018-03-14 08:26:18.342000,8.22,8.21829,1000000,1000000
2018-03-14 08:26:18.655000,8.21994,8.21823,1000000,1000000
2018-03-14 08:26:18.959000,8.21978,8.21822,1000000,1000000
2018-03-14 08:26:19.010000,8.21978,8.21814,1000000,1000000
2018-03-14 08:26:19.213000,8.21985,8.21814,1000000,1000000
2018-03-14 08:26:19.397000,8.21987,8.21816,1000000,1000000
2018-03-14 08:26:19.499000,8.21986,8.21814,1000000,1000000
2018-03-14 08:26:19.631000,8.21987,8.21816,1000000,1000000
2018-03-14 08:26:20.060000,8.21976,8.21813,1000000,1000000
2018-03-14 08:26:20.115000,8.21968,8.21803,1000000,1000000
2018-03-14 08:26:20.273000,8.21982,8.21811,1000000,1000000
2018-03-14 08:26:20.324000,8.21993,8.21822,1000000,1000000
2018-03-14 08:26:20.478000,8.21961,8.21779,1000000,1000000
2018-03-14 08:26:20.529000,8.21961,8.21783,1000000,1000000
2018-03-14 08:26:20.631000,8.21971,8.2178,1000000,1000000
2018-03-14 08:26:20.681000,8.21957,8.21786,1000000,1000000
2018-03-14 08:26:20.990000,8.21946,8.21784,1000000,1000000
2018-03-14 08:26:21.041000,8.21946,8.21776,1000000,1000000
2018-03-14 08:26:21.588000,8.21946,8.21787,1000000,1000000
2018-03-14 08:26:21.893000,8.21946,8.21796,1000000,1000000
2018-03-14 08:26:23.346000,8.21946,8.21801,1000000,1000000
2018-03-14 08:26:23.873000,8.21951,8.21819,1000000,1000000
2018-03-14 08:26:23.924000,8.21964,8.21811,1000000,1000000
2018-03-14 08:26:23.975000,8.21964,8.21806,1000000,1000000
2018-03-14 08:26:24.084000,8.21964,8.21823,1000000,1000000
2018-03-14 08:26:24.136000,8.21962,8.21814,1000000,1000000
2018-03-14 08:26:24.188000,8.21958,8.2181,1000000,1000000
2018-03-14 08:26:24.518000,8.21957,8.21816,1000000,1000000
2018-03-14 08:26:25.296000,8.21958,8.21816,1000000,1000000
2018-03-14 08:26:25.778000,8.21957,8.21805,1000000,1000000
2018-03-14 08:26:25.930000,8.2196,8.21805,1000000,1000000
2018-03-14 08:26:26.198000,8.21962,8.21805,1000000,1000000
2018-03-14 08:26:26.968000,8.21961,8.21805,1000000,1000000
2018-03-14 08:26:27.115000,8.21961,8.21812,1000000,1000000
2018-03-14 08:26:27.476000,8.21962,8.21831,1000000,1000000
2018-03-14 08:26:27.679000,8.21958,8.21826,1000000,1000000
2018-03-14 08:26:27.730000,8.21958,8.21806,1000000,1000000
2018-03-14 08:26:27.868000,8.21961,8.21806,1000000,1000000
2018-03-14 08:26:28.502000,8.21957,8.21806,1000000,1000000
2018-03-14 08:26:28.849000,8.2196,8.21826,1000000,1000000
2018-03-14 08:26:29.127000,8.21968,8.21826,1000000,1000000
2018-03-14 08:26:29.304000,8.21968,8.2183,1000000,1000000
2018-03-14 08:26:29.557000,8.21985,8.21843,1000000,1000000
2018-03-14 08:26:29.608000,8.21985,8.21836,1000000,1000000
2018-03-14 08:26:29.760000,8.21987,8.21836,1000000,1000000
2018-03-14 08:26:29.812000,8.22005,8.21855,1000000,1000000
2018-03-14 08:26:29.914000,8.22011,8.2186,1000000,1000000
2018-03-14 08:26:30.720000,8.22015,8.2187,1000000,1000000
2018-03-14 08:26:31.025000,8.22028,8.21887,1000000,1000000
2018-03-14 08:26:31.149000,8.2203,8.21887,1000000,1000000
2018-03-14 08:26:31.251000,8.22033,8.21887,1000000,1000000
2018-03-14 08:26:31.584000,8.22031,8.21887,1000000,1000000
2018-03-14 08:26:31.696000,8.22046,8.21887,1000000,1000000
2018-03-14 08:26:31.747000,8.22046,8.21891,1000000,1000000
2018-03-14 08:26:32.072000,8.22046,8.21896,1000000,1000000
2018-03-14 08:26:33.651000,8.22046,8.21912,1000000,1000000
2018-03-14 08:26:34.104000,8.22046,8.21908,1000000,1000000
2018-03-14 08:26:34.910000,8.22058,8.21908,1000000,1000000
2018-03-14 08:26:35.074000,8.22058,8.21906,1000000,1000000
2018-03-14 08:26:35.177000,8.22055,8.21902,1000000,1000000
2018-03-14 08:26:35.383000,8.22051,8.21899,1000000,1000000
2018-03-14 08:26:35.727000,8.22066,8.21915,1000000,1000000
2018-03-14 08:26:35.779000,8.22102,8.2194,1000000,1000000
2018-03-14 08:26:35.831000,8.22108,8.21959,1000000,1000000
2018-03-14 08:26:35.883000,8.22118,8.21942,1000000,1000000
2018-03-14 08:26:35.939000,8.22129,8.21957,1000000,1000000
2018-03-14 08:26:35.993000,8.22111,8.21919,1000000,1000000
2018-03-14 08:26:36.044000,8.22095,8.21919,1000000,1000000
2018-03-14 08:26:36.357000,8.21933,8.21871,1000000,1000000
2018-03-14 08:26:36.408000,8.21933,8.21855,1000000,1000000
2018-03-14 08:26:36.509000,8.21988,8.21861,1000000,1000000
2018-03-14 08:26:36.560000,8.21988,8.21852,1000000,1000000
2018-03-14 08:26:36.661000,8.22007,8.21845,1000000,1000000
2018-03-14 08:26:36.712000,8.22007,8.21849,1000000,1000000
2018-03-14 08:26:36.864000,8.22007,8.21845,1000000,1500000
2018-03-14 08:26:37.110000,8.22007,8.21841,1000000,1000000
2018-03-14 08:26:37.161000,8.22007,8.21836,1000000,1000000
2018-03-14 08:26:37.264000,8.22006,8.2183,1000000,1000000
2018-03-14 08:26:37.315000,8.21997,8.21824,1000000,1500000
2018-03-14 08:26:37.417000,8.2198,8.21806,1000000,1000000
2018-03-14 08:26:37.469000,8.2196,8.21794,1000000,1000000
2018-03-14 08:26:37.585000,8.2196,8.21785,1000000,1000000
2018-03-14 08:26:37.637000,8.21922,8.21783,1000000,1000000
2018-03-14 08:26:37.688000,8.21922,8.21775,1000000,1000000
2018-03-14 08:26:37.739000,8.21922,8.21778,1000000,1000000
2018-03-14 08:26:37.840000,8.21922,8.21758,1000000,1000000
2018-03-14 08:26:37.943000,8.21922,8.2175,1000000,1000000
2018-03-14 08:26:38.045000,8.21915,8.2175,1000000,1000000
2018-03-14 08:26:38.362000,8.21888,8.21729,1000000,1000000
2018-03-14 08:26:38.464000,8.21888,8.21723,1000000,1500000
2018-03-14 08:26:38.983000,8.21888,8.21724,1000000,1000000
2018-03-14 08:26:39.087000,8.21888,8.21717,1000000,1000000
2018-03-14 08:26:39.188000,8.21888,8.21721,1000000,1000000
2018-03-14 08:26:39.498000,8.21886,8.21735,1000000,1000000
2018-03-14 08:26:39.874000,8.21886,8.21732,1000000,1000000
2018-03-14 08:26:40.129000,8.21886,8.21734,1000000,1000000
2018-03-14 08:26:40.398000,8.21883,8.21714,1000000,1000000
2018-03-14 08:26:40.449000,8.21859,8.21714,1000000,1000000
2018-03-14 08:26:40.500000,8.21859,8.21704,1000000,1000000
2018-03-14 08:26:40.729000,8.21859,8.21715,1000000,1000000
2018-03-14 08:26:41.029000,8.21859,8.21709,1000000,1500000
2018-03-14 08:26:41.285000,8.21859,8.21719,1000000,1000000
2018-03-14 08:26:41.344000,8.21859,8.21709,1000000,1000000
2018-03-14 08:26:41.395000,8.21882,8.21734,1000000,1000000
2018-03-14 08:26:41.446000,8.21882,8.21717,1000000,1000000
2018-03-14 08:26:41.713000,8.21882,8.21712,1000000,1000000
2018-03-14 08:26:41.764000,8.21882,8.21721,1000000,1000000
2018-03-14 08:26:42.030000,8.21882,8.21712,1000000,1500000
2018-03-14 08:26:42.338000,8.21882,8.21716,1000000,1000000
2018-03-14 08:26:42.934000,8.21882,8.21721,1000000,1000000
2018-03-14 08:26:43.536000,8.21882,8.21722,1000000,1000000
2018-03-14 08:26:43.710000,8.2187,8.21702,1000000,1000000
2018-03-14 08:26:43.761000,8.21849,8.217,1000000,1000000
2018-03-14 08:26:43.812000,8.21849,8.21691,1000000,1000000
2018-03-14 08:26:43.863000,8.21832,8.21673,1000000,1000000
2018-03-14 08:26:43.914000,8.21813,8.21655,1000000,1000000
2018-03-14 08:26:43.966000,8.21813,8.2165,1000000,1000000
2018-03-14 08:26:44.017000,8.21797,8.21645,1000000,1000000
2018-03-14 08:26:44.123000,8.21779,8.21613,1000000,1000000
2018-03-14 08:26:44.256000,8.21774,8.21613,1000000,1000000
2018-03-14 08:26:44.360000,8.21745,8.21581,1000000,1000000
2018-03-14 08:26:44.412000,8.21745,8.21586,1000000,1000000
2018-03-14 08:26:44.565000,8.21733,8.21569,1000000,1000000
2018-03-14 08:26:44.769000,8.21732,8.21576,1000000,1000000
2018-03-14 08:26:44.820000,8.21752,8.21583,1000000,1000000
2018-03-14 08:26:44.871000,8.21752,8.21566,1000000,1000000
2018-03-14 08:26:45.024000,8.21745,8.21566,1000000,1000000
2018-03-14 08:26:45.463000,8.21745,8.21568,1000000,1000000
2018-03-14 08:26:45.787000,8.21718,8.21559,1500000,1000000
2018-03-14 08:26:46.029000,8.21718,8.21554,1500000,1000000
2018-03-14 08:26:46.640000,8.21718,8.21548,1500000,1000000
2018-03-14 08:26:46.884000,8.21706,8.21548,1000000,1000000
2018-03-14 08:26:47.092000,8.21721,8.21552,1000000,1000000
2018-03-14 08:26:47.255000,8.2172,8.21556,1000000,1000000
2018-03-14 08:26:47.357000,8.21731,8.21556,1000000,1000000
2018-03-14 08:26:47.408000,8.21722,8.21556,1000000,1000000
2018-03-14 08:26:47.459000,8.21726,8.21556,1000000,1000000
2018-03-14 08:26:47.560000,8.21727,8.21563,1000000,1000000
2018-03-14 08:26:47.949000,8.21726,8.21567,1000000,1000000
2018-03-14 08:26:48.252000,8.21693,8.21542,1000000,1000000
2018-03-14 08:26:48.555000,8.21688,8.21536,1000000,1000000
2018-03-14 08:26:48.682000,8.21674,8.21536,1000000,1000000
2018-03-14 08:26:48.784000,8.21686,8.21536,1000000,1000000
2018-03-14 08:26:48.835000,8.21677,8.21536,1000000,1000000
2018-03-14 08:26:49.037000,8.21677,8.21507,1000000,1000000
2018-03-14 08:26:49.241000,8.21677,8.21523,1000000,1000000
2018-03-14 08:26:49.531000,8.21679,8.21523,1000000,1000000
2018-03-14 08:26:49.582000,8.21679,8.21527,1000000,1000000
2018-03-14 08:26:49.734000,8.21677,8.21503,1000000,1000000
2018-03-14 08:26:49.995000,8.21677,8.21583,1000000,1000000
2018-03-14 08:26:50.046000,8.21696,8.21583,1000000,1000000
2018-03-14 08:26:50.199000,8.21707,8.21583,1000000,1000000
2018-03-14 08:26:50.250000,8.21716,8.21566,1000000,1000000
2018-03-14 08:26:50.601000,8.21716,8.21564,1000000,1000000
2018-03-14 08:26:50.652000,8.2172,8.21564,1000000,1000000
2018-03-14 08:26:50.753000,8.2172,8.21546,1000000,1000000
2018-03-14 08:26:50.804000,8.21714,8.2154,1000000,1000000
2018-03-14 08:26:50.905000,8.21714,8.21538,1000000,1000000
2018-03-14 08:26:51.058000,8.21714,8.21579,1000000,1000000
2018-03-14 08:26:51.160000,8.21714,8.21554,1000000,1000000
2018-03-14 08:26:51.435000,8.21737,8.21573,1000000,1000000
2018-03-14 08:26:51.486000,8.21752,8.21577,1000000,1000000
2018-03-14 08:26:51.537000,8.21782,8.21608,1000000,1000000
2018-03-14 08:26:51.588000,8.21783,8.21605,1000000,1000000
2018-03-14 08:26:51.639000,8.21798,8.21619,1000000,1000000
2018-03-14 08:26:51.740000,8.21806,8.21681,1000000,1000000
2018-03-14 08:26:51.791000,8.21815,8.21681,1000000,1000000
2018-03-14 08:26:51.893000,8.2183,8.21681,1000000,1000000
2018-03-14 08:26:51.944000,8.21828,8.21681,1000000,1000000
2018-03-14 08:26:52.047000,8.21798,8.2162,1000000,1500000
2018-03-14 08:26:52.185000,8.21817,8.2165,1000000,1000000
2018-03-14 08:26:52.339000,8.21835,8.21655,1000000,1000000
2018-03-14 08:26:52.389000,8.21835,8.21665,1000000,1000000
2018-03-14 08:26:52.809000,8.21835,8.21671,1000000,1000000
2018-03-14 08:26:53.118000,8.21835,8.2168,1000000,1000000
2018-03-14 08:26:53.271000,8.21859,8.21682,1000000,1000000
2018-03-14 08:26:53.530000,8.21859,8.21687,1000000,1000000
2018-03-14 08:26:53.862000,8.21859,8.21689,1000000,1000000
2018-03-14 08:26:54.185000,8.21859,8.21697,1000000,1000000
2018-03-14 08:26:54.524000,8.21859,8.21707,1000000,1000000
2018-03-14 08:26:54.834000,8.21859,8.21709,1000000,1000000
2018-03-14 08:26:55.328000,8.2186,8.21721,1000000,1000000
2018-03-14 08:26:57.081000,8.2186,8.2171,1000000,1000000
2018-03-14 08:26:57.182000,8.21848,8.21691,1000000,1000000
2018-03-14 08:26:57.233000,8.21852,8.21691,1000000,1000000
2018-03-14 08:26:57.284000,8.21835,8.21691,1000000,1000000
2018-03-14 08:26:57.480000,8.21826,8.21673,1000000,1000000
2018-03-14 08:26:57.632000,8.21823,8.21698,1000000,1000000
2018-03-14 08:26:57.834000,8.21868,8.21731,1000000,1000000
2018-03-14 08:26:57.886000,8.21909,8.21737,1000000,1000000
2018-03-14 08:26:57.937000,8.2191,8.21743,1000000,1000000
2018-03-14 08:26:58.244000,8.2194,8.21776,1000000,1000000
2018-03-14 08:26:58.562000,8.2194,8.21794,1000000,1000000
2018-03-14 08:26:58.614000,8.2194,8.21789,1000000,1000000
2018-03-14 08:26:58.958000,8.2194,8.21792,1000000,1000000
2018-03-14 08:26:59.161000,8.21955,8.21797,1000000,1000000
2018-03-14 08:26:59.212000,8.21955,8.218,1000000,1000000
2018-03-14 08:26:59.520000,8.21972,8.21819,1000000,1000000
2018-03-14 08:26:59.809000,8.21972,8.21803,1000000,1000000
2018-03-14 08:26:59.860000,8.21955,8.21803,1000000,1000000
2018-03-14 08:26:59.962000,8.21977,8.21806,1000000,1000000
2018-03-14 08:27:00.116000,8.21977,8.21818,1000000,1000000
2018-03-14 08:27:00.445000,8.21977,8.21809,1000000,1000000
2018-03-14 08:27:00.908000,8.21977,8.21806,1000000,1000000
2018-03-14 08:27:01.611000,8.21993,8.21825,1000000,1000000
2018-03-14 08:27:01.915000,8.22017,8.21837,1000000,1000000
2018-03-14 08:27:02.101000,8.22017,8.2184,1000000,1000000
2018-03-14 08:27:02.303000,8.22022,8.21839,1000000,1000000
2018-03-14 08:27:02.457000,8.21992,8.21838,1000000,1000000
2018-03-14 08:27:02.508000,8.21935,8.21758,1000000,1000000
2018-03-14 08:27:02.631000,8.21962,8.21779,1000000,1000000
2018-03-14 08:27:02.685000,8.21966,8.21784,1000000,1000000
2018-03-14 08:27:02.839000,8.21987,8.21804,1000000,1500000
2018-03-14 08:27:03.095000,8.21962,8.21786,1000000,1000000
2018-03-14 08:27:03.410000,8.21962,8.2179,1000000,1500000
2018-03-14 08:27:03.943000,8.21962,8.21789,1000000,1000000
2018-03-14 08:27:03.994000,8.21962,8.21782,1000000,1000000
2018-03-14 08:27:04.201000,8.21962,8.21787,1000000,1000000
2018-03-14 08:27:04.507000,8.21962,8.21789,1000000,1000000
2018-03-14 08:27:05.154000,8.21945,8.21789,1000000,1000000
2018-03-14 08:27:05.205000,8.21945,8.21769,1000000,1000000
2018-03-14 08:27:05.255000,8.21945,8.21782,1000000,1000000
2018-03-14 08:27:05.600000,8.21945,8.21787,1000000,1000000
2018-03-14 08:27:05.955000,8.21945,8.21789,1000000,1000000
2018-03-14 08:27:06.583000,8.21945,8.21788,1000000,1000000
2018-03-14 08:27:07.129000,8.21945,8.21787,1000000,1000000
2018-03-14 08:27:07.180000,8.21973,8.21803,1000000,1000000
2018-03-14 08:27:08.625000,8.21955,8.2179,1000000,1000000
2018-03-14 08:27:08.676000,8.21955,8.21779,1500000,1000000
2018-03-14 08:27:09.099000,8.21953,8.21797,1000000,1000000
2018-03-14 08:27:09.200000,8.21972,8.21803,1000000,1000000
2018-03-14 08:27:09.959000,8.21956,8.21794,1000000,1000000
2018-03-14 08:27:10.011000,8.21956,8.21787,1000000,1000000
2018-03-14 08:27:10.062000,8.21956,8.21794,1000000,1000000
2018-03-14 08:27:10.387000,8.21956,8.21797,1000000,1000000
2018-03-14 08:27:10.925000,8.21956,8.21789,1000000,1000000
2018-03-14 08:27:10.976000,8.21949,8.21777,1000000,1000000
2018-03-14 08:27:11.028000,8.21938,8.21772,1000000,1000000
2018-03-14 08:27:11.080000,8.21938,8.21766,1000000,1000000
2018-03-14 08:27:11.131000,8.21919,8.21766,1000000,1000000
2018-03-14 08:27:11.284000,8.21919,8.21758,1000000,1000000
2018-03-14 08:27:11.386000,8.21897,8.21747,1000000,1000000
2018-03-14 08:27:11.484000,8.21897,8.21736,1000000,1000000
2018-03-14 08:27:11.535000,8.21876,8.21717,1000000,1000000
2018-03-14 08:27:11.586000,8.21874,8.21703,1000000,1000000
2018-03-14 08:27:11.637000,8.21846,8.2169,1000000,1000000
2018-03-14 08:27:11.742000,8.21846,8.21686,1000000,1000000
2018-03-14 08:27:12.184000,8.21846,8.21682,1000000,1000000
2018-03-14 08:27:12.236000,8.21831,8.21677,1000000,1000000
2018-03-14 08:27:12.548000,8.21831,8.21681,1000000,1000000
2018-03-14 08:27:12.713000,8.21831,8.21669,1000000,1000000
2018-03-14 08:27:12.764000,8.21831,8.2166,1000000,1000000
2018-03-14 08:27:12.816000,8.21831,8.21669,1000000,1000000
2018-03-14 08:27:12.868000,8.21831,8.21661,1000000,1000000
2018-03-14 08:27:13.265000,8.21825,8.21661,1000000,1000000
2018-03-14 08:27:14.035000,8.21807,8.21652,1000000,1000000
2018-03-14 08:27:14.442000,8.21809,8.21652,1000000,1000000
2018-03-14 08:27:14.543000,8.21827,8.21663,1000000,1000000
2018-03-14 08:27:14.593000,8.21827,8.21672,1000000,1000000
2018-03-14 08:27:14.695000,8.21827,8.2166,1000000,1000000
2018-03-14 08:27:14.746000,8.21827,8.21667,1000000,1000000
2018-03-14 08:27:14.981000,8.21832,8.21665,1000000,1000000
2018-03-14 08:27:15.032000,8.21823,8.21665,1000000,1000000
2018-03-14 08:27:15.084000,8.21817,8.21647,1000000,1000000
2018-03-14 08:27:15.138000,8.21824,8.21653,1000000,1000000
2018-03-14 08:27:15.383000,8.21806,8.21648,1000000,1000000
2018-03-14 08:27:15.484000,8.21821,8.21648,1000000,1000000
2018-03-14 08:27:15.636000,8.21788,8.21648,1000000,1000000
2018-03-14 08:27:15.738000,8.21825,8.21652,1000000,1000000
2018-03-14 08:27:15.967000,8.2182,8.21647,1000000,1000000
2018-03-14 08:27:16.018000,8.21837,8.21646,1000000,1000000
2018-03-14 08:27:18.435000,8.21843,8.21653,1000000,1000000
2018-03-14 08:27:18.821000,8.21841,8.21653,1000000,1000000
2018-03-14 08:27:19.705000,8.21835,8.21663,1000000,1000000
2018-03-14 08:27:19.756000,8.21864,8.21662,1000000,1000000
2018-03-14 08:27:19.807000,8.21845,8.21662,1000000,1000000
2018-03-14 08:27:19.910000,8.21868,8.21662,1000000,1000000
2018-03-14 08:27:20.064000,8.21868,8.21667,1000000,1000000
2018-03-14 08:27:20.368000,8.21843,8.21669,1000000,1000000
2018-03-14 08:27:20.710000,8.21833,8.21667,1000000,1000000
2018-03-14 08:27:20.812000,8.21836,8.21667,1000000,1000000
2018-03-14 08:27:21.899000,8.21826,8.21667,1000000,1000000
2018-03-14 08:27:22.293000,8.21826,8.21659,1000000,1000000
2018-03-14 08:27:22.831000,8.21826,8.2166,1000000,1000000
2018-03-14 08:27:23.129000,8.21834,8.21661,1000000,1000000
2018-03-14 08:27:23.295000,8.21834,8.21667,1000000,1000000
2018-03-14 08:27:23.649000,8.21834,8.21669,1000000,1000000
2018-03-14 08:27:24.282000,8.21834,8.21668,1000000,1000000
2018-03-14 08:27:25.311000,8.21846,8.2169,1500000,1000000
2018-03-14 08:27:25.362000,8.21861,8.2169,1500000,1000000
2018-03-14 08:27:25.615000,8.21861,8.21692,1000000,1000000
2018-03-14 08:27:25.962000,8.21861,8.21694,1000000,1000000
2018-03-14 08:27:26.212000,8.21861,8.21692,1000000,1000000
2018-03-14 08:27:26.472000,8.21861,8.21689,1000000,1000000
2018-03-14 08:27:26.842000,8.21845,8.21672,1000000,1000000
2018-03-14 08:27:26.894000,8.21824,8.21672,1000000,1000000
2018-03-14 08:27:27.481000,8.21824,8.21661,1000000,1000000
2018-03-14 08:27:27.632000,8.21806,8.21656,1000000,1000000
2018-03-14 08:27:27.734000,8.21806,8.21649,1000000,1000000
2018-03-14 08:27:28.246000,8.21806,8.21652,1000000,1000000
2018-03-14 08:27:28.550000,8.21806,8.21658,1000000,1000000
2018-03-14 08:27:29.286000,8.21825,8.21658,1000000,1000000
2018-03-14 08:27:30.144000,8.21818,8.21656,1000000,1000000
2018-03-14 08:27:30.453000,8.21797,8.21631,1000000,1000000
2018-03-14 08:27:32.610000,8.21797,8.21635,1000000,1000000
2018-03-14 08:27:32.987000,8.21797,8.21645,1000000,1000000
2018-03-14 08:27:33.038000,8.21818,8.21654,1000000,1000000
2018-03-14 08:27:33.090000,8.21818,8.21657,1000000,1000000
2018-03-14 08:27:33.395000,8.21818,8.2166,1000000,1000000
2018-03-14 08:27:33.576000,8.21818,8.21653,1000000,1000000
2018-03-14 08:27:35.858000,8.21818,8.21648,1000000,1000000
2018-03-14 08:27:35.909000,8.21795,8.21638,1000000,1000000
2018-03-14 08:27:36.232000,8.21795,8.21643,1000000,1000000
2018-03-14 08:27:36.539000,8.21795,8.2165,1000000,1000000
2018-03-14 08:27:38.567000,8.21813,8.21662,1000000,1370000
2018-03-14 08:27:38.618000,8.21798,8.21639,1000000,1000000
2018-03-14 08:27:38.669000,8.21812,8.21654,1000000,1000000
2018-03-14 08:27:39.058000,8.21793,8.21652,1000000,1000000
2018-03-14 08:27:39.110000,8.21793,8.21647,1000000,1000000
2018-03-14 08:27:39.645000,8.21793,8.21651,1000000,1000000
2018-03-14 08:27:40.490000,8.21793,8.21653,1000000,1000000
2018-03-14 08:27:41.894000,8.21793,8.21657,1000000,1000000
2018-03-14 08:27:44.467000,8.21793,8.21654,1000000,1000000
2018-03-14 08:27:45.352000,8.21775,8.21636,1000000,1000000
2018-03-14 08:27:45.403000,8.21773,8.21622,1000000,1000000
2018-03-14 08:27:45.454000,8.21772,8.21624,1000000,1000000
2018-03-14 08:27:46.008000,8.21775,8.21617,1000000,1000000
2018-03-14 08:27:46.575000,8.21751,8.21597,1000000,1000000
2018-03-14 08:27:48.028000,8.21751,8.21598,1000000,1000000
2018-03-14 08:27:48.367000,8.21751,8.21619,1000000,1000000
2018-03-14 08:27:48.421000,8.21772,8.2163,1000000,1000000
2018-03-14 08:27:48.523000,8.21772,8.21621,1000000,1000000
2018-03-14 08:27:48.672000,8.21772,8.21611,1000000,1000000
2018-03-14 08:27:50.373000,8.21771,8.21608,1000000,1000000
2018-03-14 08:27:50.492000,8.21755,8.21601,1000000,1000000
2018-03-14 08:27:50.594000,8.21755,8.21597,1000000,1000000
2018-03-14 08:27:51.013000,8.21755,8.21604,1000000,1000000
2018-03-14 08:27:51.357000,8.21755,8.21613,1000000,1000000
2018-03-14 08:27:53.989000,8.21755,8.21612,1000000,1000000
2018-03-14 08:27:55.275000,8.21755,8.21623,1000000,1000000
2018-03-14 08:27:55.327000,8.21773,8.21623,1000000,1000000
2018-03-14 08:27:55.378000,8.21773,8.21619,1000000,1000000
2018-03-14 08:27:55.430000,8.21773,8.21614,1000000,1000000
2018-03-14 08:27:55.634000,8.21748,8.2161,1000000,1000000
2018-03-14 08:27:56.998000,8.21748,8.21615,1000000,1000000
2018-03-14 08:27:58.553000,8.21748,8.21618,1000000,1000000
2018-03-14 08:27:58.882000,8.21748,8.21628,1000000,1000000
2018-03-14 08:27:58.984000,8.2177,8.21631,1000000,1000000
2018-03-14 08:27:59.035000,8.2177,8.21624,1000000,1000000
2018-03-14 08:27:59.087000,8.2177,8.2162,1000000,1000000
2018-03-14 08:27:59.138000,8.2177,8.21623,1000000,1000000
2018-03-14 08:27:59.190000,8.2177,8.2162,1000000,1000000
2018-03-14 08:27:59.423000,8.21751,8.2162,1000000,1000000
2018-03-14 08:27:59.526000,8.21751,8.21612,1000000,1000000
2018-03-14 08:28:01.068000,8.21751,8.21616,1000000,1000000
2018-03-14 08:28:04.650000,8.21747,8.21625,1000000,1000000
2018-03-14 08:28:04.830000,8.2177,8.2163,1000000,1000000
2018-03-14 08:28:07.626000,8.2177,8.21633,1000000,1000000
2018-03-14 08:28:08.325000,8.2177,8.21644,1000000,1000000
2018-03-14 08:28:08.447000,8.21792,8.21651,1000000,1000000
2018-03-14 08:28:08.548000,8.21821,8.21663,1000000,1000000
2018-03-14 08:28:08.651000,8.21821,8.2168,1000000,1000000
2018-03-14 08:28:09.165000,8.21819,8.21682,1000000,1000000
2018-03-14 08:28:09.503000,8.21821,8.21676,1000000,1000000
2018-03-14 08:28:10.209000,8.21821,8.21677,1000000,1000000
2018-03-14 08:28:10.441000,8.21821,8.21672,1000000,1000000
2018-03-14 08:28:10.544000,8.21816,8.21665,1000000,1000000
2018-03-14 08:28:10.595000,8.21807,8.21663,1000000,1000000
2018-03-14 08:28:10.700000,8.21816,8.21666,1000000,1000000
2018-03-14 08:28:10.845000,8.21821,8.2167,1000000,1000000
2018-03-14 08:28:10.997000,8.21801,8.2167,1000000,1000000
2018-03-14 08:28:11.852000,8.21801,8.21678,1000000,1000000
2018-03-14 08:28:12.055000,8.21821,8.21697,1000000,1000000
2018-03-14 08:28:12.106000,8.21839,8.21703,1000000,1000000
2018-03-14 08:28:12.207000,8.21839,8.21711,1000000,1000000
2018-03-14 08:28:13.919000,8.21859,8.21706,1000000,1000000
2018-03-14 08:28:13.970000,8.21856,8.21719,1000000,1000000
2018-03-14 08:28:14.073000,8.21859,8.21713,1000000,1000000
2018-03-14 08:28:14.124000,8.21882,8.21762,1000000,1000000
2018-03-14 08:28:14.175000,8.21918,8.21781,1000000,1600000
2018-03-14 08:28:14.226000,8.21947,8.21818,1000000,1000000
2018-03-14 08:28:14.277000,8.21972,8.21835,1000000,1000000
2018-03-14 08:28:16.084000,8.21979,8.21844,1000000,1000000
2018-03-14 08:28:16.290000,8.2197,8.21833,1000000,1000000
2018-03-14 08:28:16.341000,8.21978,8.21841,1000000,1000000
2018-03-14 08:28:16.648000,8.21926,8.21836,1000000,1000000
2018-03-14 08:28:16.699000,8.21926,8.21815,1000000,1000000
2018-03-14 08:28:16.814000,8.21926,8.21805,1000000,1000000
2018-03-14 08:28:16.865000,8.21914,8.21777,1000000,1000000
2018-03-14 08:28:17.220000,8.21899,8.21777,1000000,1000000
2018-03-14 08:28:17.271000,8.21899,8.21723,1500000,1000000
2018-03-14 08:28:17.322000,8.21895,8.21723,1000000,1000000
2018-03-14 08:28:17.627000,8.2189,8.21723,1000000,1000000
2018-03-14 08:28:18.169000,8.21885,8.21723,1000000,1000000
2018-03-14 08:28:18.530000,8.21866,8.2172,1000000,1000000
2018-03-14 08:28:20.058000,8.21861,8.21715,1000000,1000000
2018-03-14 08:28:20.363000,8.21837,8.21694,1000000,1000000
2018-03-14 08:28:21.301000,8.21837,8.21698,1000000,1000000
2018-03-14 08:28:23.317000,8.21834,8.21698,1000000,1000000
2018-03-14 08:28:23.520000,8.2183,8.2169,1000000,1000000
2018-03-14 08:28:24.047000,8.2183,8.21693,1000000,1000000
2018-03-14 08:28:25.884000,8.2183,8.21698,1000000,1000000
2018-03-14 08:28:25.934000,8.21855,8.21698,1000000,1000000
2018-03-14 08:28:27.713000,8.21855,8.21694,1000000,1000000
2018-03-14 08:28:29.566000,8.21855,8.21696,1500000,1000000
2018-03-14 08:28:29.966000,8.21853,8.21707,1000000,1000000
2018-03-14 08:28:30.408000,8.21855,8.21696,1000000,1000000
2018-03-14 08:28:35.576000,8.21855,8.21703,1000000,1000000
2018-03-14 08:28:37.762000,8.2185,8.21705,1000000,1000000
2018-03-14 08:28:39.080000,8.2185,8.21703,1000000,1000000
2018-03-14 08:28:39.830000,8.2185,8.217,1000000,1000000
2018-03-14 08:28:39.881000,8.2185,8.21692,1000000,1000000
2018-03-14 08:28:39.933000,8.21828,8.21677,1000000,1000000
2018-03-14 08:28:39.987000,8.21828,8.2167,1000000,1000000
2018-03-14 08:28:40.910000,8.21828,8.21671,1000000,1000000
2018-03-14 08:28:41.011000,8.21828,8.21684,1500000,1000000
2018-03-14 08:28:41.062000,8.21828,8.21671,1000000,1000000
2018-03-14 08:28:41.593000,8.21828,8.2167,1000000,1000000
2018-03-14 08:28:43.129000,8.21824,8.21681,1000000,1000000
2018-03-14 08:28:43.550000,8.21817,8.21671,1000000,1000000
2018-03-14 08:28:43.602000,8.21791,8.21662,1000000,1000000
2018-03-14 08:28:43.856000,8.21785,8.21645,1000000,1000000
2018-03-14 08:28:43.910000,8.21766,8.21635,1000000,1000000
2018-03-14 08:28:43.961000,8.21766,8.21626,1000000,1000000
2018-03-14 08:28:44.062000,8.21763,8.21617,1000000,1000000
2018-03-14 08:28:44.113000,8.21757,8.21611,1000000,1000000
2018-03-14 08:28:44.425000,8.21718,8.21572,1000000,1000000
2018-03-14 08:28:46.118000,8.21716,8.2157,1000000,1000000
2018-03-14 08:28:48.787000,8.21698,8.21552,1500000,1000000
2018-03-14 08:28:49.129000,8.21656,8.2151,1000000,1000000
2018-03-14 08:28:49.434000,8.21655,8.2152,1000000,1000000
2018-03-14 08:28:49.739000,8.21655,8.21518,1000000,1000000
2018-03-14 08:28:51.177000,8.21654,8.21508,1000000,1000000
2018-03-14 08:28:51.761000,8.21663,8.21517,1000000,1000000
2018-03-14 08:28:52.191000,8.21668,8.21522,1000000,1000000
2018-03-14 08:28:52.495000,8.21722,8.21577,1000000,1000000
2018-03-14 08:28:52.545000,8.21719,8.21573,1000000,1000000
2018-03-14 08:28:54.878000,8.21716,8.2157,1000000,1000000
2018-03-14 08:28:55.256000,8.21695,8.21549,1000000,1000000
2018-03-14 08:28:55.638000,8.21697,8.21551,1000000,1000000
2018-03-14 08:28:56.590000,8.217,8.21554,1000000,1000000
2018-03-14 08:28:56.898000,8.21633,8.21487,1000000,1000000
2018-03-14 08:28:57.222000,8.21631,8.21485,1000000,1000000
2018-03-14 08:28:57.554000,8.21631,8.21487,1000000,1000000
2018-03-14 08:28:59.617000,8.21632,8.21488,1000000,1000000
2018-03-14 08:28:59.963000,8.21638,8.21498,1000000,1000000
2018-03-14 08:29:00.014000,8.21638,8.21496,1500000,1000000
2018-03-14 08:29:01.148000,8.21631,8.21487,1000000,1000000
2018-03-14 08:29:01.967000,8.21623,8.21479,1000000,1000000
2018-03-14 08:29:02.886000,8.21614,8.21479,1000000,1000000
2018-03-14 08:29:03.129000,8.21614,8.21477,1000000,1000000
2018-03-14 08:29:03.707000,8.21608,8.21476,1000000,1000000
2018-03-14 08:29:03.758000,8.21597,8.21464,1000000,1000000
2018-03-14 08:29:04.094000,8.21597,8.21462,1000000,1000000
2018-03-14 08:29:04.248000,8.21594,8.21462,1000000,1000000
2018-03-14 08:29:04.402000,8.21592,8.21455,1000000,1000000
2018-03-14 08:29:04.505000,8.2159,8.21453,1000000,1000000
2018-03-14 08:29:05.078000,8.21599,8.21453,1000000,1000000
2018-03-14 08:29:05.518000,8.21604,8.21459,1000000,1000000
2018-03-14 08:29:05.569000,8.216,8.21454,1000000,1000000
2018-03-14 08:29:05.620000,8.21606,8.2146,1000000,1000000
2018-03-14 08:29:05.955000,8.21597,8.21452,1000000,1000000
2018-03-14 08:29:07.035000,8.21503,8.21429,1000000,1000000
2018-03-14 08:29:07.087000,8.21503,8.21384,1000000,1000000
2018-03-14 08:29:07.138000,8.21503,8.21367,1000000,1000000
2018-03-14 08:29:07.189000,8.21501,8.21332,1000000,1000000
2018-03-14 08:29:07.240000,8.21497,8.21328,1000000,1000000
2018-03-14 08:29:07.570000,8.21461,8.21299,1000000,1000000
2018-03-14 08:29:07.671000,8.21473,8.21304,1000000,1000000
2018-03-14 08:29:07.923000,8.21473,8.21309,1000000,1000000
2018-03-14 08:29:08.287000,8.21473,8.21307,1000000,1000000
2018-03-14 08:29:08.338000,8.21454,8.21307,1000000,1000000
2018-03-14 08:29:08.551000,8.21454,8.21299,1000000,1000000
2018-03-14 08:29:09.167000,8.21453,8.21299,1000000,1000000
2018-03-14 08:29:09.788000,8.21453,8.21296,1000000,1000000
2018-03-14 08:29:10.026000,8.21466,8.21298,1000000,1000000
2018-03-14 08:29:10.077000,8.21471,8.21302,1000000,1000000
2018-03-14 08:29:10.128000,8.21485,8.21316,1000000,1000000
2018-03-14 08:29:10.500000,8.21556,8.21402,1000000,1000000
2018-03-14 08:29:10.703000,8.21565,8.21402,1000000,1000000
2018-03-14 08:29:10.755000,8.21565,8.2141,1000000,1000000
2018-03-14 08:29:11.073000,8.21565,8.21399,1000000,1000000
2018-03-14 08:29:11.124000,8.21556,8.21399,1000000,1000000
2018-03-14 08:29:11.175000,8.21551,8.21382,1000000,1000000
2018-03-14 08:29:11.777000,8.21551,8.21397,1000000,1000000
2018-03-14 08:29:11.828000,8.21571,8.21402,1000000,1000000
2018-03-14 08:29:11.880000,8.21579,8.21413,1000000,1000000
2018-03-14 08:29:12.141000,8.2157,8.21402,1000000,1000000
2018-03-14 08:29:12.950000,8.21562,8.21393,1000000,1000000
2018-03-14 08:29:13.511000,8.21562,8.21402,1000000,1000000
2018-03-14 08:29:14.429000,8.21562,8.21401,1000000,1000000
2018-03-14 08:29:14.612000,8.21568,8.21401,1000000,1000000
2018-03-14 08:29:14.663000,8.21564,8.21401,1000000,1000000
2018-03-14 08:29:14.714000,8.21564,8.21396,1000000,1000000
2018-03-14 08:29:14.766000,8.21564,8.21416,1000000,1000000
2018-03-14 08:29:15.022000,8.21557,8.21398,1000000,1000000
2018-03-14 08:29:15.322000,8.21557,8.2139,1000000,1500000
2018-03-14 08:29:15.373000,8.21539,8.2139,1000000,1000000
2018-03-14 08:29:15.524000,8.21525,8.21373,1000000,1000000
2018-03-14 08:29:15.577000,8.21521,8.21373,1000000,1000000
2018-03-14 08:29:15.628000,8.21521,8.21353,1000000,1000000
2018-03-14 08:29:15.783000,8.21521,8.21371,1000000,1000000
2018-03-14 08:29:16.092000,8.21521,8.21385,1000000,1000000
2018-03-14 08:29:16.405000,8.2151,8.21375,1000000,1000000
2018-03-14 08:29:16.661000,8.21509,8.21373,1000000,1000000
2018-03-14 08:29:16.721000,8.21502,8.21373,1000000,1000000
2018-03-14 08:29:16.772000,8.21511,8.21373,1000000,1000000
2018-03-14 08:29:16.823000,8.2152,8.21373,1000000,1000000
2018-03-14 08:29:16.874000,8.21516,8.21373,1000000,1000000
2018-03-14 08:29:16.976000,8.21516,8.21359,1000000,1000000
2018-03-14 08:29:17.171000,8.21506,8.21359,1000000,1000000
2018-03-14 08:29:17.222000,8.21516,8.21359,1000000,1000000
2018-03-14 08:29:17.564000,8.21516,8.21357,1000000,1000000
2018-03-14 08:29:17.866000,8.21516,8.21355,1000000,1000000
2018-03-14 08:29:18.570000,8.21516,8.21354,1000000,1000000
2018-03-14 08:29:18.621000,8.21508,8.21358,1000000,1000000
2018-03-14 08:29:19.386000,8.21499,8.21349,1000000,1000000
2018-03-14 08:29:19.488000,8.21498,8.21347,1000000,1000000
2018-03-14 08:29:19.811000,8.21498,8.21354,1000000,1000000
2018-03-14 08:29:19.912000,8.21498,8.21347,1000000,1000000
2018-03-14 08:29:19.962000,8.21489,8.21339,1000000,1000000
2018-03-14 08:29:20.165000,8.21452,8.21301,1000000,1000000
2018-03-14 08:29:20.215000,8.21432,8.21282,1000000,1000000
2018-03-14 08:29:20.316000,8.21415,8.21242,1000000,1000000
2018-03-14 08:29:20.367000,8.21394,8.21221,1000000,1000000
2018-03-14 08:29:20.469000,8.21377,8.21203,1000000,1000000
2018-03-14 08:29:20.520000,8.21366,8.21193,1000000,1000000
2018-03-14 08:29:20.570000,8.21358,8.21184,1000000,1000000
2018-03-14 08:29:20.621000,8.21341,8.21168,1000000,1000000
2018-03-14 08:29:20.924000,8.21316,8.21143,1000000,1000000
2018-03-14 08:29:21.177000,8.21327,8.21153,1000000,1000000
2018-03-14 08:29:21.354000,8.21342,8.21169,1000000,1000000
2018-03-14 08:29:21.505000,8.21392,8.21218,1000000,1000000
2018-03-14 08:29:21.556000,8.2141,8.21236,1000000,1000000
2018-03-14 08:29:21.859000,8.21469,8.21295,1000000,1000000
2018-03-14 08:29:22.161000,8.2141,8.21237,1000000,1000000
2018-03-14 08:29:22.262000,8.21361,8.21187,1000000,1000000
2018-03-14 08:29:22.313000,8.21347,8.21153,1000000,1000000
2018-03-14 08:29:22.401000,8.21314,8.21134,1000000,1000000
2018-03-14 08:29:22.452000,8.21306,8.21109,1000000,1000000
2018-03-14 08:29:22.506000,8.21297,8.21101,1000000,1000000
2018-03-14 08:29:22.658000,8.21287,8.2109,1000000,1000000
2018-03-14 08:29:22.708000,8.21289,8.21092,1000000,1000000
2018-03-14 08:29:23.071000,8.21299,8.21102,1000000,1000000
2018-03-14 08:29:23.374000,8.21209,8.21006,1000000,1000000
2018-03-14 08:29:23.425000,8.21193,8.21006,1000000,1000000
2018-03-14 08:29:23.729000,8.21147,8.20993,1000000,1000000
2018-03-14 08:29:23.780000,8.21157,8.20993,1000000,1000000
2018-03-14 08:29:23.983000,8.21166,8.21006,1000000,1120000
2018-03-14 08:29:24.035000,8.21215,8.21006,1000000,1120000
2018-03-14 08:29:24.108000,8.21218,8.21018,1000000,1000000
2018-03-14 08:29:24.414000,8.21385,8.2123,1000000,1000000
2018-03-14 08:29:24.515000,8.21397,8.2123,1000000,1300000
2018-03-14 08:29:24.617000,8.21377,8.2124,1000000,1000000
2018-03-14 08:29:24.769000,8.21506,8.2124,1000000,1000000
2018-03-14 08:29:24.820000,8.21507,8.21243,1000000,1000000
2018-03-14 08:29:25.124000,8.21528,8.21261,1000000,1300000
2018-03-14 08:29:25.482000,8.21526,8.21255,1000000,1300000
2018-03-14 08:29:25.536000,8.21535,8.21269,1000000,1000000
2018-03-14 08:29:25.587000,8.21522,8.21257,1000000,1300000
2018-03-14 08:29:25.638000,8.21525,8.21259,1000000,1300000
2018-03-14 08:29:25.790000,8.21527,8.2126,1000000,1300000
2018-03-14 08:29:25.841000,8.21521,8.21256,1000000,1300000
2018-03-14 08:29:25.947000,8.21534,8.21268,1000000,1000000
2018-03-14 08:29:26.062000,8.21544,8.2132,1000000,1000000
2018-03-14 08:29:26.113000,8.21544,8.21286,1000000,1300000
2018-03-14 08:29:26.164000,8.21553,8.21286,1000000,1300000
2018-03-14 08:29:26.271000,8.21543,8.213,1000000,1000000
2018-03-14 08:29:26.586000,8.21559,8.21316,1000000,1000000
2018-03-14 08:29:27.140000,8.2156,8.21317,1000000,1000000
2018-03-14 08:29:27.485000,8.21552,8.21309,1000000,1000000
2018-03-14 08:29:28.100000,8.21535,8.21315,1000000,1000000
2018-03-14 08:29:29.571000,8.21534,8.21314,1000000,1000000
2018-03-14 08:29:29.895000,8.21485,8.21265,1000000,1000000
2018-03-14 08:29:30.048000,8.21469,8.21219,1000000,1000000
2018-03-14 08:29:30.099000,8.21534,8.21283,1000000,1000000
2018-03-14 08:29:30.150000,8.21537,8.21317,1000000,1000000
2018-03-14 08:29:30.252000,8.21654,8.21402,1000000,1000000
2018-03-14 08:29:30.303000,8.21657,8.21349,1000000,1000000
2018-03-14 08:29:30.455000,8.21807,8.21213,1000000,1000000
2018-03-14 08:29:30.506000,8.21707,8.21213,1000000,1000000
2018-03-14 08:29:30.557000,8.21707,8.21181,1000000,1000000
2018-03-14 08:29:30.608000,8.21752,8.21199,1000000,1000000
2018-03-14 08:29:30.660000,8.21787,8.21199,1000000,1000000
2018-03-14 08:29:30.818000,8.2182,8.21201,1000000,1000000
2018-03-14 08:29:30.869000,8.21838,8.21122,1000000,1000000
2018-03-14 08:29:31.044000,8.21902,8.21159,1000000,1000000
2018-03-14 08:29:31.094000,8.2192,8.21178,1000000,1000000
2018-03-14 08:29:31.329000,8.21924,8.21181,1000000,1000000
2018-03-14 08:29:32.806000,8.21933,8.2119,1000000,1000000
2018-03-14 08:29:33.123000,8.21965,8.21222,1000000,1000000
2018-03-14 08:29:33.384000,8.21979,8.21227,1000000,1000000
2018-03-14 08:29:33.437000,8.22069,8.21106,2250000,1000000
2018-03-14 08:29:33.488000,8.22081,8.21188,1000000,2250000
2018-03-14 08:29:33.590000,8.22081,8.21134,1000000,1000000
2018-03-14 08:29:33.643000,8.22081,8.21086,1000000,1000000
2018-03-14 08:29:33.849000,8.22196,8.21163,1000000,1000000
2018-03-14 08:29:33.900000,8.2221,8.21127,1000000,1000000
2018-03-14 08:29:33.951000,8.22396,8.21038,1000000,2250000
2018-03-14 08:29:34.246000,8.22387,8.21039,1000000,2250000
2018-03-14 08:29:34.769000,8.22454,8.21038,1000000,2250000
2018-03-14 08:29:34.900000,8.22496,8.21038,2250000,2250000
2018-03-14 08:29:35.332000,8.22463,8.21038,1000000,2250000
2018-03-14 08:29:35.686000,8.22397,8.21038,1000000,2250000
2018-03-14 08:29:35.738000,8.22464,8.21038,1000000,2250000
2018-03-14 08:29:35.789000,8.22407,8.21038,1000000,2250000
2018-03-14 08:29:36.106000,8.22474,8.21038,1000000,2250000
2018-03-14 08:29:36.157000,8.22406,8.21038,1000000,2250000
2018-03-14 08:29:36.258000,8.22474,8.21039,1000000,2250000
2018-03-14 08:29:36.472000,8.22464,8.21039,1000000,2250000
2018-03-14 08:29:36.598000,8.22507,8.21039,2250000,2250000
2018-03-14 08:29:36.649000,8.2246,8.21039,1000000,2250000
2018-03-14 08:29:36.980000,8.22397,8.21038,1000000,2250000
2018-03-14 08:29:37.965000,8.22406,8.21038,1000000,2250000
2018-03-14 08:29:38.110000,8.22417,8.21038,1000000,2250000
2018-03-14 08:29:38.212000,8.21275,8.20928,3750000,1500000
2018-03-14 08:29:38.263000,8.21584,8.20928,1000000,1500000
2018-03-14 08:29:38.314000,8.2153,8.20839,1080000,1000000
2018-03-14 08:29:38.365000,8.21794,8.20771,370000,750000
2018-03-14 08:29:38.416000,8.21559,8.2043,1440000,1300000
2018-03-14 08:29:38.517000,8.21794,8.2039,750000,930000
2018-03-14 08:29:38.605000,8.21251,8.20306,1000000,750000
2018-03-14 08:29:38.706000,8.21592,8.20432,1000000,1000000
2018-03-14 08:29:38.807000,8.21354,8.20399,1200000,1200000
2018-03-14 08:29:38.858000,8.21591,8.20179,750000,1000000
2018-03-14 08:29:38.909000,8.21636,8.20193,750000,1000000
2018-03-14 08:29:39.010000,8.21803,8.20209,370000,2250000
2018-03-14 08:29:39.061000,8.21626,8.20326,1000000,1000000
2018-03-14 08:29:39.162000,8.21626,8.20209,1000000,2250000
2018-03-14 08:29:39.213000,8.21626,8.20241,1000000,1000000
2018-03-14 08:29:39.295000,8.21626,8.20237,1000000,1000000
2018-03-14 08:29:39.346000,8.21632,8.20209,1000000,2250000
2018-03-14 08:29:39.585000,8.21804,8.19791,1370000,4500000
2018-03-14 08:29:39.636000,8.21898,8.20184,1370000,1000000
2018-03-14 08:29:39.802000,8.21817,8.20186,1000000,1000000
2018-03-14 08:29:39.903000,8.21852,8.20186,2250000,1000000
2018-03-14 08:29:40.005000,8.21844,8.20096,1370000,1480000
2018-03-14 08:29:40.329000,8.21874,8.20329,1370000,1000000
2018-03-14 08:29:40.380000,8.21914,8.20255,1370000,1000000
2018-03-14 08:29:40.482000,8.21767,8.20268,1000000,1000000
2018-03-14 08:29:40.802000,8.21837,8.20205,1370000,1000000
2018-03-14 08:29:40.903000,8.21764,8.20051,370000,750000
2018-03-14 08:29:40.954000,8.21733,8.20051,1000000,1000000
2018-03-14 08:29:41.107000,8.21666,8.19909,930000,370000
2018-03-14 08:29:41.157000,8.2157,8.19757,1000000,1370000
2018-03-14 08:29:41.309000,8.21389,8.19713,1500000,1240000
2018-03-14 08:29:41.368000,8.21387,8.19713,1000000,1240000
2018-03-14 08:29:41.673000,8.21291,8.19713,1200000,1240000
2018-03-14 08:29:41.890000,8.21403,8.19713,1370000,1240000
2018-03-14 08:29:42.220000,8.21499,8.19713,1000000,1240000
2018-03-14 08:29:42.321000,8.21307,8.19723,1240000,1240000
2018-03-14 08:29:42.422000,8.2134,8.19703,1240000,1240000
2018-03-14 08:29:42.524000,8.21409,8.19966,1240000,1000000
2018-03-14 08:29:42.625000,8.21377,8.19893,1000000,1500000
2018-03-14 08:29:42.763000,8.21351,8.19893,1200000,1500000
2018-03-14 08:29:42.969000,8.21391,8.19894,1000000,1500000
2018-03-14 08:29:43.020000,8.2137,8.19913,1200000,1500000
2018-03-14 08:29:43.121000,8.21421,8.19893,1200000,1500000
2018-03-14 08:29:43.222000,8.21481,8.19972,1000000,1000000
2018-03-14 08:29:43.324000,8.21707,8.19893,1500000,1500000
2018-03-14 08:29:43.425000,8.2169,8.19893,930000,1500000
2018-03-14 08:29:43.771000,8.21946,8.20254,750000,930000
2018-03-14 08:29:44.074000,8.21942,8.20434,1000000,1500000
2018-03-14 08:29:44.125000,8.21986,8.20452,1240000,930000
2018-03-14 08:29:44.227000,8.22077,8.20353,1500000,370000
2018-03-14 08:29:44.328000,8.22066,8.20254,1110000,1500000
2018-03-14 08:29:44.430000,8.22067,8.20353,1110000,370000
2018-03-14 08:29:44.531000,8.22067,8.2028,1110000,1240000
2018-03-14 08:29:44.643000,8.22077,8.19813,1500000,1750000
2018-03-14 08:29:44.984000,8.21741,8.20377,1200000,370000
2018-03-14 08:29:45.135000,8.21741,8.20054,1200000,1000000
2018-03-14 08:29:45.186000,8.21811,8.20054,1200000,1000000
2018-03-14 08:29:45.237000,8.21877,8.20123,1000000,1000000
2018-03-14 08:29:45.496000,8.22089,8.19803,1240000,750000
2018-03-14 08:29:45.547000,8.21861,8.20244,1200000,1000000
2018-03-14 08:29:45.597000,8.22337,8.19794,1500000,1870000
2018-03-14 08:29:45.648000,8.22076,8.19283,1870000,750000
2018-03-14 08:29:45.699000,8.22076,8.19936,1870000,370000
2018-03-14 08:29:45.903000,8.22031,8.19773,1000000,750000
2018-03-14 08:29:45.954000,8.2215,8.19891,1000000,1500000
2018-03-14 08:29:46.056000,8.22328,8.19997,1000000,1000000
2018-03-14 08:29:46.107000,8.22527,8.19674,1000000,1370000
2018-03-14 08:29:46.208000,8.22527,8.19674,1000000,1000000
2018-03-14 08:29:46.259000,8.22527,8.20023,1000000,1860000
2018-03-14 08:29:46.309000,8.22571,8.20023,1000000,1860000
2018-03-14 08:29:46.360000,8.22571,8.20004,1000000,1000000
2018-03-14 08:29:46.411000,8.22077,8.20004,1500000,1000000
2018-03-14 08:29:46.513000,8.22571,8.20004,1000000,1000000
2018-03-14 08:29:46.564000,8.22571,8.20004,1370000,1000000
2018-03-14 08:29:46.911000,8.22077,8.20269,1870000,1200000
2018-03-14 08:29:47.260000,8.21917,8.20283,1110000,1000000
2018-03-14 08:29:47.369000,8.21877,8.20234,1110000,1000000
2018-03-14 08:29:47.509000,8.21877,8.20257,1110000,1000000
2018-03-14 08:29:47.560000,8.21877,8.20153,1110000,1000000
2018-03-14 08:29:47.611000,8.21877,8.19826,1110000,1000000
2018-03-14 08:29:47.713000,8.21877,8.19743,2340000,1000000
2018-03-14 08:29:47.764000,8.21826,8.19743,840000,1000000
2018-03-14 08:29:47.865000,8.21897,8.19786,750000,1390000
2018-03-14 08:29:47.923000,8.21656,8.19786,1500000,1390000
2018-03-14 08:29:47.974000,8.21656,8.19714,1500000,930000
2018-03-14 08:29:48.024000,8.21567,8.19713,1500000,930000
2018-03-14 08:29:48.371000,8.21369,8.19833,370000,1000000
2018-03-14 08:29:48.427000,8.21437,8.19833,1500000,1000000
2018-03-14 08:29:48.487000,8.21437,8.19783,1500000,1000000
2018-03-14 08:29:48.576000,8.21437,8.19643,1500000,1500000
2018-03-14 08:29:48.627000,8.21437,8.19864,1500000,1000000
2018-03-14 08:29:48.678000,8.21407,8.19644,1500000,1500000
2018-03-14 08:29:48.754000,8.21407,8.20307,1500000,1000000
2018-03-14 08:29:48.805000,8.21407,8.19644,1500000,1500000
2018-03-14 08:29:48.930000,8.21407,8.19763,1500000,1000000
2018-03-14 08:29:48.980000,8.21407,8.19644,1500000,1500000
2018-03-14 08:29:49.031000,8.21407,8.20183,1500000,1000000
2018-03-14 08:29:49.107000,8.21407,8.19644,1500000,1500000
2018-03-14 08:29:49.158000,8.21407,8.19718,1500000,1000000
2018-03-14 08:29:49.209000,8.21407,8.19644,1500000,1500000
2018-03-14 08:29:50.038000,8.21376,8.19643,1500000,1500000
2018-03-14 08:29:50.139000,8.2155,8.19558,1500000,1500000
2018-03-14 08:29:50.238000,8.2189,8.19503,1500000,1000000
2018-03-14 08:29:50.339000,8.22016,8.19576,1500000,1500000
2018-03-14 08:29:50.390000,8.21657,8.19576,1000000,1500000
2018-03-14 08:29:50.576000,8.21657,8.19544,1000000,1000000
2018-03-14 08:29:50.640000,8.21657,8.19766,1000000,1500000
2018-03-14 08:29:50.706000,8.22075,8.19766,1500000,1500000
2018-03-14 08:29:50.761000,8.21561,8.19671,1200000,1000000
2018-03-14 08:29:51.093000,8.22363,8.19733,1200000,750000
2018-03-14 08:29:51.149000,8.21661,8.19733,1000000,1000000
2018-03-14 08:29:51.199000,8.21774,8.19733,1000000,750000
2018-03-14 08:29:51.250000,8.22047,8.19738,1000000,1000000
2018-03-14 08:29:51.351000,8.22104,8.19754,1000000,1000000
2018-03-14 08:29:51.416000,8.22328,8.19754,1000000,1000000
2018-03-14 08:29:51.467000,8.22328,8.19756,1000000,1000000
2018-03-14 08:29:51.517000,8.22345,8.19756,1500000,1000000
2018-03-14 08:29:51.568000,8.22278,8.19772,1200000,1000000
2018-03-14 08:29:51.934000,8.22278,8.19809,1200000,1000000
2018-03-14 08:29:51.985000,8.22331,8.19749,1000000,1500000
2018-03-14 08:29:52.152000,8.21948,8.19595,1000000,1000000
2018-03-14 08:29:52.303000,8.22285,8.19728,1500000,750000
2018-03-14 08:29:52.354000,8.22226,8.19802,1000000,1000000
2018-03-14 08:29:52.442000,8.22489,8.19426,1000000,1370000
2018-03-14 08:29:52.493000,8.22819,8.19557,1000000,1000000
2018-03-14 08:29:52.619000,8.22819,8.19624,1000000,1000000
2018-03-14 08:29:52.720000,8.22819,8.19363,1000000,2270000
2018-03-14 08:29:52.798000,8.2275,8.19446,1000000,1000000
2018-03-14 08:29:52.848000,8.22819,8.19363,1000000,1430000
2018-03-14 08:29:52.949000,8.22819,8.19463,1000000,1000000
2018-03-14 08:29:53,8.22819,8.19363,1000000,2070000
2018-03-14 08:29:53.326000,8.22069,8.19363,750000,2070000
2018-03-14 08:29:53.860000,8.22039,8.19363,1000000,1900000
2018-03-14 08:29:54.087000,8.22108,8.19408,1000000,1500000
2018-03-14 08:29:54.198000,8.22137,8.19408,1000000,1500000
2018-03-14 08:29:54.328000,8.22434,8.19363,1000000,1920000
2018-03-14 08:29:54.379000,8.23084,8.19363,1000000,1900000
2018-03-14 08:29:54.430000,8.23088,8.19363,1000000,1270000
2018-03-14 08:29:55.266000,8.23099,8.19363,1000000,1800000
2018-03-14 08:29:55.367000,8.23273,8.19531,1000000,1000000
2018-03-14 08:29:55.586000,8.23273,8.19521,1000000,1000000
2018-03-14 08:29:55.643000,8.23168,8.19521,1000000,1000000
2018-03-14 08:29:55.694000,8.23085,8.19418,1000000,1000000
2018-03-14 08:29:55.745000,8.23085,8.19483,1000000,1000000
2018-03-14 08:29:55.846000,8.23084,8.19435,1000000,1000000
2018-03-14 08:29:56.003000,8.23085,8.19363,750000,2250000
2018-03-14 08:29:56.267000,8.23085,8.19466,750000,1000000
2018-03-14 08:29:56.368000,8.23085,8.19363,1000000,1850000
2018-03-14 08:29:57.322000,8.23069,8.19363,1000000,1770000
2018-03-14 08:29:58.598000,8.23058,8.19437,1000000,1000000
2018-03-14 08:29:58.649000,8.23058,8.19363,1000000,1240000
2018-03-14 08:29:59.599000,8.2323,8.19363,1000000,1270000
2018-03-14 08:29:59.700000,8.23447,8.19363,1000000,1900000
2018-03-14 08:30:05.004000,8.23377,8.19363,1000000,1950000
2018-03-14 08:30:07.801000,8.23377,8.19762,1000000,1000000
2018-03-14 08:30:08.030000,8.23377,8.19742,1000000,1000000
2018-03-14 08:30:08.081000,8.23377,8.19776,1000000,1000000
2018-03-14 08:30:08.182000,8.23377,8.19752,1000000,1000000
2018-03-14 08:30:08.283000,8.22639,8.19775,1000000,1000000
2018-03-14 08:30:08.590000,8.23312,8.22178,1000000,1690000
2018-03-14 08:30:08.641000,8.23377,8.22178,1000000,1690000
2018-03-14 08:30:09.351000,8.23377,8.22146,1000000,1230000
2018-03-14 08:30:09.454000,8.23377,8.21956,1000000,1000000
2018-03-14 08:30:09.504000,8.23377,8.21994,1000000,1000000
2018-03-14 08:30:09.576000,8.23377,8.21757,1000000,1000000
2018-03-14 08:30:09.627000,8.22136,8.21595,1000000,6320000
2018-03-14 08:30:09.677000,8.22135,8.21461,1000000,6840000
2018-03-14 08:30:09.728000,8.22409,8.21497,1000000,2870000
2018-03-14 08:30:09.779000,8.23052,8.21183,1000000,1000000
2018-03-14 08:30:09.832000,8.23377,8.1963,1000000,1000000
2018-03-14 08:30:09.883000,8.23377,8.20265,1000000,1000000
2018-03-14 08:30:09.934000,8.23377,8.19485,1000000,1500000
2018-03-14 08:30:10.008000,8.23377,8.19513,1000000,1500000
2018-03-14 08:30:10.150000,8.23377,8.19474,1000000,1500000
2018-03-14 08:30:10.323000,8.23377,8.19519,1000000,1000000
2018-03-14 08:30:10.374000,8.23377,8.19403,1000000,1240000
2018-03-14 08:30:10.449000,8.23377,8.19363,1000000,1830000
2018-03-14 08:30:10.784000,8.23377,8.19519,1000000,1950000
2018-03-14 08:30:11.088000,8.21437,8.21087,1000000,1000000
2018-03-14 08:30:11.268000,8.21912,8.20548,1000000,1200000
2018-03-14 08:30:11.319000,8.2194,8.20548,1200000,1200000
2018-03-14 08:30:11.370000,8.22125,8.20091,1000000,1370000
2018-03-14 08:30:11.421000,8.22217,8.20646,1000000,1670000
2018-03-14 08:30:11.472000,8.22217,8.20506,1000000,1500000
2018-03-14 08:30:11.525000,8.22217,8.20467,1000000,1000000
2018-03-14 08:30:11.807000,8.22318,8.20466,1000000,1500000
2018-03-14 08:30:11.858000,8.22474,8.20466,750000,1500000
2018-03-14 08:30:11.909000,8.22474,8.20463,750000,1500000
2018-03-14 08:30:11.960000,8.22362,8.20353,1000000,1500000
2018-03-14 08:30:12.011000,8.22387,8.20353,1000000,1500000
2018-03-14 08:30:12.077000,8.22416,8.20353,2250000,1500000
2018-03-14 08:30:12.130000,8.22457,8.20466,1500000,1500000
2018-03-14 08:30:12.181000,8.2267,8.20466,1500000,1870000
2018-03-14 08:30:12.232000,8.2267,8.21595,1500000,3750000
2018-03-14 08:30:12.283000,8.22959,8.21595,750000,3750000
2018-03-14 08:30:12.384000,8.23293,8.21555,1500000,290000
2018-03-14 08:30:12.585000,8.23614,8.20467,1110000,2070000
2018-03-14 08:30:12.686000,8.23457,8.20466,1500000,2070000
2018-03-14 08:30:12.762000,8.23456,8.20466,1500000,1870000
2018-03-14 08:30:12.892000,8.23454,8.20466,1000000,1870000
2018-03-14 08:30:13.196000,8.22857,8.20446,1500000,1870000
2018-03-14 08:30:13.403000,8.22672,8.20403,1000000,1370000
2018-03-14 08:30:13.593000,8.22998,8.20466,1000000,2000000
2018-03-14 08:30:13.705000,8.23282,8.20466,1500000,1850000
2018-03-14 08:30:13.806000,8.23333,8.20467,3750000,1820000
2018-03-14 08:30:13.857000,8.23293,8.20429,3750000,1370000
2018-03-14 08:30:14.171000,8.23252,8.20546,1000000,1240000
2018-03-14 08:30:14.423000,8.23293,8.20583,3750000,1500000
2018-03-14 08:30:14.474000,8.23252,8.20546,1000000,1300000
2018-03-14 08:30:14.683000,8.23293,8.20546,3750000,2010000
2018-03-14 08:30:14.733000,8.23277,8.20263,1000000,1480000
2018-03-14 08:30:14.784000,8.23242,8.20444,1000000,1500000
2018-03-14 08:30:14.835000,8.23234,8.20444,1000000,1500000
2018-03-14 08:30:14.886000,8.2327,8.20423,3750000,2250000
2018-03-14 08:30:15.068000,8.23224,8.20294,1000000,1500000
2018-03-14 08:30:15.169000,8.23232,8.20184,1000000,1000000
2018-03-14 08:30:15.219000,8.23232,8.20333,1000000,1500000
2018-03-14 08:30:15.320000,8.23135,8.20089,1500000,1000000
2018-03-14 08:30:15.421000,8.22622,8.20203,1000000,1000000
2018-03-14 08:30:15.472000,8.22621,8.20196,1000000,1000000
2018-03-14 08:30:15.522000,8.22621,8.20213,1000000,1500000
2018-03-14 08:30:15.885000,8.22584,8.20223,1860000,1500000
2018-03-14 08:30:15.936000,8.22622,8.20152,1000000,2250000
2018-03-14 08:30:15.989000,8.22622,8.20048,1000000,1000000
2018-03-14 08:30:16.140000,8.22422,8.20048,1000000,1000000
2018-03-14 08:30:16.190000,8.22422,8.20003,1000000,1830000
2018-03-14 08:30:16.241000,8.22422,8.20069,1000000,1000000
2018-03-14 08:30:16.393000,8.22422,8.19953,1000000,1500000
2018-03-14 08:30:16.443000,8.22422,8.19959,1000000,3670000
2018-03-14 08:30:16.746000,8.22422,8.20444,1000000,1500000
2018-03-14 08:30:16.796000,8.22422,8.20403,1000000,1500000
2018-03-14 08:30:16.897000,8.22422,8.20073,1000000,1240000
2018-03-14 08:30:17.022000,8.22422,8.20149,1000000,4570000
2018-03-14 08:30:17.224000,8.22422,8.20108,1000000,1500000
2018-03-14 08:30:17.326000,8.22422,8.19914,1000000,1500000
2018-03-14 08:30:17.427000,8.22422,8.20083,1000000,1000000
2018-03-14 08:30:17.478000,8.22582,8.20083,1370000,1000000
2018-03-14 08:30:17.530000,8.22614,8.20043,1000000,1500000
2018-03-14 08:30:17.631000,8.22511,8.20063,1200000,1500000
2018-03-14 08:30:17.682000,8.22627,8.20063,750000,1500000
2018-03-14 08:30:17.733000,8.2248,8.2011,370000,370000
2018-03-14 08:30:17.834000,8.22486,8.20045,1500000,1500000
2018-03-14 08:30:17.981000,8.22624,8.20094,1860000,1500000
2018-03-14 08:30:18.032000,8.22667,8.19942,1000000,1000000
2018-03-14 08:30:18.134000,8.22738,8.19934,1240000,1500000
2018-03-14 08:30:18.185000,8.22738,8.19994,1240000,1000000
2018-03-14 08:30:18.337000,8.22777,8.19862,1500000,1000000
2018-03-14 08:30:18.438000,8.22507,8.19924,1500000,1500000
2018-03-14 08:30:18.641000,8.22727,8.19882,1000000,1240000
2018-03-14 08:30:18.691000,8.22685,8.19882,1000000,1240000
2018-03-14 08:30:19.016000,8.22514,8.19824,1240000,1500000
2018-03-14 08:30:19.320000,8.22486,8.20159,1500000,1370000
2018-03-14 08:30:19.422000,8.22597,8.20152,1500000,1240000
2018-03-14 08:30:19.523000,8.22788,8.19937,2250000,1200000
2018-03-14 08:30:19.675000,8.2269,8.20009,1000000,1000000
2018-03-14 08:30:20.004000,8.22422,8.20104,1000000,1500000
2018-03-14 08:30:20.055000,8.22477,8.20034,1500000,1500000
2018-03-14 08:30:20.157000,8.22422,8.2006,370000,1240000
2018-03-14 08:30:20.258000,8.22746,8.19848,1500000,1200000
2018-03-14 08:30:20.309000,8.2265,8.2006,1240000,1240000
2018-03-14 08:30:20.511000,8.22672,8.19919,1000000,1000000
2018-03-14 08:30:20.562000,8.22641,8.19919,1000000,1000000
2018-03-14 08:30:20.864000,8.22639,8.20061,1000000,1240000
2018-03-14 08:30:21.103000,8.22566,8.19912,1500000,2250000
2018-03-14 08:30:21.154000,8.22573,8.20024,1370000,1370000
2018-03-14 08:30:21.255000,8.22544,8.20043,1500000,1500000
2018-03-14 08:30:21.357000,8.22457,8.19944,1240000,1500000
2018-03-14 08:30:21.408000,8.22457,8.19963,1240000,1000000
2018-03-14 08:30:21.560000,8.22397,8.19849,1240000,1200000
2018-03-14 08:30:21.663000,8.22417,8.19909,1500000,1200000
2018-03-14 08:30:21.714000,8.22417,8.19848,1500000,1200000
2018-03-14 08:30:21.764000,8.22475,8.19953,1000000,1860000
2018-03-14 08:30:21.865000,8.22475,8.19851,1000000,1000000
2018-03-14 08:30:21.916000,8.22475,8.19919,1000000,1200000
2018-03-14 08:30:22.125000,8.22449,8.19764,1000000,1200000
2018-03-14 08:30:22.176000,8.22385,8.19764,1000000,1200000
2018-03-14 08:30:22.478000,8.22201,8.19993,1000000,1240000
2018-03-14 08:30:22.529000,8.2223,8.19833,1000000,1240000
2018-03-14 08:30:22.580000,8.22267,8.19833,1500000,1240000
2018-03-14 08:30:22.631000,8.22187,8.19934,1500000,1500000
2018-03-14 08:30:22.732000,8.22278,8.1977,1000000,1610000
2018-03-14 08:30:22.783000,8.22278,8.1988,1000000,1200000
2018-03-14 08:30:22.934000,8.2238,8.19921,1000000,1200000
2018-03-14 08:30:22.985000,8.22385,8.19921,1500000,1200000
2018-03-14 08:30:23.091000,8.22393,8.19871,1000000,1000000
2018-03-14 08:30:23.142000,8.22393,8.19953,1000000,1500000
2018-03-14 08:30:23.485000,8.22362,8.19969,1370000,1570000
2018-03-14 08:30:23.636000,8.2233,8.19863,1000000,1500000
2018-03-14 08:30:23.687000,8.22321,8.19863,1000000,1500000
2018-03-14 08:30:23.738000,8.22222,8.1972,1000000,1240000
2018-03-14 08:30:23.839000,8.22222,8.19973,1000000,1500000
2018-03-14 08:30:24.141000,8.22222,8.19778,1000000,1500000
2018-03-14 08:30:24.192000,8.22217,8.19778,1000000,1500000
2018-03-14 08:30:24.507000,8.22217,8.199,1000000,1000000
2018-03-14 08:30:24.759000,8.221,8.19691,1240000,1240000
2018-03-14 08:30:24.810000,8.221,8.1971,1240000,3750000
2018-03-14 08:30:24.861000,8.22136,8.1971,2250000,3750000
2018-03-14 08:30:24.962000,8.22137,8.19751,1500000,3750000
2018-03-14 08:30:25.266000,8.22137,8.19629,2250000,4120000
2018-03-14 08:30:25.389000,8.22137,8.1967,2250000,3750000
2018-03-14 08:30:25.712000,8.22132,8.1971,1000000,3750000
2018-03-14 08:30:26.015000,8.22137,8.19663,2250000,1000000
2018-03-14 08:30:26.065000,8.22182,8.21179,1000000,1400000
2018-03-14 08:30:26.116000,8.22192,8.21179,1000000,1470000
2018-03-14 08:30:26.469000,8.21412,8.21169,1250000,1270000
2018-03-14 08:30:26.586000,8.21316,8.20903,750000,750000
2018-03-14 08:30:26.687000,8.21658,8.20552,370000,600000
2018-03-14 08:30:26.738000,8.21658,8.20936,370000,1000000
2018-03-14 08:30:26.991000,8.22197,8.21387,1000000,1200000
2018-03-14 08:30:27.042000,8.22209,8.21182,1000000,900000
2018-03-14 08:30:27.093000,8.22217,8.19851,1000000,750000
2018-03-14 08:30:27.194000,8.22187,8.1963,1500000,750000
2018-03-14 08:30:27.296000,8.22187,8.19704,1500000,1500000
2018-03-14 08:30:27.397000,8.22216,8.19411,1000000,1240000
2018-03-14 08:30:27.475000,8.22187,8.19329,1500000,1370000
2018-03-14 08:30:27.528000,8.22187,8.19484,1500000,1000000
2018-03-14 08:30:27.830000,8.22117,8.19543,2250000,1240000
2018-03-14 08:30:27.881000,8.22206,8.19411,1000000,1000000
2018-03-14 08:30:27.931000,8.22141,8.19539,1000000,1000000
2018-03-14 08:30:28.257000,8.22076,8.1958,1000000,1240000
2018-03-14 08:30:28.307000,8.22117,8.1958,750000,1240000
2018-03-14 08:30:28.358000,8.22116,8.19703,1500000,930000
2018-03-14 08:30:28.459000,8.22116,8.19343,1500000,1000000
2018-03-14 08:30:28.579000,8.22117,8.19753,2250000,930000
2018-03-14 08:30:28.882000,8.22117,8.20144,1500000,930000
2018-03-14 08:30:28.984000,8.22117,8.19563,2250000,1500000
2018-03-14 08:30:29.034000,8.22117,8.19619,2250000,1200000
2018-03-14 08:30:29.186000,8.22146,8.19469,1000000,1000000
2018-03-14 08:30:29.237000,8.22167,8.19344,1000000,1000000
2018-03-14 08:30:29.288000,8.22117,8.20213,1500000,930000
2018-03-14 08:30:29.389000,8.21982,8.19594,370000,1500000
2018-03-14 08:30:29.490000,8.22351,8.20173,1000000,930000
2018-03-14 08:30:29.591000,8.22256,8.20003,1240000,3000000
2018-03-14 08:30:29.642000,8.22145,8.20003,1000000,3000000
2018-03-14 08:30:29.693000,8.22099,8.19784,1240000,1370000
2018-03-14 08:30:29.814000,8.21837,8.20123,930000,1000000
2018-03-14 08:30:29.915000,8.22246,8.20284,1500000,1000000
2018-03-14 08:30:29.966000,8.22246,8.20174,1500000,1500000
2018-03-14 08:30:30.017000,8.22341,8.2033,1000000,1240000
2018-03-14 08:30:30.068000,8.22347,8.2033,1000000,1240000
2018-03-14 08:30:30.118000,8.21721,8.20473,1000000,1240000
2018-03-14 08:30:30.169000,8.21717,8.20333,1500000,1500000
2018-03-14 08:30:30.220000,8.21621,8.20333,1000000,1500000
2018-03-14 08:30:30.271000,8.21621,8.20303,1000000,1500000
2018-03-14 08:30:30.473000,8.21621,8.20093,1000000,1000000
2018-03-14 08:30:30.574000,8.21621,8.19843,1000000,1500000
2018-03-14 08:30:30.676000,8.21621,8.19831,1000000,1240000
2018-03-14 08:30:30.830000,8.21621,8.19763,1000000,1000000
2018-03-14 08:30:30.936000,8.21621,8.19753,1000000,1500000
2018-03-14 08:30:30.987000,8.21621,8.20297,1000000,1000000
2018-03-14 08:30:31.312000,8.21677,8.20326,1000000,1000000
2018-03-14 08:30:31.363000,8.21687,8.20326,1500000,1000000
2018-03-14 08:30:31.414000,8.21727,8.20337,1000000,370000
2018-03-14 08:30:31.515000,8.22034,8.19853,1370000,370000
2018-03-14 08:30:31.616000,8.21987,8.19724,1500000,1370000
2018-03-14 08:30:31.717000,8.22031,8.19541,1570000,1370000
2018-03-14 08:30:31.818000,8.22066,8.19593,1370000,1370000
2018-03-14 08:30:32.020000,8.22081,8.19589,2250000,2230000
2018-03-14 08:30:32.071000,8.22081,8.19693,2250000,1440000
2018-03-14 08:30:32.571000,8.21989,8.19693,1370000,1920000
2018-03-14 08:30:32.927000,8.21998,8.19693,1370000,1390000
2018-03-14 08:30:33.029000,8.21998,8.19693,1370000,1390000
2018-03-14 08:30:33.130000,8.21998,8.19693,1370000,2000000
2018-03-14 08:30:33.188000,8.21998,8.19693,1370000,2000000
2018-03-14 08:30:33.291000,8.21998,8.19709,1370000,1370000
2018-03-14 08:30:33.392000,8.21987,8.19693,1370000,1780000
2018-03-14 08:30:33.535000,8.21998,8.19693,1370000,1780000
2018-03-14 08:30:33.636000,8.21998,8.19696,1370000,1920000
2018-03-14 08:30:33.904000,8.21998,8.19676,1370000,1370000
2018-03-14 08:30:34.211000,8.21987,8.19666,1370000,2910000
2018-03-14 08:30:34.547000,8.21987,8.19853,1370000,1240000
2018-03-14 08:30:34.598000,8.21987,8.19853,1370000,1240000
2018-03-14 08:30:34.652000,8.21921,8.19853,1000000,1240000
2018-03-14 08:30:34.703000,8.21987,8.19833,1370000,1860000
2018-03-14 08:30:34.813000,8.22,8.19666,1370000,1160000
2018-03-14 08:30:35.535000,8.21921,8.19666,1000000,1390000
2018-03-14 08:30:35.838000,8.21867,8.19666,1370000,1240000
2018-03-14 08:30:35.997000,8.21857,8.19666,1370000,1240000
2018-03-14 08:30:36.048000,8.21857,8.19843,1000000,1240000
2018-03-14 08:30:36.098000,8.2187,8.19843,1370000,1240000
2018-03-14 08:30:36.149000,8.21803,8.19843,1000000,1240000
2018-03-14 08:30:36.201000,8.2187,8.19853,1000000,1240000
2018-03-14 08:30:36.302000,8.2187,8.19863,1000000,1240000
2018-03-14 08:30:36.503000,8.2187,8.19666,1000000,1790000
2018-03-14 08:30:36.554000,8.2187,8.20768,1000000,4350000
2018-03-14 08:30:36.858000,8.21679,8.20808,1240000,3750000
2018-03-14 08:30:36.909000,8.21857,8.20808,1970000,3750000
2018-03-14 08:30:37.815000,8.21693,8.20808,1240000,3750000
2018-03-14 08:30:37.921000,8.21814,8.20808,1000000,4350000
2018-03-14 08:30:37.972000,8.21748,8.20808,1000000,4350000
2018-03-14 08:30:38.055000,8.21833,8.20808,1000000,4350000
2018-03-14 08:30:38.107000,8.21717,8.20808,1500000,4350000
2018-03-14 08:30:38.208000,8.21803,8.20808,1000000,4350000
2018-03-14 08:30:38.259000,8.21867,8.20808,1000000,4350000
2018-03-14 08:30:38.411000,8.21802,8.20838,1000000,1600000
2018-03-14 08:30:38.462000,8.21877,8.20808,1000000,4350000
2018-03-14 08:30:38.563000,8.21867,8.20808,1000000,4350000
2018-03-14 08:30:38.869000,8.21723,8.20808,1000000,3750000
2018-03-14 08:30:38.919000,8.21767,8.20808,1000000,3750000
2018-03-14 08:30:39.322000,8.21767,8.20808,1500000,3820000
2018-03-14 08:30:39.625000,8.21779,8.20855,1000000,1070000
2018-03-14 08:30:39.933000,8.21797,8.20855,1000000,1150000
2018-03-14 08:30:39.984000,8.21817,8.20888,1000000,1150000
2018-03-14 08:30:40.085000,8.21837,8.20888,1000000,1150000
2018-03-14 08:30:40.186000,8.21797,8.20888,1000000,1150000
2018-03-14 08:30:40.490000,8.21748,8.20837,1000000,1150000
2018-03-14 08:30:40.541000,8.21803,8.20837,1000000,1150000
2018-03-14 08:30:40.760000,8.21803,8.20837,1000000,1150000
2018-03-14 08:30:40.811000,8.2175,8.2078,1000000,1150000
2018-03-14 08:30:41.141000,8.21714,8.20775,1000000,3900000
2018-03-14 08:30:41.251000,8.21714,8.20775,1000000,3820000
2018-03-14 08:30:41.382000,8.21769,8.20814,1000000,1000000
2018-03-14 08:30:41.734000,8.21769,8.20814,1000000,1070000
2018-03-14 08:30:41.786000,8.21785,8.20834,1000000,1070000
2018-03-14 08:30:41.837000,8.21694,8.20775,1000000,3900000
2018-03-14 08:30:41.888000,8.21767,8.20816,1000000,1150000
2018-03-14 08:30:42.114000,8.2174,8.20815,1000000,1150000
2018-03-14 08:30:42.367000,8.21747,8.20797,1000000,1150000
2018-03-14 08:30:42.418000,8.21783,8.20827,1000000,1150000
2018-03-14 08:30:42.530000,8.21783,8.20827,1000000,1150000
2018-03-14 08:30:42.886000,8.2174,8.20827,1240000,1150000
2018-03-14 08:30:42.988000,8.21783,8.20827,1000000,1150000
2018-03-14 08:30:43.042000,8.21783,8.20827,1000000,1070000
2018-03-14 08:30:43.143000,8.21783,8.20827,1000000,1070000
2018-03-14 08:30:43.397000,8.21831,8.20884,1000000,1000000
2018-03-14 08:30:43.448000,8.21854,8.20897,1000000,1000000
2018-03-14 08:30:43.816000,8.21867,8.20806,1000000,1070000
2018-03-14 08:30:43.917000,8.21907,8.20739,1000000,1070000
2018-03-14 08:30:44.069000,8.21907,8.20794,1000000,1000000
2018-03-14 08:30:44.334000,8.2163,8.2141,1000000,1000000
2018-03-14 08:30:44.385000,8.21957,8.20794,1000000,1000000
2018-03-14 08:30:44.487000,8.21879,8.20867,1000000,1370000
2018-03-14 08:30:44.639000,8.21786,8.20867,1000000,1000000
2018-03-14 08:30:44.691000,8.21721,8.20867,1000000,1000000
2018-03-14 08:30:45.067000,8.21721,8.209,1000000,1000000
2018-03-14 08:30:45.169000,8.21721,8.20867,1000000,1000000
2018-03-14 08:30:45.371000,8.21721,8.20831,1000000,1070000
2018-03-14 08:30:45.574000,8.21721,8.20831,1000000,1000000
2018-03-14 08:30:45.818000,8.21721,8.20848,1000000,1000000
2018-03-14 08:30:46.021000,8.21777,8.20848,1000000,1000000
2018-03-14 08:30:46.072000,8.21781,8.20848,1000000,1070000
2018-03-14 08:30:46.174000,8.21821,8.20886,1000000,1070000
2018-03-14 08:30:46.225000,8.21852,8.20886,1000000,1070000
2018-03-14 08:30:46.669000,8.21816,8.20892,1240000,1070000
2018-03-14 08:30:46.782000,8.21852,8.20892,1000000,1070000
2018-03-14 08:30:47.032000,8.21852,8.20892,1000000,1150000
2018-03-14 08:30:47.083000,8.21852,8.20892,1000000,1000000
2018-03-14 08:30:47.134000,8.21922,8.21024,1000000,1000000
2018-03-14 08:30:47.336000,8.21966,8.20996,1000000,1370000
2018-03-14 08:30:47.387000,8.21985,8.2104,1000000,1000000
2018-03-14 08:30:47.488000,8.21985,8.21002,1000000,1660000
2018-03-14 08:30:47.589000,8.21901,8.20941,1000000,1000000
2018-03-14 08:30:47.690000,8.21872,8.20887,1000000,1000000
2018-03-14 08:30:47.791000,8.21402,8.21188,1000000,1000000
2018-03-14 08:30:48.100000,8.21383,8.21169,1000000,1000000
2018-03-14 08:30:48.406000,8.21374,8.2116,1000000,1000000
2018-03-14 08:30:48.725000,8.2136,8.21146,1000000,1000000
2018-03-14 08:30:49.030000,8.21343,8.21129,1000000,1000000
2018-03-14 08:30:49.344000,8.2134,8.21126,1000000,1000000
2018-03-14 08:30:49.649000,8.21305,8.21091,1000000,1000000
2018-03-14 08:30:49.999000,8.21223,8.21009,1000000,1000000
2018-03-14 08:30:50.305000,8.21199,8.20985,1000000,1000000
2018-03-14 08:30:50.610000,8.21194,8.2098,1000000,1000000
2018-03-14 08:30:50.952000,8.21185,8.20971,1000000,1000000
2018-03-14 08:30:51.268000,8.21179,8.20965,1000000,1000000
2018-03-14 08:30:51.818000,8.21178,8.20964,1000000,1000000
2018-03-14 08:30:52.135000,8.21168,8.20954,1000000,1000000
2018-03-14 08:30:52.437000,8.21155,8.20943,1000000,1000000
2018-03-14 08:30:52.489000,8.21152,8.20939,1000000,1000000
2018-03-14 08:30:52.925000,8.21151,8.20937,1000000,1000000
2018-03-14 08:30:53.041000,8.21149,8.20935,1000000,1000000
2018-03-14 08:30:53.376000,8.21146,8.20942,1000000,1000000
2018-03-14 08:30:53.428000,8.21146,8.20932,1000000,1000000
2018-03-14 08:30:53.683000,8.21139,8.2096,1000000,1000000
2018-03-14 08:30:53.784000,8.21139,8.20945,1000000,1000000
2018-03-14 08:30:53.836000,8.21159,8.20964,1000000,1000000
2018-03-14 08:30:53.945000,8.21159,8.20947,1500000,1000000
2018-03-14 08:30:53.995000,8.21133,8.2092,1000000,1000000
2018-03-14 08:30:54.249000,8.21127,8.2092,1000000,1000000
2018-03-14 08:30:54.572000,8.21123,8.2092,1000000,1000000
2018-03-14 08:30:55.184000,8.21129,8.2092,1000000,1000000
2018-03-14 08:30:55.468000,8.21135,8.20921,1000000,1000000
2018-03-14 08:30:55.764000,8.21138,8.20924,1000000,1000000
2018-03-14 08:30:56.066000,8.21135,8.20921,1000000,1000000
2018-03-14 08:30:56.372000,8.21161,8.20949,1000000,1000000
2018-03-14 08:30:56.524000,8.21156,8.20942,1000000,1000000
2018-03-14 08:30:57.064000,8.21155,8.20943,1000000,1000000
2018-03-14 08:30:57.115000,8.2115,8.20941,1000000,1000000
2018-03-14 08:30:57.166000,8.2115,8.20936,1000000,1000000
2018-03-14 08:30:57.318000,8.2115,8.20947,1000000,1000000
2018-03-14 08:30:57.708000,8.21143,8.20947,1000000,1000000
2018-03-14 08:30:57.995000,8.21145,8.20947,1000000,1000000
2018-03-14 08:30:58.096000,8.21145,8.2098,1000000,1000000
2018-03-14 08:30:58.147000,8.21163,8.20996,1000000,1000000
2018-03-14 08:30:58.349000,8.21163,8.20977,1000000,1000000
2018-03-14 08:30:58.400000,8.21163,8.20949,1000000,1000000
2018-03-14 08:30:58.451000,8.21161,8.20947,1000000,1500000
2018-03-14 08:30:58.817000,8.21168,8.20954,1000000,1000000
2018-03-14 08:30:59.176000,8.21175,8.20965,1000000,1000000
2018-03-14 08:30:59.640000,8.21171,8.20965,1000000,1000000
2018-03-14 08:30:59.945000,8.21173,8.20965,1000000,1000000
2018-03-14 08:30:59.996000,8.21173,8.20959,1000000,1000000
2018-03-14 08:31:00.232000,8.21175,8.20961,1000000,1000000
2018-03-14 08:31:00.584000,8.21152,8.20947,1000000,1000000
2018-03-14 08:31:00.787000,8.21161,8.20947,1000000,1500000
2018-03-14 08:31:01.073000,8.21157,8.20947,1000000,1000000
2018-03-14 08:31:01.431000,8.21154,8.20947,1000000,1000000
2018-03-14 08:31:01.748000,8.21162,8.20975,1000000,1600000
2018-03-14 08:31:01.901000,8.21314,8.2118,1000000,1000000
2018-03-14 08:31:01.953000,8.21489,8.21247,1100000,1000000
2018-03-14 08:31:02.005000,8.21477,8.21288,1000000,1000000
2018-03-14 08:31:02.056000,8.21489,8.21299,1000000,1000000
2018-03-14 08:31:02.108000,8.21515,8.21318,1000000,1000000
2018-03-14 08:31:02.159000,8.21509,8.21318,1000000,1000000
2018-03-14 08:31:02.405000,8.21603,8.21381,1000000,1000000
2018-03-14 08:31:02.558000,8.21603,8.21385,1000000,1000000
2018-03-14 08:31:02.847000,8.21603,8.2138,1000000,1000000
2018-03-14 08:31:03.171000,8.21603,8.21378,1000000,1000000
2018-03-14 08:31:03.323000,8.21603,8.2141,1000000,1000000
2018-03-14 08:31:03.476000,8.21587,8.21392,1000000,1000000
2018-03-14 08:31:03.578000,8.21585,8.21392,1000000,1000000
2018-03-14 08:31:03.769000,8.21587,8.21392,1000000,1000000
2018-03-14 08:31:03.971000,8.21579,8.21392,1000000,1000000
2018-03-14 08:31:04.233000,8.21584,8.21392,1000000,1000000
2018-03-14 08:31:05.386000,8.21584,8.21371,1000000,1000000
2018-03-14 08:31:05.869000,8.21587,8.21371,1000000,1000000
2018-03-14 08:31:05.920000,8.21587,8.21391,1000000,1000000
2018-03-14 08:31:06.271000,8.21637,8.21417,1000000,1000000
2018-03-14 08:31:06.616000,8.21633,8.21449,1000000,1000000
2018-03-14 08:31:06.855000,8.21639,8.21449,1000000,1000000
2018-03-14 08:31:07.060000,8.21623,8.21449,1000000,1000000
2018-03-14 08:31:07.162000,8.21623,8.21428,1000000,1000000
2018-03-14 08:31:07.320000,8.21623,8.21392,1000000,1000000
2018-03-14 08:31:07.371000,8.21536,8.21361,1000000,1000000
2018-03-14 08:31:07.571000,8.21493,8.21281,1000000,1000000
2018-03-14 08:31:07.674000,8.21425,8.21226,1000000,1500000
2018-03-14 08:31:07.725000,8.21403,8.21189,1000000,1000000
2018-03-14 08:31:07.776000,8.21363,8.21175,1000000,1000000
2018-03-14 08:31:07.827000,8.21363,8.2114,1000000,1000000
2018-03-14 08:31:07.979000,8.21291,8.21077,1000000,1000000
2018-03-14 08:31:08.282000,8.21213,8.20999,1000000,1000000
2018-03-14 08:31:08.619000,8.21195,8.20981,1000000,1000000
2018-03-14 08:31:08.970000,8.21183,8.20969,1000000,1000000
2018-03-14 08:31:09.275000,8.21167,8.20953,1000000,1000000
2018-03-14 08:31:09.609000,8.21138,8.20924,1000000,1000000
2018-03-14 08:31:09.914000,8.21121,8.20907,1000000,1000000
2018-03-14 08:31:10.253000,8.21116,8.20902,1000000,1000000
2018-03-14 08:31:10.581000,8.21086,8.20872,1000000,1000000
2018-03-14 08:31:10.947000,8.21069,8.20855,1000000,1000000
2018-03-14 08:31:11.090000,8.21062,8.20847,1000000,1000000
2018-03-14 08:31:11.345000,8.21063,8.20845,1000000,1000000
2018-03-14 08:31:11.605000,8.21066,8.20845,1000000,1000000
2018-03-14 08:31:11.870000,8.21066,8.20849,1000000,1000000
2018-03-14 08:31:12.490000,8.21065,8.20848,1000000,1000000
2018-03-14 08:31:12.961000,8.21065,8.20854,1000000,1000000
2018-03-14 08:31:13.012000,8.21065,8.20847,1000000,1000000
2018-03-14 08:31:13.318000,8.21065,8.20865,1000000,1000000
2018-03-14 08:31:13.370000,8.21065,8.20847,1000000,1000000
2018-03-14 08:31:13.676000,8.21067,8.20845,1000000,1000000
2018-03-14 08:31:14.190000,8.21066,8.20845,1000000,1000000
2018-03-14 08:31:14.352000,8.21066,8.20869,1000000,1000000
2018-03-14 08:31:14.674000,8.21046,8.20893,1000000,1000000
2018-03-14 08:31:14.837000,8.21056,8.20893,1000000,1000000
2018-03-14 08:31:14.938000,8.21036,8.20871,1000000,1000000
2018-03-14 08:31:15.041000,8.21043,8.20871,1000000,1000000
2018-03-14 08:31:15.313000,8.21054,8.20871,1000000,1000000
2018-03-14 08:31:15.619000,8.21056,8.20871,1000000,1000000
2018-03-14 08:31:16.199000,8.21057,8.20889,1000000,1000000
2018-03-14 08:31:16.252000,8.21076,8.20889,1000000,1000000
2018-03-14 08:31:16.303000,8.21076,8.20909,1000000,1000000
2018-03-14 08:31:16.406000,8.21093,8.20909,1000000,1000000
2018-03-14 08:31:16.457000,8.21093,8.20912,1000000,1000000
2018-03-14 08:31:16.807000,8.21088,8.20912,1000000,1000000
2018-03-14 08:31:17.349000,8.21086,8.20912,1000000,1000000
2018-03-14 08:31:17.920000,8.21091,8.20929,1000000,1000000
2018-03-14 08:31:18.232000,8.21091,8.20947,1000000,1000000
2018-03-14 08:31:18.334000,8.21096,8.20949,1000000,1000000
2018-03-14 08:31:18.537000,8.21099,8.20949,1000000,1000000
2018-03-14 08:31:18.588000,8.21099,8.20952,1000000,1000000
2018-03-14 08:31:18.807000,8.21101,8.20952,1000000,1000000
2018-03-14 08:31:19.361000,8.21102,8.20952,1000000,1000000
2018-03-14 08:31:19.412000,8.21107,8.20952,1000000,1000000
2018-03-14 08:31:19.679000,8.21111,8.20952,1000000,1000000
2018-03-14 08:31:19.986000,8.21113,8.20952,1000000,1000000
2018-03-14 08:31:20.184000,8.21086,8.20915,1000000,1000000
2018-03-14 08:31:20.235000,8.21086,8.20897,1000000,1000000
2018-03-14 08:31:20.286000,8.21079,8.20879,1000000,1000000
2018-03-14 08:31:20.438000,8.21091,8.20901,1000000,1000000
2018-03-14 08:31:20.741000,8.21088,8.20923,1000000,1000000
2018-03-14 08:31:20.792000,8.21092,8.20923,1000000,1000000
2018-03-14 08:31:21.147000,8.211,8.20923,1000000,1000000
2018-03-14 08:31:21.288000,8.21121,8.20923,1000000,1000000
2018-03-14 08:31:21.339000,8.21121,8.20979,1000000,1000000
2018-03-14 08:31:21.546000,8.21128,8.20979,1000000,1000000
2018-03-14 08:31:21.858000,8.21132,8.20979,1000000,1000000
2018-03-14 08:31:22.232000,8.21136,8.20979,1000000,1000000
2018-03-14 08:31:22.289000,8.21136,8.21,1000000,1000000
2018-03-14 08:31:22.340000,8.21158,8.21,1000000,1000000
2018-03-14 08:31:22.493000,8.21158,8.21011,1000000,1000000
2018-03-14 08:31:22.696000,8.21165,8.21024,1000000,1000000
2018-03-14 08:31:22.748000,8.21186,8.21043,1000000,1000000
2018-03-14 08:31:22.900000,8.21186,8.21061,1000000,1000000
2018-03-14 08:31:22.950000,8.21203,8.21061,1000000,1000000
2018-03-14 08:31:23.102000,8.21224,8.21084,1000000,1000000
2018-03-14 08:31:23.420000,8.21234,8.21104,1000000,1000000
2018-03-14 08:31:23.583000,8.21204,8.21065,1000000,1000000
2018-03-14 08:31:23.765000,8.21206,8.21065,1000000,1000000
2018-03-14 08:31:23.817000,8.21206,8.21058,1000000,1000000
2018-03-14 08:31:23.932000,8.21206,8.21061,1000000,1000000
2018-03-14 08:31:24.037000,8.21206,8.2104,1000000,1000000
2018-03-14 08:31:24.088000,8.21195,8.21032,1000000,1000000
2018-03-14 08:31:24.419000,8.21209,8.21056,1000000,1000000
2018-03-14 08:31:24.661000,8.21217,8.21056,1000000,1000000
2018-03-14 08:31:25.003000,8.21223,8.21056,1000000,1000000
2018-03-14 08:31:25.054000,8.21223,8.21043,1000000,1000000
2018-03-14 08:31:25.105000,8.21241,8.21061,1000000,1000000
2018-03-14 08:31:25.410000,8.21257,8.21109,1000000,1000000
2018-03-14 08:31:25.715000,8.21321,8.21189,1000000,1000000
2018-03-14 08:31:25.793000,8.21321,8.2114,1000000,1000000
2018-03-14 08:31:25.894000,8.21303,8.21139,1000000,1000000
2018-03-14 08:31:26.199000,8.21284,8.21133,1000000,1000000
2018-03-14 08:31:26.550000,8.21325,8.21185,1000000,1000000
2018-03-14 08:31:26.945000,8.21323,8.21156,1000000,1000000
2018-03-14 08:31:27.169000,8.21317,8.21156,1000000,1000000
2018-03-14 08:31:27.220000,8.21317,8.21138,1000000,1000000
2018-03-14 08:31:27.272000,8.21298,8.21118,1000000,1000000
2018-03-14 08:31:27.323000,8.21271,8.2109,1000000,1000000
2018-03-14 08:31:27.375000,8.21253,8.2109,1500000,1000000
2018-03-14 08:31:27.426000,8.21253,8.2108,1500000,1000000
2018-03-14 08:31:27.477000,8.21253,8.21073,1500000,1500000
2018-03-14 08:31:27.527000,8.21251,8.21072,1000000,1000000
2018-03-14 08:31:27.857000,8.21183,8.21023,1000000,1000000
2018-03-14 08:31:27.907000,8.21183,8.21004,1500000,1000000
2018-03-14 08:31:27.958000,8.21166,8.20977,1000000,1000000
2018-03-14 08:31:28.059000,8.21128,8.20977,1000000,1000000
2018-03-14 08:31:28.110000,8.21128,8.20963,1000000,1000000
2018-03-14 08:31:28.212000,8.21128,8.20936,1000000,1000000
2018-03-14 08:31:28.263000,8.21107,8.20936,1000000,1000000
2018-03-14 08:31:28.539000,8.21094,8.20913,1000000,1000000
2018-03-14 08:31:28.658000,8.21094,8.20908,1000000,1000000
2018-03-14 08:31:28.837000,8.21085,8.20895,1000000,1000000
2018-03-14 08:31:29.350000,8.2108,8.20908,1000000,1000000
2018-03-14 08:31:29.452000,8.2108,8.20895,1000000,1000000
2018-03-14 08:31:29.639000,8.21074,8.20895,1000000,1000000
2018-03-14 08:31:30.241000,8.21078,8.20895,1000000,1000000
2018-03-14 08:31:31.146000,8.21074,8.20895,1000000,1000000
2018-03-14 08:31:31.443000,8.21078,8.20895,1000000,1000000
2018-03-14 08:31:31.748000,8.21076,8.20895,1000000,1000000
2018-03-14 08:31:32.661000,8.21077,8.20895,1000000,1000000
2018-03-14 08:31:32.722000,8.21077,8.20878,1000000,1000000
2018-03-14 08:31:32.963000,8.20979,8.20815,1000000,1000000
2018-03-14 08:31:33.014000,8.2099,8.20796,1000000,1500000
2018-03-14 08:31:33.065000,8.20973,8.20796,1000000,1000000
2018-03-14 08:31:33.218000,8.20955,8.20766,1000000,1000000
2018-03-14 08:31:33.371000,8.20972,8.20773,1000000,1000000
2018-03-14 08:31:33.422000,8.21012,8.20896,1000000,1600000
2018-03-14 08:31:33.474000,8.21051,8.20896,1200000,1000000
2018-03-14 08:31:33.525000,8.21051,8.20896,1200000,1600000
2018-03-14 08:31:33.577000,8.21103,8.20905,1000000,2100000
2018-03-14 08:31:33.628000,8.21103,8.21024,1000000,1000000
2018-03-14 08:31:33.679000,8.21182,8.21042,1000000,1000000
2018-03-14 08:31:33.730000,8.21182,8.2106,1000000,1000000
2018-03-14 08:31:33.782000,8.21244,8.21048,1000000,1000000
2018-03-14 08:31:33.884000,8.21244,8.21102,1000000,1000000
2018-03-14 08:31:33.935000,8.21293,8.21102,1000000,1000000
2018-03-14 08:31:33.986000,8.21293,8.21144,1000000,1000000
2018-03-14 08:31:34.038000,8.21345,8.21144,1000000,1000000
2018-03-14 08:31:34.165000,8.21317,8.21167,1000000,1000000
2018-03-14 08:31:34.218000,8.21317,8.21134,1000000,1000000
2018-03-14 08:31:34.269000,8.21307,8.21134,1000000,1000000
2018-03-14 08:31:34.523000,8.21358,8.21149,1000000,1000000
2018-03-14 08:31:34.573000,8.21347,8.21202,1000000,1000000
2018-03-14 08:31:34.675000,8.21388,8.21237,1000000,1000000
2018-03-14 08:31:34.928000,8.21402,8.21237,1000000,1000000
2018-03-14 08:31:35.459000,8.21401,8.21237,1000000,1000000
2018-03-14 08:31:35.510000,8.21422,8.21238,1000000,1000000
2018-03-14 08:31:35.612000,8.21443,8.21237,1000000,1000000
2018-03-14 08:31:35.766000,8.21443,8.21269,1000000,1000000
2018-03-14 08:31:35.817000,8.21465,8.21269,1000000,1000000
2018-03-14 08:31:36.182000,8.21491,8.21284,1000000,1000000
2018-03-14 08:31:36.435000,8.21503,8.21289,1000000,1000000
2018-03-14 08:31:36.742000,8.21507,8.21293,1000000,1000000
2018-03-14 08:31:37.054000,8.2151,8.21316,1000000,1000000
2018-03-14 08:31:37.310000,8.21512,8.21316,1000000,1000000
2018-03-14 08:31:37.633000,8.2146,8.21265,1000000,1500000
2018-03-14 08:31:37.963000,8.21414,8.21272,1000000,1000000
2018-03-14 08:31:38.189000,8.21414,8.21253,1000000,1000000
2018-03-14 08:31:38.240000,8.21407,8.21273,1000000,1000000
2018-03-14 08:31:38.443000,8.21407,8.21204,1000000,1370000
2018-03-14 08:31:38.544000,8.21405,8.21204,1000000,1000000
2018-03-14 08:31:39.078000,8.21402,8.21204,1000000,1000000
2018-03-14 08:31:39.382000,8.21396,8.21204,1000000,1000000
2018-03-14 08:31:39.735000,8.21393,8.21204,1000000,1000000
2018-03-14 08:31:40.037000,8.21391,8.21204,1000000,1000000
2018-03-14 08:31:40.161000,8.21391,8.21188,1000000,1000000
2018-03-14 08:31:40.615000,8.21393,8.21188,1000000,1000000
2018-03-14 08:31:40.735000,8.21398,8.21188,1500000,1000000
2018-03-14 08:31:40.786000,8.21398,8.21207,1000000,1000000
2018-03-14 08:31:40.938000,8.21394,8.21186,1000000,1000000
2018-03-14 08:31:41.193000,8.21394,8.21184,1000000,1000000
2018-03-14 08:31:41.791000,8.21392,8.21184,1000000,1000000
2018-03-14 08:31:42.096000,8.2141,8.21217,1000000,1000000
2018-03-14 08:31:42.147000,8.2141,8.21211,1000000,1000000
2018-03-14 08:31:42.389000,8.2139,8.21206,1000000,1000000
2018-03-14 08:31:42.700000,8.2136,8.21211,1000000,1000000
2018-03-14 08:31:42.751000,8.21342,8.21183,1000000,1000000
2018-03-14 08:31:42.803000,8.21342,8.21173,1000000,1000000
2018-03-14 08:31:42.905000,8.21342,8.21166,1000000,1000000
2018-03-14 08:31:43.078000,8.21342,8.2117,1000000,1000000
2018-03-14 08:31:43.231000,8.21337,8.21146,1500000,1000000
2018-03-14 08:31:43.536000,8.21337,8.21143,2250000,1000000
2018-03-14 08:31:43.907000,8.21335,8.21143,1000000,1000000
2018-03-14 08:31:44.564000,8.21331,8.21143,1000000,1000000
2018-03-14 08:31:44.890000,8.21331,8.21145,1000000,1000000
2018-03-14 08:31:45.207000,8.21315,8.21128,1000000,1000000
2018-03-14 08:31:45.258000,8.21327,8.21152,1000000,1000000
2018-03-14 08:31:45.309000,8.21316,8.21133,1000000,1000000
2018-03-14 08:31:45.360000,8.21334,8.21151,1000000,1000000
2018-03-14 08:31:45.694000,8.21355,8.21172,1000000,1000000
2018-03-14 08:31:46,8.21337,8.21154,1000000,1000000
2018-03-14 08:31:47.524000,8.21318,8.21139,1000000,1000000
2018-03-14 08:31:47.831000,8.21347,8.21168,1000000,1000000
2018-03-14 08:31:48.262000,8.21347,8.21178,1000000,1000000
2018-03-14 08:31:48.536000,8.21347,8.21168,1000000,1500000
2018-03-14 08:31:50.751000,8.21326,8.21161,1000000,1000000
2018-03-14 08:31:50.803000,8.21326,8.21153,1000000,1000000
2018-03-14 08:31:50.984000,8.21306,8.21133,1000000,1000000
2018-03-14 08:31:51.455000,8.2128,8.21118,1000000,1000000
2018-03-14 08:31:51.783000,8.2128,8.21113,1000000,1000000
2018-03-14 08:31:54.295000,8.21276,8.21118,1000000,1000000
2018-03-14 08:31:54.602000,8.21315,8.21157,1000000,1000000
2018-03-14 08:31:54.961000,8.21317,8.21159,1000000,1000000
2018-03-14 08:31:55.707000,8.21405,8.21289,1000000,1500000
2018-03-14 08:31:55.809000,8.21493,8.21356,1200000,1000000
2018-03-14 08:31:55.983000,8.21508,8.21356,1000000,1000000
2018-03-14 08:31:56.035000,8.21508,8.21325,1000000,1000000
2018-03-14 08:31:56.136000,8.21512,8.21319,1000000,1000000
2018-03-14 08:31:56.393000,8.2152,8.21337,1000000,1000000
2018-03-14 08:31:56.545000,8.2153,8.21337,1000000,1000000
2018-03-14 08:31:57.337000,8.21545,8.2135,1000000,1000000
2018-03-14 08:31:57.485000,8.21552,8.2135,1000000,1000000
2018-03-14 08:31:57.839000,8.21563,8.21369,1000000,1000000
2018-03-14 08:31:57.890000,8.21563,8.21367,1000000,1000000
2018-03-14 08:31:58.067000,8.2157,8.21367,1000000,1000000
2018-03-14 08:31:58.118000,8.21538,8.21362,1000000,1000000
2018-03-14 08:31:58.257000,8.2149,8.21291,1000000,1000000
2018-03-14 08:31:58.308000,8.21466,8.21291,1000000,1000000
2018-03-14 08:31:58.359000,8.21446,8.2125,1000000,1250000
2018-03-14 08:31:58.410000,8.21427,8.21245,1000000,1370000
2018-03-14 08:31:58.716000,8.21427,8.21266,1000000,1000000
2018-03-14 08:31:58.767000,8.21427,8.21264,1000000,1000000
2018-03-14 08:31:58.869000,8.21427,8.21238,1000000,1000000
2018-03-14 08:31:59.024000,8.21427,8.21226,1000000,1000000
2018-03-14 08:31:59.126000,8.21423,8.21229,1000000,1000000
2018-03-14 08:31:59.436000,8.21445,8.21251,1000000,1000000
2018-03-14 08:31:59.740000,8.21445,8.21253,1000000,1000000
2018-03-14 08:32:00.004000,8.21445,8.21251,1000000,1500000
2018-03-14 08:32:00.055000,8.21466,8.21272,1000000,1000000
2018-03-14 08:32:00.934000,8.21466,8.21274,1000000,1000000
2018-03-14 08:32:01.332000,8.21466,8.2128,1000000,1000000
2018-03-14 08:32:01.559000,8.21466,8.21276,1000000,1000000
2018-03-14 08:32:02.061000,8.21449,8.21277,1000000,1000000
2018-03-14 08:32:02.245000,8.21449,8.21262,1000000,1000000
2018-03-14 08:32:02.493000,8.21449,8.21266,1000000,1000000
2018-03-14 08:32:03.022000,8.21449,8.21265,1000000,1000000
2018-03-14 08:32:03.588000,8.21449,8.21264,1000000,1000000
2018-03-14 08:32:04.261000,8.21381,8.21204,1000000,1000000
2018-03-14 08:32:04.413000,8.21381,8.21198,1000000,1000000
2018-03-14 08:32:05.545000,8.21381,8.21201,1000000,1000000
2018-03-14 08:32:05.881000,8.21401,8.21224,1000000,1000000
2018-03-14 08:32:06.187000,8.21401,8.21227,1000000,1000000
2018-03-14 08:32:06.496000,8.21401,8.21229,1000000,1000000
2018-03-14 08:32:07.090000,8.21401,8.2123,1000000,1000000
2018-03-14 08:32:07.395000,8.21382,8.21213,1000000,1000000
2018-03-14 08:32:07.668000,8.21379,8.21206,1000000,1000000
2018-03-14 08:32:08.335000,8.21379,8.21219,1000000,1000000
2018-03-14 08:32:08.528000,8.21411,8.21238,1000000,1000000
2018-03-14 08:32:09.046000,8.21411,8.21251,1000000,1000000
2018-03-14 08:32:09.381000,8.21411,8.21238,1000000,1000000
2018-03-14 08:32:09.483000,8.21427,8.21254,1000000,1000000
2018-03-14 08:32:11.926000,8.21427,8.2126,1000000,1000000
2018-03-14 08:32:12.784000,8.21427,8.21254,1000000,1000000
2018-03-14 08:32:12.972000,8.21458,8.21287,1000000,1000000
2018-03-14 08:32:13.024000,8.21466,8.21287,1000000,1000000
2018-03-14 08:32:13.075000,8.21475,8.21306,1000000,1000000
2018-03-14 08:32:13.126000,8.21477,8.21306,1000000,1000000
2018-03-14 08:32:13.177000,8.21482,8.21306,1000000,1000000
2018-03-14 08:32:13.330000,8.21491,8.21324,1000000,1000000
2018-03-14 08:32:13.432000,8.21485,8.21306,1000000,1000000
2018-03-14 08:32:13.745000,8.21494,8.21324,1000000,1000000
2018-03-14 08:32:13.796000,8.21494,8.21322,1000000,1000000
2018-03-14 08:32:14.155000,8.21484,8.21305,1000000,1000000
2018-03-14 08:32:14.206000,8.21488,8.21305,1000000,1000000
