time,ask,bid,ask_volume,bid_volume
2021-11-26 08:25:00.039000,9.16742,9.16414,1500000,1500000
2021-11-26 08:25:00.190000,9.16743,9.16324,1750000,1870000
2021-11-26 08:25:00.449000,9.16742,9.16404,1500000,1500000
2021-11-26 08:25:00.667000,9.16743,9.16403,1250000,1750000
2021-11-26 08:25:00.969000,9.16743,9.16413,1750000,1750000
2021-11-26 08:25:01.269000,9.16743,9.16406,1750000,3000000
2021-11-26 08:25:01.425000,9.16743,9.16406,1750000,3000000
2021-11-26 08:25:01.678000,9.16743,9.16363,1750000,1750000
2021-11-26 08:25:01.779000,9.16743,9.16356,1750000,3000000
2021-11-26 08:25:01.930000,9.16751,9.16386,1750000,3000000
2021-11-26 08:25:01.980000,9.16751,9.16386,1750000,3000000
2021-11-26 08:25:02.098000,9.16751,9.16386,1750000,3000000
2021-11-26 08:25:02.219000,9.16751,9.16397,1250000,1750000
2021-11-26 08:25:02.376000,9.16789,9.16427,1750000,3000000
2021-11-26 08:25:02.477000,9.1679,9.16426,1750000,3000000
2021-11-26 08:25:02.584000,9.1679,9.16433,1750000,1750000
2021-11-26 08:25:03.116000,9.1679,9.16433,1750000,1750000
2021-11-26 08:25:03.317000,9.16754,9.16389,1750000,1750000
2021-11-26 08:25:03.658000,9.16754,9.16386,1750000,3000000
2021-11-26 08:25:03.809000,9.16754,9.16433,1500000,1500000
2021-11-26 08:25:04.019000,9.16754,9.16443,1500000,1500000
2021-11-26 08:25:04.243000,9.16754,9.16443,1500000,1500000
2021-11-26 08:25:04.344000,9.16754,9.16453,1500000,1500000
2021-11-26 08:25:04.446000,9.16791,9.16453,1500000,1500000
2021-11-26 08:25:04.597000,9.16799,9.16461,1750000,1750000
2021-11-26 08:25:04.808000,9.16827,9.16483,1750000,1750000
2021-11-26 08:25:04.959000,9.16827,9.16493,1750000,1750000
2021-11-26 08:25:05.179000,9.16827,9.16503,1500000,1500000
2021-11-26 08:25:05.391000,9.16827,9.16507,1250000,1750000
2021-11-26 08:25:05.597000,9.16827,9.16519,1250000,1750000
2021-11-26 08:25:05.647000,9.16837,9.16519,1250000,1750000
2021-11-26 08:25:05.798000,9.16837,9.16536,1250000,1750000
2021-11-26 08:25:05.999000,9.16836,9.16544,1250000,1750000
2021-11-26 08:25:06.680000,9.16837,9.16562,1000000,1500000
2021-11-26 08:25:07.840000,9.16837,9.16589,1000000,1500000
2021-11-26 08:25:08.042000,9.16837,9.1663,1000000,1500000
2021-11-26 08:25:08.143000,9.16876,9.1663,1250000,1750000
2021-11-26 08:25:08.244000,9.16949,9.16663,1500000,1500000
2021-11-26 08:25:08.344000,9.16955,9.16663,1000000,1500000
2021-11-26 08:25:08.507000,9.16965,9.16663,1750000,1750000
2021-11-26 08:25:08.715000,9.16965,9.16663,1250000,1750000
2021-11-26 08:25:08.920000,9.16965,9.16663,1250000,1750000
2021-11-26 08:25:09.181000,9.16965,9.16663,1000000,1500000
2021-11-26 08:25:09.231000,9.16965,9.16673,1000000,1500000
2021-11-26 08:25:09.281000,9.17026,9.16697,1750000,1750000
2021-11-26 08:25:09.432000,9.17054,9.16704,1750000,1750000
2021-11-26 08:25:09.618000,9.17055,9.16703,1750000,1750000
2021-11-26 08:25:10.055000,9.17055,9.16733,1750000,1750000
2021-11-26 08:25:10.260000,9.17055,9.16733,1750000,1750000
2021-11-26 08:25:10.464000,9.17055,9.16736,1250000,1750000
2021-11-26 08:25:10.581000,9.17055,9.16753,1250000,1750000
2021-11-26 08:25:10.681000,9.17055,9.16753,1000000,1500000
2021-11-26 08:25:10.782000,9.17055,9.16763,1000000,1500000
2021-11-26 08:25:10.983000,9.17055,9.16773,1000000,1500000
2021-11-26 08:25:11.177000,9.17055,9.16763,1000000,1500000
2021-11-26 08:25:11.716000,9.17055,9.16756,1000000,2750000
2021-11-26 08:25:11.917000,9.17055,9.16756,1000000,2750000
2021-11-26 08:25:12.326000,9.17055,9.16756,1000000,2750000
2021-11-26 08:25:12.473000,9.17089,9.16773,1500000,1500000
2021-11-26 08:25:12.624000,9.17089,9.16793,1000000,1500000
2021-11-26 08:25:13.351000,9.17088,9.16877,1000000,1000000
2021-11-26 08:25:13.597000,9.17089,9.16866,1000000,1000000
2021-11-26 08:25:13.823000,9.17089,9.16876,1000000,1000000
2021-11-26 08:25:13.873000,9.17166,9.16877,1500000,1000000
2021-11-26 08:25:13.924000,9.17158,9.16876,1500000,1000000
2021-11-26 08:25:14.109000,9.17158,9.16866,1500000,1000000
2021-11-26 08:25:14.381000,9.17167,9.16886,1500000,1000000
2021-11-26 08:25:14.918000,9.17167,9.16896,1500000,1000000
2021-11-26 08:25:15.455000,9.17137,9.16896,1500000,1000000
2021-11-26 08:25:15.605000,9.1715,9.16866,1750000,1250000
2021-11-26 08:25:15.757000,9.17137,9.16866,1500000,1000000
2021-11-26 08:25:15.918000,9.17157,9.16876,1750000,1250000
2021-11-26 08:25:15.968000,9.17157,9.16876,1750000,1250000
2021-11-26 08:25:16.158000,9.17158,9.16876,1750000,1250000
2021-11-26 08:25:16.359000,9.17158,9.16886,1750000,1250000
2021-11-26 08:25:16.460000,9.17137,9.16886,1500000,1000000
2021-11-26 08:25:16.611000,9.17142,9.16866,1750000,1250000
2021-11-26 08:25:16.711000,9.17142,9.16866,1750000,1250000
2021-11-26 08:25:16.812000,9.17142,9.16856,1500000,1000000
2021-11-26 08:25:16.929000,9.17161,9.16856,1000000,1500000
2021-11-26 08:25:17.030000,9.17167,9.16916,1500000,1000000
2021-11-26 08:25:17.080000,9.17167,9.16916,1000000,1000000
2021-11-26 08:25:17.231000,9.17218,9.16916,1500000,1000000
2021-11-26 08:25:17.282000,9.17217,9.16947,1500000,1000000
2021-11-26 08:25:17.483000,9.17218,9.16956,1500000,1000000
2021-11-26 08:25:17.576000,9.17217,9.16957,1500000,1000000
2021-11-26 08:25:17.777000,9.17205,9.16946,1500000,1000000
2021-11-26 08:25:17.827000,9.17205,9.16946,1500000,1000000
2021-11-26 08:25:17.978000,9.17215,9.16906,1500000,1500000
2021-11-26 08:25:18.029000,9.17214,9.16907,1500000,1500000
2021-11-26 08:25:18.129000,9.17218,9.16906,1500000,1500000
2021-11-26 08:25:18.180000,9.17218,9.16946,1500000,1000000
2021-11-26 08:25:18.655000,9.17218,9.16956,1500000,1000000
2021-11-26 08:25:19.156000,9.17218,9.16956,1500000,1000000
2021-11-26 08:25:19.415000,9.17217,9.16957,1500000,1000000
2021-11-26 08:25:19.895000,9.17218,9.16956,1500000,1000000
2021-11-26 08:25:20.249000,9.17218,9.16966,1500000,1000000
2021-11-26 08:25:20.400000,9.17217,9.16967,1500000,1000000
2021-11-26 08:25:20.500000,9.17218,9.16946,1500000,1000000
2021-11-26 08:25:20.660000,9.17251,9.16946,1500000,1500000
2021-11-26 08:25:20.710000,9.17251,9.16986,1500000,1000000
2021-11-26 08:25:20.861000,9.17265,9.16986,1750000,1250000
2021-11-26 08:25:20.912000,9.17257,9.16956,1500000,1000000
2021-11-26 08:25:21.063000,9.17257,9.16956,1750000,1250000
2021-11-26 08:25:21.163000,9.17247,9.16946,1750000,1250000
2021-11-26 08:25:21.462000,9.17247,9.16936,1750000,1250000
2021-11-26 08:25:21.803000,9.17218,9.16936,1750000,1250000
2021-11-26 08:25:21.979000,9.17218,9.16936,1750000,1250000
2021-11-26 08:25:22.080000,9.17206,9.16916,1750000,1250000
2021-11-26 08:25:22.183000,9.17206,9.16916,1750000,1250000
2021-11-26 08:25:22.300000,9.17171,9.16896,1500000,1000000
2021-11-26 08:25:22.350000,9.17171,9.16896,1500000,1000000
2021-11-26 08:25:22.451000,9.17106,9.16896,1500000,1000000
2021-11-26 08:25:22.501000,9.17106,9.16853,1500000,1000000
2021-11-26 08:25:22.578000,9.17106,9.16853,1500000,1000000
2021-11-26 08:25:22.679000,9.17106,9.16829,1500000,1000000
2021-11-26 08:25:22.779000,9.17106,9.16824,1500000,1000000
2021-11-26 08:25:22.830000,9.17106,9.16822,1500000,1000000
2021-11-26 08:25:22.932000,9.17106,9.16811,1750000,1250000
2021-11-26 08:25:22.982000,9.17106,9.16811,1750000,1250000
2021-11-26 08:25:23.033000,9.17106,9.16811,1750000,1250000
2021-11-26 08:25:23.133000,9.17106,9.16816,1500000,1500000
2021-11-26 08:25:23.284000,9.17106,9.16816,1000000,1500000
2021-11-26 08:25:23.565000,9.17157,9.16846,1750000,1750000
2021-11-26 08:25:23.665000,9.17157,9.16846,1250000,1750000
2021-11-26 08:25:23.869000,9.17157,9.16826,1250000,1750000
2021-11-26 08:25:24.222000,9.17157,9.16806,1250000,1750000
2021-11-26 08:25:24.420000,9.17156,9.16807,1250000,1750000
2021-11-26 08:25:24.699000,9.17157,9.16836,1000000,1500000
2021-11-26 08:25:24.749000,9.17157,9.16836,1000000,1500000
2021-11-26 08:25:24.799000,9.17192,9.16836,1750000,1750000
2021-11-26 08:25:24.850000,9.17192,9.16836,1750000,3000000
2021-11-26 08:25:25,9.17238,9.16906,1500000,1500000
2021-11-26 08:25:25.145000,9.17238,9.16906,1500000,1500000
2021-11-26 08:25:25.656000,9.17238,9.16886,1750000,1750000
2021-11-26 08:25:25.788000,9.17238,9.16906,1500000,1000000
2021-11-26 08:25:25.888000,9.17238,9.16906,1500000,1500000
2021-11-26 08:25:25.939000,9.17238,9.16946,1500000,1000000
2021-11-26 08:25:25.989000,9.17238,9.16946,1500000,1000000
2021-11-26 08:25:26.039000,9.17238,9.16946,1500000,1000000
2021-11-26 08:25:26.198000,9.17238,9.16956,1500000,1000000
2021-11-26 08:25:26.350000,9.17238,9.16946,1500000,1000000
2021-11-26 08:25:26.401000,9.17238,9.16946,1500000,1000000
2021-11-26 08:25:26.501000,9.17231,9.16946,1500000,1000000
2021-11-26 08:25:26.602000,9.17231,9.16936,1120000,1000000
2021-11-26 08:25:26.767000,9.17238,9.16936,2750000,1000000
2021-11-26 08:25:27.042000,9.17238,9.16946,2750000,1000000
2021-11-26 08:25:27.093000,9.17237,9.16947,2750000,1000000
2021-11-26 08:25:27.252000,9.17238,9.16946,2750000,1000000
2021-11-26 08:25:27.352000,9.17238,9.16936,2750000,1000000
2021-11-26 08:25:27.784000,9.17269,9.16936,1000000,1500000
2021-11-26 08:25:27.834000,9.17264,9.16966,1000000,1000000
2021-11-26 08:25:27.991000,9.17264,9.16966,1500000,1000000
2021-11-26 08:25:28.092000,9.17246,9.16957,1000000,1120000
2021-11-26 08:25:28.142000,9.17256,9.16956,1000000,1500000
2021-11-26 08:25:28.316000,9.17256,9.16976,1000000,1000000
2021-11-26 08:25:28.416000,9.17294,9.16976,1750000,1750000
2021-11-26 08:25:28.517000,9.17256,9.16976,1000000,1500000
2021-11-26 08:25:28.567000,9.17264,9.16966,1000000,1500000
2021-11-26 08:25:28.897000,9.17256,9.16966,1000000,1500000
2021-11-26 08:25:29.048000,9.17256,9.16946,1000000,1500000
2021-11-26 08:25:29.225000,9.17256,9.16946,1500000,1500000
2021-11-26 08:25:29.427000,9.17272,9.16946,1500000,1500000
2021-11-26 08:25:29.628000,9.17247,9.16936,1500000,1500000
2021-11-26 08:25:29.803000,9.17254,9.16926,1500000,1000000
2021-11-26 08:25:29.982000,9.17254,9.16906,1500000,1500000
2021-11-26 08:25:30.232000,9.17254,9.16906,1500000,1500000
2021-11-26 08:25:31.068000,9.17254,9.16906,1750000,1250000
2021-11-26 08:25:31.169000,9.17205,9.16906,1750000,1250000
2021-11-26 08:25:31.270000,9.17205,9.16906,2250000,1120000
2021-11-26 08:25:31.421000,9.17213,9.16896,1000000,1500000
2021-11-26 08:25:31.622000,9.17213,9.16916,1000000,1500000
2021-11-26 08:25:31.706000,9.17252,9.16916,1750000,1750000
2021-11-26 08:25:32.090000,9.17252,9.16926,1750000,1250000
2021-11-26 08:25:32.302000,9.17252,9.16906,1750000,1310000
2021-11-26 08:25:32.805000,9.17243,9.16896,1500000,1500000
2021-11-26 08:25:33.089000,9.17243,9.16896,1500000,1500000
2021-11-26 08:25:33.450000,9.17236,9.16896,1750000,1310000
2021-11-26 08:25:33.601000,9.17207,9.16866,1500000,1500000
2021-11-26 08:25:33.819000,9.17207,9.16886,1500000,1500000
2021-11-26 08:25:34.030000,9.17207,9.16856,1500000,1500000
2021-11-26 08:25:34.131000,9.17207,9.16856,1750000,1750000
2021-11-26 08:25:34.526000,9.17204,9.16846,1750000,1750000
2021-11-26 08:25:34.728000,9.17193,9.16836,1750000,1750000
2021-11-26 08:25:34.929000,9.17186,9.16806,1750000,1750000
2021-11-26 08:25:35.157000,9.17187,9.16846,1750000,1750000
2021-11-26 08:25:35.308000,9.17186,9.16847,1750000,1750000
2021-11-26 08:25:35.359000,9.17187,9.16846,1250000,1750000
2021-11-26 08:25:35.459000,9.17247,9.16873,1750000,1750000
2021-11-26 08:25:35.510000,9.17247,9.16873,1750000,1750000
2021-11-26 08:25:35.665000,9.17247,9.16906,1750000,1750000
2021-11-26 08:25:35.766000,9.17258,9.16937,1500000,1000000
2021-11-26 08:25:35.848000,9.17258,9.16937,1500000,1000000
2021-11-26 08:25:36.010000,9.17263,9.16939,1500000,1000000
2021-11-26 08:25:36.060000,9.17263,9.16939,1500000,1000000
2021-11-26 08:25:36.267000,9.17263,9.16939,1500000,1000000
2021-11-26 08:25:36.564000,9.17262,9.1694,1500000,1000000
2021-11-26 08:25:36.673000,9.17263,9.16939,1500000,1500000
2021-11-26 08:25:36.874000,9.17263,9.16939,1500000,1000000
2021-11-26 08:25:36.924000,9.17263,9.16942,1500000,1500000
2021-11-26 08:25:37.116000,9.17263,9.16942,1500000,1500000
2021-11-26 08:25:37.336000,9.17263,9.16948,1500000,1120000
2021-11-26 08:25:37.715000,9.17263,9.16948,1500000,1000000
2021-11-26 08:25:37.852000,9.17262,9.16949,1500000,1000000
2021-11-26 08:25:38.374000,9.17263,9.16949,1500000,1000000
2021-11-26 08:25:38.474000,9.17263,9.16949,1500000,1500000
2021-11-26 08:25:38.676000,9.17263,9.16971,1000000,1500000
2021-11-26 08:25:38.777000,9.17263,9.16971,1500000,1000000
2021-11-26 08:25:38.928000,9.17263,9.16956,1500000,1000000
2021-11-26 08:25:39.097000,9.17263,9.16956,1500000,1000000
2021-11-26 08:25:39.303000,9.17263,9.16956,1500000,1500000
2021-11-26 08:25:39.454000,9.17263,9.16976,1500000,1000000
2021-11-26 08:25:39.700000,9.17263,9.16976,1500000,1000000
2021-11-26 08:25:39.858000,9.17263,9.16976,1500000,1000000
2021-11-26 08:25:40.001000,9.17263,9.16966,1500000,1000000
2021-11-26 08:25:40.163000,9.17246,9.16966,1250000,1250000
2021-11-26 08:25:40.213000,9.17246,9.16946,1250000,1750000
2021-11-26 08:25:40.264000,9.17246,9.16946,1750000,1250000
2021-11-26 08:25:40.415000,9.17263,9.16956,1500000,1000000
2021-11-26 08:25:40.527000,9.17263,9.16956,1750000,1250000
2021-11-26 08:25:40.641000,9.17259,9.16933,1750000,1250000
2021-11-26 08:25:40.741000,9.17263,9.16933,1750000,1250000
2021-11-26 08:25:40.792000,9.17256,9.16916,1750000,1250000
2021-11-26 08:25:40.842000,9.17256,9.16936,1750000,1250000
2021-11-26 08:25:41.017000,9.17263,9.16936,1750000,1250000
2021-11-26 08:25:41.117000,9.17217,9.16926,1500000,1000000
2021-11-26 08:25:41.238000,9.17217,9.16926,1500000,1000000
2021-11-26 08:25:41.289000,9.17217,9.16916,1500000,1000000
2021-11-26 08:25:41.490000,9.17217,9.16926,1500000,1000000
2021-11-26 08:25:41.540000,9.17206,9.16926,1000000,1500000
2021-11-26 08:25:41.710000,9.17214,9.16926,1000000,1500000
2021-11-26 08:25:41.861000,9.17212,9.16926,1000000,1500000
2021-11-26 08:25:42.018000,9.17212,9.16926,1500000,1000000
2021-11-26 08:25:42.119000,9.17217,9.16926,1750000,1750000
2021-11-26 08:25:42.719000,9.17206,9.16926,1500000,1000000
2021-11-26 08:25:42.941000,9.17206,9.16916,1500000,1500000
2021-11-26 08:25:43.091000,9.17206,9.16916,1500000,1500000
2021-11-26 08:25:43.208000,9.17206,9.16926,1500000,1000000
2021-11-26 08:25:43.701000,9.17206,9.16926,1500000,1000000
2021-11-26 08:25:43.802000,9.17204,9.16916,1500000,1500000
2021-11-26 08:25:44.021000,9.17204,9.16916,1500000,1000000
2021-11-26 08:25:44.071000,9.17204,9.16901,1500000,1500000
2021-11-26 08:25:47.388000,9.17217,9.16903,1500000,1500000
2021-11-26 08:25:47.643000,9.17217,9.16903,1500000,1500000
2021-11-26 08:25:48.686000,9.17223,9.16904,1500000,1500000
2021-11-26 08:25:48.870000,9.17169,9.16904,1000000,1500000
2021-11-26 08:25:48.971000,9.17166,9.16886,1000000,1500000
2021-11-26 08:25:49.072000,9.17156,9.16843,1500000,1500000
2021-11-26 08:25:49.222000,9.17075,9.16826,1750000,1250000
2021-11-26 08:25:49.273000,9.17075,9.16788,1750000,1750000
2021-11-26 08:25:49.435000,9.17075,9.16788,1750000,1250000
2021-11-26 08:25:49.586000,9.17075,9.16775,1750000,1250000
2021-11-26 08:25:49.637000,9.17069,9.16775,1500000,1000000
2021-11-26 08:25:49.687000,9.17069,9.16751,1500000,1500000
2021-11-26 08:25:49.838000,9.17066,9.16751,1500000,1000000
2021-11-26 08:25:49.888000,9.17066,9.16739,1500000,1500000
2021-11-26 08:25:50.002000,9.17069,9.16739,1500000,1500000
2021-11-26 08:25:50.225000,9.17069,9.16739,1500000,1500000
2021-11-26 08:25:50.426000,9.17075,9.16747,1750000,1750000
2021-11-26 08:25:50.536000,9.17075,9.16747,1750000,1750000
2021-11-26 08:25:50.649000,9.17075,9.16747,1750000,1750000
2021-11-26 08:25:52.021000,9.17075,9.16763,1750000,1750000
2021-11-26 08:25:52.192000,9.17075,9.16763,1500000,1500000
2021-11-26 08:25:52.435000,9.17105,9.16753,1750000,1750000
2021-11-26 08:25:52.784000,9.17061,9.16736,1500000,1500000
2021-11-26 08:25:53.002000,9.17061,9.16703,1500000,1500000
2021-11-26 08:25:53.160000,9.17056,9.16703,1500000,1500000
2021-11-26 08:25:53.354000,9.17036,9.16686,1750000,1750000
2021-11-26 08:25:53.555000,9.17006,9.16642,1500000,1500000
2021-11-26 08:25:53.656000,9.16987,9.16636,1500000,1500000
2021-11-26 08:25:54.072000,9.16987,9.16643,1500000,1500000
2021-11-26 08:25:54.173000,9.16987,9.16643,1500000,1500000
2021-11-26 08:25:54.312000,9.16987,9.16643,1500000,1500000
2021-11-26 08:25:54.463000,9.16971,9.16633,1500000,1500000
2021-11-26 08:25:54.890000,9.16987,9.16633,2750000,1500000
2021-11-26 08:25:55.041000,9.16987,9.16643,1500000,1500000
2021-11-26 08:25:55.344000,9.16987,9.16643,1500000,1500000
2021-11-26 08:25:55.501000,9.16987,9.16643,1500000,1500000
2021-11-26 08:25:55.752000,9.16987,9.16663,1500000,1500000
2021-11-26 08:25:55.935000,9.16982,9.16655,1500000,1500000
2021-11-26 08:25:56.086000,9.16974,9.16655,1500000,1500000
2021-11-26 08:25:56.249000,9.16974,9.16655,1500000,1500000
2021-11-26 08:25:56.350000,9.16974,9.16655,1500000,1500000
2021-11-26 08:25:56.561000,9.16969,9.16653,1500000,1500000
2021-11-26 08:25:56.662000,9.16958,9.16643,1500000,1500000
2021-11-26 08:25:56.763000,9.16958,9.16636,1500000,1500000
2021-11-26 08:25:56.913000,9.16933,9.16613,1500000,1500000
2021-11-26 08:25:57.575000,9.16925,9.16613,1500000,1500000
2021-11-26 08:25:57.777000,9.16921,9.16598,1500000,1500000
2021-11-26 08:25:58.114000,9.16901,9.16583,1500000,1500000
2021-11-26 08:25:58.389000,9.16901,9.16583,1500000,1500000
2021-11-26 08:25:58.490000,9.16921,9.16616,1500000,1000000
2021-11-26 08:25:58.540000,9.16921,9.16613,1500000,1000000
2021-11-26 08:25:58.641000,9.16921,9.16613,1500000,1500000
2021-11-26 08:25:58.813000,9.16921,9.16613,1500000,1500000
2021-11-26 08:25:59.027000,9.16934,9.16613,1500000,1500000
2021-11-26 08:25:59.269000,9.16935,9.16623,1500000,1500000
2021-11-26 08:26:00.009000,9.16927,9.16617,1500000,1500000
2021-11-26 08:26:00.110000,9.16898,9.16583,1250000,1750000
2021-11-26 08:26:00.210000,9.16878,9.16576,1500000,1500000
2021-11-26 08:26:00.417000,9.16894,9.16573,1500000,1500000
2021-11-26 08:26:00.845000,9.16894,9.16573,1500000,1500000
2021-11-26 08:26:01.618000,9.16913,9.16584,1500000,1500000
2021-11-26 08:26:01.719000,9.16914,9.16596,1500000,1500000
2021-11-26 08:26:01.920000,9.16936,9.16603,1500000,1500000
2021-11-26 08:26:02.074000,9.1693,9.16596,1500000,1500000
2021-11-26 08:26:02.179000,9.16924,9.16593,1500000,1500000
2021-11-26 08:26:02.381000,9.16916,9.16566,1500000,2750000
2021-11-26 08:26:02.486000,9.16913,9.16566,1500000,1500000
2021-11-26 08:26:02.758000,9.1693,9.16593,1500000,1500000
2021-11-26 08:26:02.859000,9.16864,9.16586,1500000,1000000
2021-11-26 08:26:02.909000,9.16864,9.16586,1750000,1250000
2021-11-26 08:26:02.959000,9.16856,9.16586,1500000,1000000
2021-11-26 08:26:03.060000,9.16843,9.16544,1750000,1250000
2021-11-26 08:26:03.111000,9.16844,9.16519,1750000,1250000
2021-11-26 08:26:03.211000,9.16857,9.16499,1750000,1750000
2021-11-26 08:26:03.262000,9.16857,9.16486,1750000,1750000
2021-11-26 08:26:04.385000,9.16844,9.16473,1500000,2750000
2021-11-26 08:26:04.812000,9.16847,9.16483,1500000,1500000
2021-11-26 08:26:04.963000,9.1686,9.16486,1750000,1750000
2021-11-26 08:26:05.210000,9.16852,9.16483,1500000,1500000
2021-11-26 08:26:05.412000,9.16863,9.16503,1750000,1750000
2021-11-26 08:26:05.613000,9.16864,9.16523,1500000,1500000
2021-11-26 08:26:05.663000,9.16864,9.16523,1500000,1500000
2021-11-26 08:26:06.024000,9.16864,9.16523,1500000,1500000
2021-11-26 08:26:06.229000,9.16864,9.16523,1500000,1500000
2021-11-26 08:26:06.408000,9.16864,9.16526,1500000,1500000
2021-11-26 08:26:06.569000,9.16864,9.16523,1500000,1500000
2021-11-26 08:26:07.074000,9.16864,9.16523,1500000,1500000
2021-11-26 08:26:07.404000,9.16864,9.16523,1500000,1500000
2021-11-26 08:26:08.032000,9.16864,9.16543,1500000,1500000
2021-11-26 08:26:08.244000,9.16864,9.16526,1500000,2750000
2021-11-26 08:26:08.445000,9.16896,9.16533,1750000,1750000
2021-11-26 08:26:08.546000,9.169,9.16543,2750000,1500000
2021-11-26 08:26:08.814000,9.1691,9.16553,1750000,1750000
2021-11-26 08:26:10.420000,9.16927,9.16563,1750000,1750000
2021-11-26 08:26:10.613000,9.16913,9.16553,1750000,1750000
2021-11-26 08:26:11.544000,9.16906,9.16533,1750000,1750000
2021-11-26 08:26:11.966000,9.16901,9.16533,1500000,1500000
2021-11-26 08:26:12.167000,9.16874,9.16526,1750000,1750000
2021-11-26 08:26:12.368000,9.16874,9.16553,1500000,1500000
2021-11-26 08:26:12.578000,9.16917,9.16553,1500000,1500000
2021-11-26 08:26:12.679000,9.16928,9.16553,1750000,1750000
2021-11-26 08:26:12.880000,9.169,9.16573,1500000,1500000
2021-11-26 08:26:13.148000,9.169,9.16573,1500000,2750000
2021-11-26 08:26:14.458000,9.16915,9.16583,1500000,1500000
2021-11-26 08:26:14.841000,9.16883,9.16559,1750000,1750000
2021-11-26 08:26:15.011000,9.16847,9.16533,1750000,2940000
2021-11-26 08:26:15.222000,9.16847,9.16549,1500000,1500000
2021-11-26 08:26:15.373000,9.16884,9.16565,1750000,1750000
2021-11-26 08:26:15.741000,9.16884,9.16573,1750000,1750000
2021-11-26 08:26:15.892000,9.16919,9.16597,1750000,1750000
2021-11-26 08:26:16.053000,9.16918,9.16647,1750000,1250000
2021-11-26 08:26:16.103000,9.16918,9.16647,1750000,1250000
2021-11-26 08:26:16.995000,9.16919,9.16656,1750000,1250000
2021-11-26 08:26:17.096000,9.16918,9.16657,1750000,1250000
2021-11-26 08:26:17.242000,9.16919,9.16646,1750000,1250000
2021-11-26 08:26:17.561000,9.16919,9.16646,1750000,1250000
2021-11-26 08:26:17.661000,9.16919,9.16616,1750000,1750000
2021-11-26 08:26:17.862000,9.16919,9.16636,1750000,1250000
2021-11-26 08:26:18.156000,9.16919,9.16646,1750000,1250000
2021-11-26 08:26:18.256000,9.16919,9.16646,1750000,1250000
2021-11-26 08:26:18.454000,9.16919,9.16646,1750000,1250000
2021-11-26 08:26:18.611000,9.16868,9.16596,1750000,1250000
2021-11-26 08:26:18.662000,9.16868,9.16596,1750000,1250000
2021-11-26 08:26:18.863000,9.16867,9.16607,1750000,1250000
2021-11-26 08:26:19.061000,9.16868,9.16596,1750000,1250000
2021-11-26 08:26:19.492000,9.16868,9.16596,1750000,1250000
2021-11-26 08:26:19.542000,9.16868,9.16586,1750000,1250000
2021-11-26 08:26:19.763000,9.16868,9.16596,1750000,1250000
2021-11-26 08:26:20.172000,9.16867,9.16567,1750000,1750000
2021-11-26 08:26:20.222000,9.16868,9.16566,1750000,1250000
2021-11-26 08:26:20.385000,9.16834,9.16566,1500000,1000000
2021-11-26 08:26:20.655000,9.16834,9.16556,1500000,1000000
2021-11-26 08:26:20.881000,9.16834,9.16536,1750000,1750000
2021-11-26 08:26:20.981000,9.16833,9.16537,1750000,1250000
2021-11-26 08:26:21.266000,9.16834,9.16536,1750000,1750000
2021-11-26 08:26:21.772000,9.16834,9.16526,1750000,1750000
2021-11-26 08:26:21.930000,9.16834,9.16526,1750000,1310000
2021-11-26 08:26:22.145000,9.16834,9.16526,1750000,1750000
2021-11-26 08:26:22.307000,9.16834,9.16526,1750000,1750000
2021-11-26 08:26:22.408000,9.16834,9.16546,1750000,1250000
2021-11-26 08:26:22.459000,9.16834,9.16546,1750000,1750000
2021-11-26 08:26:22.663000,9.16834,9.16516,1750000,1750000
2021-11-26 08:26:22.814000,9.16834,9.16516,1750000,1750000
2021-11-26 08:26:22.982000,9.16833,9.16517,1750000,1750000
2021-11-26 08:26:24.005000,9.16833,9.16517,1750000,1750000
2021-11-26 08:26:25.591000,9.16775,9.16507,1000000,1500000
2021-11-26 08:26:26.229000,9.16771,9.16506,1000000,1500000
2021-11-26 08:26:26.468000,9.16771,9.16506,1000000,1500000
2021-11-26 08:26:26.619000,9.1677,9.16516,1000000,1500000
2021-11-26 08:26:26.779000,9.1677,9.16516,1500000,1500000
2021-11-26 08:26:26.957000,9.16769,9.16507,1000000,1500000
2021-11-26 08:26:27.551000,9.16761,9.16504,1000000,1500000
2021-11-26 08:26:28.122000,9.16763,9.16493,1000000,1500000
2021-11-26 08:26:28.223000,9.16763,9.16503,1000000,1500000
2021-11-26 08:26:28.415000,9.16783,9.16503,1500000,1500000
2021-11-26 08:26:28.465000,9.16783,9.16503,1120000,1500000
2021-11-26 08:26:28.619000,9.16783,9.16506,1500000,1500000
2021-11-26 08:26:28.720000,9.16759,9.16486,1000000,1500000
2021-11-26 08:26:28.925000,9.16759,9.16493,1000000,1500000
2021-11-26 08:26:29.026000,9.16772,9.16496,1000000,1500000
2021-11-26 08:26:29.910000,9.1674,9.16516,1000000,1500000
2021-11-26 08:26:29.960000,9.1674,9.16476,1500000,1500000
2021-11-26 08:26:30.061000,9.1674,9.16476,1500000,1500000
2021-11-26 08:26:30.162000,9.16687,9.16433,1500000,1000000
2021-11-26 08:26:30.212000,9.16673,9.16416,1000000,1500000
2021-11-26 08:26:30.313000,9.1663,9.16416,1000000,1000000
2021-11-26 08:26:30.363000,9.1663,9.16369,1000000,1500000
2021-11-26 08:26:30.524000,9.1663,9.16356,1000000,1500000
2021-11-26 08:26:30.926000,9.1663,9.16356,1000000,1500000
2021-11-26 08:26:31.076000,9.1663,9.16376,1000000,1500000
2021-11-26 08:26:31.127000,9.16632,9.16376,1000000,1500000
2021-11-26 08:26:31.413000,9.16625,9.16376,1000000,1500000
2021-11-26 08:26:31.730000,9.16615,9.16366,1000000,1500000
2021-11-26 08:26:31.780000,9.16615,9.16366,1000000,1500000
2021-11-26 08:26:32.188000,9.16615,9.16366,1000000,1500000
2021-11-26 08:26:32.289000,9.16613,9.16376,1000000,1500000
2021-11-26 08:26:32.390000,9.16613,9.16376,1000000,1500000
2021-11-26 08:26:32.560000,9.16618,9.16376,1000000,1500000
2021-11-26 08:26:33.059000,9.16617,9.16377,1000000,1500000
2021-11-26 08:26:33.110000,9.16627,9.16377,1500000,1500000
2021-11-26 08:26:33.230000,9.16627,9.16377,1000000,1500000
2021-11-26 08:26:33.433000,9.16628,9.16376,1000000,1500000
2021-11-26 08:26:33.606000,9.16637,9.16386,1000000,1500000
2021-11-26 08:26:33.656000,9.16637,9.16386,1000000,1500000
2021-11-26 08:26:33.857000,9.16661,9.16406,1000000,1500000
2021-11-26 08:26:33.958000,9.16664,9.16406,1000000,1500000
2021-11-26 08:26:34.225000,9.16669,9.16416,1500000,1500000
2021-11-26 08:26:34.326000,9.16668,9.16407,1500000,1500000
2021-11-26 08:26:35.798000,9.16666,9.16416,1500000,1500000
2021-11-26 08:26:36.370000,9.16667,9.16406,1500000,1000000
2021-11-26 08:26:36.522000,9.16667,9.16396,1500000,1120000
2021-11-26 08:26:36.572000,9.16667,9.16396,1500000,1000000
2021-11-26 08:26:36.758000,9.16666,9.16387,1500000,1500000
2021-11-26 08:26:36.809000,9.16646,9.16386,1500000,1500000
2021-11-26 08:26:37.431000,9.16631,9.16366,1500000,1500000
2021-11-26 08:26:37.643000,9.16628,9.16366,1500000,1000000
2021-11-26 08:26:37.748000,9.16628,9.16336,1500000,1500000
2021-11-26 08:26:37.817000,9.16628,9.16336,1500000,1500000
2021-11-26 08:26:38.055000,9.16628,9.16346,1500000,1500000
2021-11-26 08:26:38.223000,9.16628,9.16346,1500000,1500000
2021-11-26 08:26:38.997000,9.16604,9.16336,1500000,1500000
2021-11-26 08:26:39.301000,9.1661,9.16336,1500000,1500000
2021-11-26 08:26:39.503000,9.16618,9.16346,1500000,1500000
2021-11-26 08:26:39.884000,9.16611,9.16356,1500000,1500000
2021-11-26 08:26:40.088000,9.16622,9.16347,1500000,1500000
2021-11-26 08:26:40.820000,9.16614,9.16356,1000000,1500000
2021-11-26 08:26:40.923000,9.16636,9.16366,1750000,1750000
2021-11-26 08:26:40.985000,9.16636,9.16366,1250000,1750000
2021-11-26 08:26:41.183000,9.16636,9.16396,1000000,1500000
2021-11-26 08:26:41.283000,9.16645,9.16396,1000000,1500000
2021-11-26 08:26:41.384000,9.16683,9.16396,1500000,1000000
2021-11-26 08:26:41.562000,9.16683,9.16386,1500000,1500000
2021-11-26 08:26:41.713000,9.16683,9.16386,1500000,1500000
2021-11-26 08:26:42.344000,9.16682,9.16377,1500000,1500000
2021-11-26 08:26:42.521000,9.16689,9.16387,1500000,1500000
2021-11-26 08:26:42.922000,9.16662,9.16386,1500000,1000000
2021-11-26 08:26:43.023000,9.16619,9.16343,1500000,1000000
2021-11-26 08:26:43.123000,9.16619,9.16326,1500000,1500000
2021-11-26 08:26:43.327000,9.16621,9.16326,1500000,1000000
2021-11-26 08:26:43.528000,9.16602,9.16306,1750000,1750000
2021-11-26 08:26:43.579000,9.16602,9.16306,1750000,1750000
2021-11-26 08:26:43.740000,9.16602,9.16296,1750000,1750000
2021-11-26 08:26:44.640000,9.16592,9.16306,1500000,1500000
2021-11-26 08:26:44.741000,9.16592,9.16306,1120000,1500000
2021-11-26 08:26:44.892000,9.16611,9.16306,1500000,1500000
2021-11-26 08:26:45.055000,9.16621,9.16306,1500000,1500000
2021-11-26 08:26:45.422000,9.16613,9.16316,1500000,1500000
2021-11-26 08:26:45.584000,9.16613,9.16316,1500000,1500000
2021-11-26 08:26:45.685000,9.16606,9.16307,1500000,1500000
2021-11-26 08:26:45.896000,9.16607,9.16306,1500000,1500000
2021-11-26 08:26:46.161000,9.16594,9.16306,1500000,1500000
2021-11-26 08:26:46.235000,9.16594,9.16306,1500000,1500000
2021-11-26 08:26:47.057000,9.16531,9.16306,1500000,1000000
2021-11-26 08:26:47.107000,9.16531,9.16306,1000000,1000000
2021-11-26 08:26:47.158000,9.16551,9.16286,1500000,1000000
2021-11-26 08:26:47.258000,9.1655,9.16287,1000000,1500000
2021-11-26 08:26:47.309000,9.16566,9.16286,1000000,1500000
2021-11-26 08:26:47.409000,9.16571,9.16296,1000000,1500000
2021-11-26 08:26:47.460000,9.16571,9.16296,1500000,1500000
2021-11-26 08:26:47.661000,9.16603,9.16316,1000000,1500000
2021-11-26 08:26:47.762000,9.16603,9.16316,1500000,1500000
2021-11-26 08:26:47.963000,9.16617,9.16306,1500000,1500000
2021-11-26 08:26:48.218000,9.16617,9.16323,1500000,1500000
2021-11-26 08:26:48.490000,9.16617,9.16366,1500000,1500000
2021-11-26 08:26:48.919000,9.16616,9.16357,1500000,1500000
2021-11-26 08:26:49.020000,9.16617,9.16356,1500000,1500000
2021-11-26 08:26:49.315000,9.16617,9.16346,1500000,1500000
2021-11-26 08:26:49.545000,9.16617,9.16313,1500000,1500000
2021-11-26 08:26:50.613000,9.16617,9.16316,1500000,1500000
2021-11-26 08:26:50.778000,9.16616,9.16317,1500000,1500000
2021-11-26 08:26:50.829000,9.16617,9.16313,1500000,1500000
2021-11-26 08:26:50.981000,9.16617,9.16313,1500000,1500000
2021-11-26 08:26:51.170000,9.16617,9.16326,1500000,1500000
2021-11-26 08:26:52.019000,9.16617,9.16313,1500000,1500000
2021-11-26 08:26:52.209000,9.16617,9.16313,1500000,1500000
2021-11-26 08:26:52.653000,9.16656,9.16323,1750000,1750000
2021-11-26 08:26:53.030000,9.16663,9.16396,1500000,1500000
2021-11-26 08:26:53.131000,9.16681,9.16403,1000000,1500000
2021-11-26 08:26:53.232000,9.16681,9.16416,1000000,2750000
2021-11-26 08:26:53.282000,9.16701,9.16456,1000000,1500000
2021-11-26 08:26:53.338000,9.16701,9.16456,1000000,1500000
2021-11-26 08:26:53.438000,9.16737,9.16456,1750000,1750000
2021-11-26 08:26:53.489000,9.16737,9.16456,1500000,1500000
2021-11-26 08:26:53.541000,9.16737,9.16456,1500000,1500000
2021-11-26 08:26:53.749000,9.16747,9.16456,1500000,1500000
2021-11-26 08:26:53.953000,9.16747,9.16456,1500000,1500000
2021-11-26 08:26:54.004000,9.16747,9.16456,1500000,1000000
2021-11-26 08:26:54.105000,9.16735,9.16406,1500000,1500000
2021-11-26 08:26:54.155000,9.16735,9.16406,1500000,1500000
2021-11-26 08:26:54.256000,9.16735,9.16426,1500000,1500000
2021-11-26 08:26:54.419000,9.16747,9.16426,1500000,1500000
2021-11-26 08:26:54.620000,9.16747,9.16403,1500000,1500000
2021-11-26 08:26:54.721000,9.16747,9.16403,1500000,1500000
2021-11-26 08:26:54.829000,9.16746,9.16417,1500000,1500000
2021-11-26 08:26:55.413000,9.16747,9.16426,1500000,1500000
2021-11-26 08:26:55.607000,9.16737,9.16436,1500000,1500000
2021-11-26 08:26:55.762000,9.16737,9.16406,1500000,1500000
2021-11-26 08:26:56.681000,9.16737,9.16403,1500000,1500000
2021-11-26 08:26:56.782000,9.16737,9.1639,1750000,1750000
2021-11-26 08:26:57.504000,9.16729,9.16425,1750000,1750000
2021-11-26 08:26:58.204000,9.16736,9.16433,1500000,1500000
2021-11-26 08:26:58.477000,9.1672,9.16423,1750000,1750000
2021-11-26 08:26:58.678000,9.16704,9.16416,1500000,1500000
2021-11-26 08:26:59.010000,9.16704,9.16416,1500000,1500000
2021-11-26 08:26:59.365000,9.16704,9.16413,1500000,1500000
2021-11-26 08:26:59.909000,9.16721,9.16433,1500000,1500000
2021-11-26 08:27:00.117000,9.16721,9.16436,1500000,1500000
2021-11-26 08:27:00.320000,9.1672,9.16437,1500000,1500000
2021-11-26 08:27:00.471000,9.16747,9.16426,1500000,2750000
2021-11-26 08:27:00.710000,9.16737,9.16426,1500000,1500000
2021-11-26 08:27:01.438000,9.16737,9.16418,1750000,1750000
2021-11-26 08:27:02.169000,9.16741,9.16418,1750000,1750000
2021-11-26 08:27:02.625000,9.16747,9.16436,1000000,2750000
2021-11-26 08:27:02.787000,9.16747,9.16456,1500000,1500000
2021-11-26 08:27:02.992000,9.16736,9.16467,1500000,1500000
2021-11-26 08:27:03.571000,9.16712,9.16366,1750000,1750000
2021-11-26 08:27:03.723000,9.16712,9.16366,1750000,1750000
2021-11-26 08:27:03.971000,9.16699,9.16363,1750000,1750000
2021-11-26 08:27:04.171000,9.16699,9.16363,1750000,1750000
2021-11-26 08:27:04.657000,9.16669,9.16366,1500000,1500000
2021-11-26 08:27:04.758000,9.16669,9.16366,1500000,1500000
2021-11-26 08:27:04.989000,9.16614,9.16306,1250000,1750000
2021-11-26 08:27:05.040000,9.16614,9.16306,1750000,1750000
2021-11-26 08:27:05.191000,9.16614,9.16286,1500000,1500000
2021-11-26 08:27:05.499000,9.16614,9.16286,1500000,1500000
2021-11-26 08:27:05.658000,9.16613,9.16297,1500000,1500000
2021-11-26 08:27:05.912000,9.16614,9.16286,1500000,1500000
2021-11-26 08:27:06.113000,9.16614,9.16286,1500000,1500000
2021-11-26 08:27:06.656000,9.16607,9.16286,1750000,1750000
2021-11-26 08:27:06.844000,9.16597,9.16256,1750000,3000000
2021-11-26 08:27:07.060000,9.16591,9.16256,1750000,1750000
2021-11-26 08:27:07.596000,9.16587,9.16256,1750000,1750000
2021-11-26 08:27:07.775000,9.16578,9.16236,1750000,1750000
2021-11-26 08:27:07.826000,9.16578,9.16236,1750000,1750000
2021-11-26 08:27:07.958000,9.16577,9.16227,1750000,1750000
2021-11-26 08:27:08.824000,9.16578,9.1622,1750000,1750000
2021-11-26 08:27:08.929000,9.16578,9.1622,1750000,1750000
2021-11-26 08:27:09.146000,9.16578,9.1622,1750000,1750000
2021-11-26 08:27:09.751000,9.16564,9.1622,1750000,1750000
2021-11-26 08:27:10.316000,9.16564,9.1622,1750000,1750000
2021-11-26 08:27:10.823000,9.16564,9.16226,1750000,1750000
2021-11-26 08:27:10.974000,9.16559,9.16226,1500000,1500000
2021-11-26 08:27:11.159000,9.16559,9.16226,1750000,1750000
2021-11-26 08:27:11.263000,9.16559,9.16276,1500000,1000000
2021-11-26 08:27:11.366000,9.16559,9.16276,1000000,1000000
2021-11-26 08:27:11.417000,9.16581,9.16286,1500000,1000000
2021-11-26 08:27:11.618000,9.16589,9.16286,1500000,1000000
2021-11-26 08:27:12.384000,9.1656,9.16286,1000000,1120000
2021-11-26 08:27:12.697000,9.16535,9.16286,1000000,1000000
2021-11-26 08:27:12.798000,9.16535,9.16286,1000000,1500000
2021-11-26 08:27:12.899000,9.16535,9.16286,1000000,1500000
2021-11-26 08:27:12.949000,9.16549,9.16286,1500000,1500000
2021-11-26 08:27:12.999000,9.16549,9.16286,1500000,1500000
2021-11-26 08:27:13.050000,9.16548,9.16287,1000000,1500000
2021-11-26 08:27:13.313000,9.16555,9.16286,1500000,1500000
2021-11-26 08:27:13.373000,9.16555,9.16296,1500000,1000000
2021-11-26 08:27:13.493000,9.16555,9.16296,1000000,1500000
2021-11-26 08:27:13.696000,9.16563,9.16306,1000000,1500000
2021-11-26 08:27:13.796000,9.16563,9.16306,1000000,1500000
2021-11-26 08:27:13.897000,9.16563,9.16306,1000000,1500000
2021-11-26 08:27:13.947000,9.16563,9.16306,1000000,1500000
2021-11-26 08:27:14.309000,9.16566,9.16306,1000000,1500000
2021-11-26 08:27:14.518000,9.16566,9.16296,1000000,1500000
2021-11-26 08:27:14.668000,9.16564,9.16296,1000000,1500000
2021-11-26 08:27:14.827000,9.16564,9.16316,1000000,1500000
2021-11-26 08:27:14.962000,9.16564,9.16366,1000000,1000000
2021-11-26 08:27:15.286000,9.16563,9.16347,1000000,1000000
2021-11-26 08:27:15.349000,9.16562,9.16346,1000000,1000000
2021-11-26 08:27:15.601000,9.16562,9.16356,1000000,1000000
2021-11-26 08:27:15.832000,9.16567,9.16356,1000000,1000000
2021-11-26 08:27:16.144000,9.16595,9.16367,1500000,1000000
2021-11-26 08:27:16.245000,9.16596,9.16366,1000000,1000000
2021-11-26 08:27:16.373000,9.16596,9.16396,1000000,1000000
2021-11-26 08:27:16.617000,9.16596,9.16406,1000000,1000000
2021-11-26 08:27:16.909000,9.16596,9.16396,1120000,1000000
2021-11-26 08:27:17.060000,9.16599,9.16396,1000000,1000000
2021-11-26 08:27:17.110000,9.16599,9.16416,1000000,1000000
2021-11-26 08:27:17.211000,9.16607,9.16416,1500000,1000000
2021-11-26 08:27:17.312000,9.16607,9.16416,1000000,1000000
2021-11-26 08:27:17.362000,9.16607,9.16436,1000000,1000000
2021-11-26 08:27:17.465000,9.16613,9.16436,1000000,1000000
2021-11-26 08:27:17.566000,9.16613,9.16416,1000000,1000000
2021-11-26 08:27:17.793000,9.16608,9.16416,1000000,1000000
2021-11-26 08:27:17.957000,9.16608,9.16416,1500000,1000000
2021-11-26 08:27:18.057000,9.16607,9.16397,1000000,1000000
2021-11-26 08:27:18.108000,9.16604,9.16396,1000000,1000000
2021-11-26 08:27:18.342000,9.16628,9.16396,1000000,1000000
2021-11-26 08:27:18.594000,9.16628,9.16406,1000000,1000000
2021-11-26 08:27:18.720000,9.16607,9.16406,1000000,1000000
2021-11-26 08:27:18.877000,9.16607,9.16416,1000000,1000000
2021-11-26 08:27:19.065000,9.16606,9.16407,1000000,1000000
2021-11-26 08:27:19.165000,9.16609,9.16406,1000000,1000000
2021-11-26 08:27:19.416000,9.1661,9.16406,1000000,1000000
2021-11-26 08:27:19.562000,9.1661,9.16426,1000000,1000000
2021-11-26 08:27:19.817000,9.16622,9.16426,1000000,1000000
2021-11-26 08:27:19.868000,9.16622,9.16416,1000000,1000000
2021-11-26 08:27:20.029000,9.16622,9.16396,1000000,1000000
2021-11-26 08:27:20.407000,9.16613,9.16396,1000000,1000000
2021-11-26 08:27:20.656000,9.16594,9.16397,1000000,1000000
2021-11-26 08:27:20.707000,9.16584,9.16366,1000000,1000000
2021-11-26 08:27:20.846000,9.16583,9.16367,1500000,1000000
2021-11-26 08:27:20.965000,9.16584,9.16356,1500000,1000000
2021-11-26 08:27:21.167000,9.16584,9.16346,1500000,1000000
2021-11-26 08:27:21.217000,9.16545,9.16346,1000000,1000000
2021-11-26 08:27:21.484000,9.16545,9.16336,1000000,1000000
2021-11-26 08:27:21.535000,9.16543,9.16336,1000000,1000000
2021-11-26 08:27:21.685000,9.16543,9.16346,1000000,1000000
2021-11-26 08:27:21.873000,9.16545,9.16346,1000000,1000000
2021-11-26 08:27:21.924000,9.16544,9.16337,1000000,1000000
2021-11-26 08:27:22.162000,9.16545,9.16316,1000000,1000000
2021-11-26 08:27:22.417000,9.16545,9.16336,1000000,1000000
2021-11-26 08:27:22.626000,9.16544,9.16336,1000000,1000000
2021-11-26 08:27:22.676000,9.16544,9.16316,1000000,1000000
2021-11-26 08:27:22.877000,9.16544,9.16336,1000000,1000000
2021-11-26 08:27:22.927000,9.16576,9.16336,2750000,1000000
2021-11-26 08:27:23.055000,9.16576,9.16336,1000000,1000000
2021-11-26 08:27:23.106000,9.16621,9.16386,1500000,1000000
2021-11-26 08:27:23.256000,9.16689,9.16418,1500000,1500000
2021-11-26 08:27:23.307000,9.16693,9.16456,1500000,1000000
2021-11-26 08:27:23.440000,9.16693,9.16456,1500000,1000000
2021-11-26 08:27:23.541000,9.16693,9.16476,1500000,1000000
2021-11-26 08:27:23.651000,9.16693,9.16476,1500000,1000000
2021-11-26 08:27:23.702000,9.16692,9.16437,1500000,1000000
2021-11-26 08:27:23.964000,9.16693,9.16446,1500000,1000000
2021-11-26 08:27:24.395000,9.16693,9.16456,1500000,1000000
2021-11-26 08:27:24.496000,9.16687,9.16456,1500000,1000000
2021-11-26 08:27:24.597000,9.16616,9.16456,1000000,1000000
2021-11-26 08:27:24.647000,9.16616,9.16413,1000000,1000000
2021-11-26 08:27:24.748000,9.16616,9.16389,1500000,1000000
2021-11-26 08:27:24.848000,9.16615,9.1639,1000000,1000000
2021-11-26 08:27:25.015000,9.16616,9.16376,1000000,1000000
2021-11-26 08:27:25.065000,9.16616,9.16376,1500000,1000000
2021-11-26 08:27:25.171000,9.16616,9.16386,1500000,1000000
2021-11-26 08:27:25.278000,9.16602,9.16386,1000000,1000000
2021-11-26 08:27:25.560000,9.16602,9.16373,1000000,1000000
2021-11-26 08:27:25.660000,9.16613,9.16373,1000000,1000000
2021-11-26 08:27:25.826000,9.16613,9.16366,1000000,1000000
2021-11-26 08:27:26.028000,9.16625,9.16366,1000000,1000000
2021-11-26 08:27:26.078000,9.16625,9.16366,1000000,1500000
2021-11-26 08:27:26.307000,9.16624,9.16366,1000000,1500000
2021-11-26 08:27:26.576000,9.16625,9.16363,1000000,1500000
2021-11-26 08:27:26.719000,9.16625,9.16363,1000000,1500000
2021-11-26 08:27:26.770000,9.16625,9.16363,1000000,1500000
2021-11-26 08:27:26.945000,9.16625,9.16363,1000000,1500000
2021-11-26 08:27:27.132000,9.16621,9.16363,1000000,1500000
2021-11-26 08:27:27.257000,9.1662,9.16364,1000000,1500000
2021-11-26 08:27:27.434000,9.16619,9.16363,1000000,1500000
2021-11-26 08:27:27.747000,9.16619,9.16363,1000000,1500000
2021-11-26 08:27:27.798000,9.16617,9.16363,1000000,1500000
2021-11-26 08:27:27.949000,9.16616,9.16364,1000000,1500000
2021-11-26 08:27:28.183000,9.16617,9.16363,1000000,1500000
2021-11-26 08:27:28.351000,9.16617,9.16363,1000000,1500000
2021-11-26 08:27:28.463000,9.16618,9.16363,1120000,1500000
2021-11-26 08:27:28.599000,9.16617,9.16363,1500000,1500000
2021-11-26 08:27:28.802000,9.16623,9.16362,1500000,1500000
2021-11-26 08:27:29.187000,9.16619,9.16363,1000000,1500000
2021-11-26 08:27:29.628000,9.16654,9.16363,1500000,1500000
2021-11-26 08:27:29.679000,9.16654,9.16363,1500000,1500000
2021-11-26 08:27:29.779000,9.16654,9.16363,1500000,1500000
2021-11-26 08:27:30.068000,9.16664,9.16366,1500000,1500000
2021-11-26 08:27:30.279000,9.16664,9.16373,1500000,1500000
2021-11-26 08:27:31.034000,9.16682,9.16373,1500000,1500000
2021-11-26 08:27:31.084000,9.16682,9.16373,1500000,1500000
2021-11-26 08:27:31.244000,9.16681,9.16374,1000000,1500000
2021-11-26 08:27:31.295000,9.16683,9.16374,1000000,1500000
2021-11-26 08:27:31.395000,9.16684,9.16403,1500000,1500000
2021-11-26 08:27:31.750000,9.16684,9.16403,1000000,1500000
2021-11-26 08:27:31.851000,9.16684,9.16384,1000000,1500000
2021-11-26 08:27:32.002000,9.16685,9.16383,1500000,1000000
2021-11-26 08:27:32.171000,9.16663,9.16376,1500000,1000000
2021-11-26 08:27:32.741000,9.16653,9.16366,1500000,1000000
2021-11-26 08:27:33.091000,9.16652,9.16367,1500000,1000000
2021-11-26 08:27:33.860000,9.16658,9.16376,1500000,1000000
2021-11-26 08:27:34.555000,9.1665,9.16386,1500000,1000000
2021-11-26 08:27:34.860000,9.1665,9.16396,1500000,1000000
2021-11-26 08:27:34.966000,9.1665,9.16396,1500000,1000000
2021-11-26 08:27:35.066000,9.16649,9.16354,1750000,1250000
2021-11-26 08:27:35.117000,9.1665,9.16353,1500000,1000000
2021-11-26 08:27:35.483000,9.16648,9.16353,1500000,1000000
2021-11-26 08:27:35.634000,9.16648,9.16366,1500000,1000000
2021-11-26 08:27:35.735000,9.16638,9.16366,1500000,1000000
2021-11-26 08:27:35.886000,9.16638,9.16386,1500000,1000000
2021-11-26 08:27:35.936000,9.16638,9.16386,1500000,1000000
2021-11-26 08:27:36.339000,9.16663,9.16386,1500000,1000000
2021-11-26 08:27:36.512000,9.16662,9.16387,1500000,1000000
2021-11-26 08:27:36.812000,9.16663,9.16386,1500000,1000000
2021-11-26 08:27:36.997000,9.16676,9.16396,1500000,1000000
2021-11-26 08:27:37.287000,9.16659,9.16404,1500000,1000000
2021-11-26 08:27:37.338000,9.1666,9.16403,1500000,1000000
2021-11-26 08:27:38.032000,9.16666,9.16404,1500000,1000000
2021-11-26 08:27:38.243000,9.16667,9.16403,1500000,1000000
2021-11-26 08:27:38.529000,9.16667,9.16403,1500000,1000000
2021-11-26 08:27:38.895000,9.16667,9.16403,1500000,1000000
2021-11-26 08:27:40.307000,9.16667,9.16363,1500000,1000000
2021-11-26 08:27:40.709000,9.16641,9.1641,1500000,1000000
2021-11-26 08:27:40.812000,9.16641,9.1641,1000000,1000000
2021-11-26 08:27:41.940000,9.16667,9.1641,1500000,1000000
2021-11-26 08:27:42.151000,9.16667,9.16376,1500000,1000000
2021-11-26 08:27:42.202000,9.16666,9.16377,1500000,1000000
2021-11-26 08:27:42.353000,9.16647,9.16366,1500000,1500000
2021-11-26 08:27:42.503000,9.16647,9.16366,1500000,1500000
2021-11-26 08:27:42.654000,9.16647,9.16346,1500000,1500000
2021-11-26 08:27:42.856000,9.16646,9.16336,1500000,1500000
2021-11-26 08:27:43.076000,9.16658,9.16343,1500000,1500000
2021-11-26 08:27:43.600000,9.16668,9.16376,1500000,1500000
2021-11-26 08:27:44.512000,9.16681,9.16376,1500000,1500000
2021-11-26 08:27:44.721000,9.16678,9.16387,1500000,1500000
2021-11-26 08:27:44.873000,9.16679,9.16366,1500000,1500000
2021-11-26 08:27:46.298000,9.16662,9.16356,1500000,1500000
2021-11-26 08:27:46.758000,9.1667,9.16356,1250000,1750000
2021-11-26 08:27:46.859000,9.1667,9.16356,1250000,1750000
2021-11-26 08:27:47.127000,9.1667,9.16396,1000000,1500000
2021-11-26 08:27:47.228000,9.16703,9.16386,1500000,1500000
2021-11-26 08:27:47.757000,9.16706,9.16386,1500000,1500000
2021-11-26 08:27:49.624000,9.167,9.16366,1750000,1750000
2021-11-26 08:27:49.778000,9.167,9.16353,1750000,1750000
2021-11-26 08:27:51.073000,9.16659,9.16346,1500000,1500000
2021-11-26 08:27:51.338000,9.16645,9.16336,1500000,1500000
2021-11-26 08:27:51.496000,9.16645,9.16336,1500000,1500000
2021-11-26 08:27:51.632000,9.16645,9.16316,1500000,1500000
2021-11-26 08:27:52.433000,9.16634,9.16313,1500000,1500000
2021-11-26 08:27:52.684000,9.16632,9.16356,1000000,1500000
2021-11-26 08:27:52.850000,9.16632,9.16356,1000000,1500000
2021-11-26 08:27:53.256000,9.16656,9.16353,1000000,1500000
2021-11-26 08:27:53.307000,9.16681,9.16372,1500000,1500000
2021-11-26 08:27:53.580000,9.16706,9.16381,1500000,1500000
2021-11-26 08:27:53.708000,9.16706,9.16381,1750000,1750000
2021-11-26 08:27:53.809000,9.16689,9.16366,1500000,1500000
2021-11-26 08:27:54.555000,9.16692,9.16366,1500000,1500000
2021-11-26 08:27:54.756000,9.16692,9.16343,1500000,1500000
2021-11-26 08:27:54.991000,9.16692,9.16343,1500000,1500000
2021-11-26 08:27:56.189000,9.16674,9.16343,1500000,1500000
2021-11-26 08:27:57.198000,9.16662,9.16366,1500000,1500000
2021-11-26 08:27:58.008000,9.16662,9.16349,1500000,1500000
2021-11-26 08:27:58.332000,9.16676,9.16356,1500000,1500000
2021-11-26 08:27:58.491000,9.16676,9.16366,1500000,1500000
2021-11-26 08:27:59.359000,9.1667,9.1636,1500000,1500000
2021-11-26 08:27:59.605000,9.16661,9.16359,1500000,1500000
2021-11-26 08:28:00.020000,9.16676,9.16346,1500000,1500000
2021-11-26 08:28:00.427000,9.16674,9.16366,1500000,1500000
2021-11-26 08:28:00.578000,9.16674,9.16386,1500000,1500000
2021-11-26 08:28:00.736000,9.16674,9.16386,1500000,1500000
2021-11-26 08:28:00.980000,9.16676,9.16386,1500000,1500000
2021-11-26 08:28:01.793000,9.16668,9.16349,1750000,1750000
2021-11-26 08:28:01.917000,9.16668,9.16349,1750000,1750000
2021-11-26 08:28:02.169000,9.16668,9.16376,1500000,1500000
2021-11-26 08:28:02.386000,9.16673,9.16353,1750000,1750000
2021-11-26 08:28:02.547000,9.16673,9.16366,1500000,1500000
2021-11-26 08:28:02.870000,9.16676,9.16356,1750000,1750000
2021-11-26 08:28:03.004000,9.16639,9.16326,1250000,1750000
2021-11-26 08:28:03.055000,9.16639,9.16326,1750000,1750000
2021-11-26 08:28:03.444000,9.1664,9.16323,1750000,1750000
2021-11-26 08:28:03.695000,9.16649,9.16323,1750000,1750000
2021-11-26 08:28:04.546000,9.16639,9.16321,1750000,1750000
2021-11-26 08:28:04.750000,9.16637,9.16313,1500000,2750000
2021-11-26 08:28:05.215000,9.16642,9.16326,1500000,2750000
2021-11-26 08:28:05.416000,9.16637,9.16326,1500000,2750000
2021-11-26 08:28:05.618000,9.1663,9.16326,1500000,2750000
2021-11-26 08:28:05.801000,9.1663,9.16326,1500000,2750000
2021-11-26 08:28:06.434000,9.16622,9.16303,1500000,1500000
2021-11-26 08:28:07.206000,9.1659,9.16291,1500000,1500000
2021-11-26 08:28:07.783000,9.16597,9.1629,1500000,1500000
2021-11-26 08:28:08.036000,9.16607,9.16296,1750000,1750000
2021-11-26 08:28:08.404000,9.16613,9.16316,1500000,1500000
2021-11-26 08:28:09.031000,9.16614,9.16326,1000000,1500000
2021-11-26 08:28:09.190000,9.16625,9.16327,1500000,1500000
2021-11-26 08:28:09.790000,9.16627,9.16336,1500000,1500000
2021-11-26 08:28:09.958000,9.16627,9.16366,1000000,1500000
2021-11-26 08:28:10.146000,9.16659,9.16366,1500000,1500000
2021-11-26 08:28:10.197000,9.16665,9.16376,1500000,1500000
2021-11-26 08:28:10.813000,9.16666,9.16373,1000000,1500000
2021-11-26 08:28:10.863000,9.1666,9.16383,1000000,1500000
2021-11-26 08:28:11.014000,9.1666,9.16383,1120000,1500000
2021-11-26 08:28:11.194000,9.1666,9.16393,1000000,1000000
2021-11-26 08:28:11.779000,9.1666,9.16383,1000000,1500000
2021-11-26 08:28:11.914000,9.16658,9.16383,1000000,1500000
2021-11-26 08:28:12.164000,9.16658,9.16396,1000000,1000000
2021-11-26 08:28:12.359000,9.16658,9.16386,1000000,1500000
2021-11-26 08:28:12.481000,9.16658,9.16386,1000000,1500000
2021-11-26 08:28:12.823000,9.16656,9.16386,1000000,1500000
2021-11-26 08:28:13.677000,9.16655,9.16398,1250000,1250000
2021-11-26 08:28:13.842000,9.16654,9.16397,1250000,1250000
2021-11-26 08:28:13.987000,9.16654,9.16426,1000000,1000000
2021-11-26 08:28:14.090000,9.16653,9.16437,1000000,1000000
2021-11-26 08:28:14.247000,9.16657,9.16436,1000000,1000000
2021-11-26 08:28:14.353000,9.16657,9.16456,1000000,1000000
2021-11-26 08:28:14.408000,9.16668,9.16456,1000000,1000000
2021-11-26 08:28:14.577000,9.16668,9.16521,1000000,1000000
2021-11-26 08:28:14.785000,9.16668,9.16526,1000000,1000000
2021-11-26 08:28:15.093000,9.16668,9.16506,1000000,1000000
2021-11-26 08:28:15.309000,9.16667,9.16486,1000000,1000000
2021-11-26 08:28:15.584000,9.16662,9.16496,1000000,1000000
2021-11-26 08:28:15.779000,9.16662,9.16486,1000000,1000000
2021-11-26 08:28:15.930000,9.1666,9.16486,1000000,1000000
2021-11-26 08:28:16.098000,9.1666,9.16476,1000000,1000000
2021-11-26 08:28:16.312000,9.16655,9.16476,1000000,1000000
2021-11-26 08:28:16.558000,9.16655,9.16456,1000000,1000000
2021-11-26 08:28:17.162000,9.16655,9.16446,1000000,1000000
2021-11-26 08:28:17.213000,9.16652,9.16446,1000000,1000000
2021-11-26 08:28:17.387000,9.16652,9.16436,1000000,1000000
2021-11-26 08:28:17.587000,9.16653,9.16436,1000000,1000000
2021-11-26 08:28:17.637000,9.16653,9.16456,1000000,1000000
2021-11-26 08:28:17.889000,9.16652,9.16467,1000000,1000000
2021-11-26 08:28:18.040000,9.16693,9.16466,1000000,1000000
2021-11-26 08:28:18.145000,9.16693,9.16486,1000000,1000000
2021-11-26 08:28:18.306000,9.16696,9.16486,1000000,1000000
2021-11-26 08:28:19.244000,9.16699,9.16486,1000000,1000000
2021-11-26 08:28:19.365000,9.16699,9.16476,1000000,1000000
2021-11-26 08:28:20.460000,9.16699,9.16466,1000000,1000000
2021-11-26 08:28:20.510000,9.16698,9.16467,1500000,1000000
2021-11-26 08:28:20.742000,9.16693,9.16466,1000000,1500000
2021-11-26 08:28:20.843000,9.16711,9.16466,1000000,1500000
2021-11-26 08:28:20.893000,9.16711,9.16486,1000000,1000000
2021-11-26 08:28:20.994000,9.16711,9.16486,1000000,1500000
2021-11-26 08:28:21.090000,9.16737,9.16486,1750000,1750000
2021-11-26 08:28:21.141000,9.16737,9.16486,1750000,1750000
2021-11-26 08:28:21.292000,9.16735,9.16486,1500000,1500000
2021-11-26 08:28:21.679000,9.16743,9.16486,1500000,1500000
2021-11-26 08:28:23.009000,9.16743,9.16516,1000000,1500000
2021-11-26 08:28:23.160000,9.16747,9.16516,1000000,1500000
2021-11-26 08:28:23.211000,9.16746,9.16517,1000000,1500000
2021-11-26 08:28:23.316000,9.16747,9.16516,1000000,1500000
2021-11-26 08:28:23.417000,9.16746,9.16557,1000000,1000000
2021-11-26 08:28:23.518000,9.16793,9.16556,1000000,1500000
2021-11-26 08:28:23.618000,9.16806,9.16606,1000000,1000000
2021-11-26 08:28:23.719000,9.16829,9.16606,1000000,1000000
2021-11-26 08:28:23.819000,9.16839,9.16616,1500000,1000000
2021-11-26 08:28:24.129000,9.16839,9.16616,1000000,1000000
2021-11-26 08:28:24.258000,9.16838,9.16607,1000000,1000000
2021-11-26 08:28:24.512000,9.16838,9.16606,1000000,1000000
2021-11-26 08:28:24.730000,9.16838,9.16596,1000000,1000000
2021-11-26 08:28:25.670000,9.16838,9.16616,1000000,1000000
2021-11-26 08:28:26.100000,9.16831,9.16616,1000000,1000000
2021-11-26 08:28:26.201000,9.16831,9.16606,1000000,1000000
2021-11-26 08:28:26.371000,9.16841,9.16606,1000000,1000000
2021-11-26 08:28:26.421000,9.16841,9.16626,1000000,1000000
2021-11-26 08:28:26.640000,9.16841,9.16596,1000000,1000000
2021-11-26 08:28:26.690000,9.16838,9.16596,1000000,1000000
2021-11-26 08:28:26.863000,9.16838,9.16616,1000000,1000000
2021-11-26 08:28:27.017000,9.16843,9.16616,1000000,1000000
2021-11-26 08:28:27.268000,9.16879,9.16616,1250000,1250000
2021-11-26 08:28:27.544000,9.16879,9.16616,1000000,1000000
2021-11-26 08:28:27.594000,9.16875,9.16616,1000000,1000000
2021-11-26 08:28:27.695000,9.16875,9.16616,1120000,1500000
2021-11-26 08:28:27.864000,9.16875,9.16646,1120000,1000000
2021-11-26 08:28:27.965000,9.16866,9.16626,1000000,1500000
2021-11-26 08:28:28.281000,9.16866,9.16616,1000000,1500000
2021-11-26 08:28:28.972000,9.16864,9.16616,1000000,1500000
2021-11-26 08:28:29.161000,9.16864,9.16636,1000000,1000000
2021-11-26 08:28:29.403000,9.16864,9.16646,1000000,1000000
2021-11-26 08:28:29.547000,9.16876,9.16646,1000000,1000000
2021-11-26 08:28:29.698000,9.16876,9.16626,1000000,1500000
2021-11-26 08:28:30.229000,9.16876,9.16626,1000000,1500000
2021-11-26 08:28:30.446000,9.16865,9.16606,1000000,1500000
2021-11-26 08:28:30.806000,9.16864,9.16607,1500000,1500000
2021-11-26 08:28:31.274000,9.16865,9.16616,1500000,1500000
2021-11-26 08:28:31.450000,9.16865,9.16616,1500000,1500000
2021-11-26 08:28:31.662000,9.16862,9.16616,1500000,1000000
2021-11-26 08:28:31.713000,9.16862,9.16606,1500000,1120000
2021-11-26 08:28:31.970000,9.16846,9.16585,1750000,1750000
2021-11-26 08:28:32.206000,9.16846,9.16585,1750000,1750000
2021-11-26 08:28:32.411000,9.16846,9.16567,1750000,1750000
2021-11-26 08:28:32.630000,9.16829,9.16567,1500000,1500000
2021-11-26 08:28:32.821000,9.16829,9.16567,1500000,1500000
2021-11-26 08:28:33.482000,9.16828,9.16567,1500000,1500000
2021-11-26 08:28:33.853000,9.16827,9.16567,1750000,1750000
2021-11-26 08:28:34.016000,9.16827,9.16536,1750000,1750000
2021-11-26 08:28:35.234000,9.16814,9.16536,1500000,1500000
2021-11-26 08:28:35.814000,9.16812,9.16552,1500000,1500000
2021-11-26 08:28:35.965000,9.16859,9.16583,1750000,1250000
2021-11-26 08:28:36.016000,9.16859,9.16583,1250000,1750000
2021-11-26 08:28:36.217000,9.16859,9.16626,1000000,1500000
2021-11-26 08:28:36.385000,9.16891,9.16626,1500000,1500000
2021-11-26 08:28:36.485000,9.16906,9.16634,1500000,1500000
2021-11-26 08:28:36.636000,9.16907,9.16656,1500000,1500000
2021-11-26 08:28:36.737000,9.1691,9.16666,1500000,1000000
2021-11-26 08:28:36.852000,9.1691,9.16666,1500000,1000000
2021-11-26 08:28:36.956000,9.16899,9.16639,1000000,1500000
2021-11-26 08:28:37.007000,9.16899,9.16639,1000000,1500000
2021-11-26 08:28:37.728000,9.16896,9.16646,1000000,1500000
2021-11-26 08:28:37.829000,9.16896,9.16636,1500000,1500000
2021-11-26 08:28:38.030000,9.16896,9.16626,1500000,1500000
2021-11-26 08:28:38.181000,9.16899,9.16626,1000000,1500000
2021-11-26 08:28:38.332000,9.16899,9.16656,1000000,1500000
2021-11-26 08:28:38.382000,9.16925,9.16656,1500000,1500000
2021-11-26 08:28:38.483000,9.16925,9.16666,1000000,1500000
2021-11-26 08:28:39.146000,9.16919,9.16666,1120000,1500000
2021-11-26 08:28:39.311000,9.16918,9.16647,1500000,1500000
2021-11-26 08:28:39.412000,9.16919,9.16646,1000000,1500000
2021-11-26 08:28:39.512000,9.16925,9.16653,1500000,1500000
2021-11-26 08:28:40.076000,9.16896,9.16647,1000000,1500000
2021-11-26 08:28:40.177000,9.16897,9.16646,1500000,1500000
2021-11-26 08:28:40.612000,9.16893,9.16584,1500000,1500000
2021-11-26 08:28:40.762000,9.16848,9.16584,1000000,1500000
2021-11-26 08:28:41.047000,9.16848,9.16573,1750000,1750000
2021-11-26 08:28:41.248000,9.16845,9.16531,1500000,1500000
2021-11-26 08:28:41.299000,9.16845,9.16531,1500000,1500000
2021-11-26 08:28:41.500000,9.16805,9.16531,1500000,1500000
2021-11-26 08:28:42.127000,9.16802,9.16531,1500000,1500000
2021-11-26 08:28:42.332000,9.16802,9.16531,1500000,1500000
2021-11-26 08:28:42.542000,9.16802,9.16531,1500000,1500000
2021-11-26 08:28:42.815000,9.16802,9.16531,1500000,1500000
2021-11-26 08:28:42.916000,9.16809,9.16531,1500000,1500000
2021-11-26 08:28:43.117000,9.16809,9.16507,1000000,1500000
2021-11-26 08:28:43.167000,9.16805,9.16507,1000000,1500000
2021-11-26 08:28:43.280000,9.16805,9.16507,1500000,1500000
2021-11-26 08:28:43.331000,9.16765,9.16506,1000000,1500000
2021-11-26 08:28:43.494000,9.16756,9.16476,1000000,1500000
2021-11-26 08:28:43.545000,9.16713,9.16437,1000000,1500000
2021-11-26 08:28:43.747000,9.16713,9.1642,1500000,1500000
2021-11-26 08:28:44.119000,9.16671,9.16373,1250000,1750000
2021-11-26 08:28:44.220000,9.1667,9.16363,1250000,1750000
2021-11-26 08:28:44.321000,9.16622,9.16357,1000000,1500000
2021-11-26 08:28:44.371000,9.16623,9.16356,1000000,1500000
2021-11-26 08:28:44.708000,9.16612,9.16319,1000000,1500000
2021-11-26 08:28:44.758000,9.16613,9.16318,1500000,1500000
2021-11-26 08:28:44.959000,9.16613,9.16318,1000000,1500000
2021-11-26 08:28:45.087000,9.16614,9.16318,1000000,1500000
2021-11-26 08:28:45.138000,9.16614,9.16318,1000000,1500000
2021-11-26 08:28:45.342000,9.16614,9.16356,1250000,1750000
2021-11-26 08:28:45.442000,9.16628,9.16356,1250000,1750000
2021-11-26 08:28:45.543000,9.16628,9.16336,1000000,1500000
2021-11-26 08:28:45.644000,9.16591,9.16337,1000000,1500000
2021-11-26 08:28:45.745000,9.16592,9.16336,1000000,1500000
2021-11-26 08:28:45.910000,9.16579,9.16306,1000000,1500000
2021-11-26 08:28:45.960000,9.16579,9.16296,1250000,1750000
2021-11-26 08:28:46.061000,9.16579,9.16296,1000000,1500000
2021-11-26 08:28:46.111000,9.16579,9.16296,1250000,1750000
2021-11-26 08:28:46.162000,9.16579,9.16296,1750000,1750000
2021-11-26 08:28:46.212000,9.16528,9.16236,1250000,1750000
2021-11-26 08:28:46.377000,9.16528,9.16229,1250000,1750000
2021-11-26 08:28:46.477000,9.16487,9.16216,1000000,1500000
2021-11-26 08:28:46.947000,9.16478,9.16217,1000000,1500000
2021-11-26 08:28:47.099000,9.16479,9.16216,1000000,1000000
2021-11-26 08:28:47.199000,9.16433,9.16186,1000000,1500000
2021-11-26 08:28:47.310000,9.16433,9.16186,1000000,1000000
2021-11-26 08:28:47.410000,9.16433,9.16156,1000000,1500000
2021-11-26 08:28:47.514000,9.16391,9.16156,1000000,1000000
2021-11-26 08:28:47.615000,9.16391,9.16079,1000000,1500000
2021-11-26 08:28:47.666000,9.16347,9.16056,1000000,1500000
2021-11-26 08:28:47.716000,9.16347,9.16056,1000000,1500000
2021-11-26 08:28:47.961000,9.16324,9.16056,1000000,1500000
2021-11-26 08:28:48.012000,9.16324,9.16056,1000000,1500000
2021-11-26 08:28:48.162000,9.16324,9.16023,1000000,1120000
2021-11-26 08:28:48.372000,9.16307,9.16023,1000000,1120000
2021-11-26 08:28:48.474000,9.16307,9.16013,1250000,1750000
2021-11-26 08:28:48.668000,9.16301,9.16023,1000000,1500000
2021-11-26 08:28:48.718000,9.16301,9.16023,1000000,1500000
2021-11-26 08:28:48.970000,9.16279,9.16013,1000000,1500000
2021-11-26 08:28:49.150000,9.16279,9.16013,1000000,1500000
2021-11-26 08:28:49.201000,9.16278,9.16007,1000000,1000000
2021-11-26 08:28:49.251000,9.16268,9.16003,1000000,1000000
2021-11-26 08:28:49.452000,9.16268,9.16006,1000000,1000000
2021-11-26 08:28:49.626000,9.16257,9.16007,1000000,1000000
2021-11-26 08:28:50.265000,9.16245,9.16007,1000000,1120000
2021-11-26 08:28:50.452000,9.16246,9.15996,1000000,1500000
2021-11-26 08:28:50.881000,9.16241,9.15976,1000000,1500000
2021-11-26 08:28:51.249000,9.16231,9.15973,1000000,1500000
2021-11-26 08:28:51.350000,9.16231,9.15973,1000000,1500000
2021-11-26 08:28:51.558000,9.16231,9.15976,1000000,1500000
2021-11-26 08:28:51.794000,9.16231,9.15973,1000000,1000000
2021-11-26 08:28:51.912000,9.16232,9.15973,1000000,1000000
2021-11-26 08:28:52.163000,9.16207,9.15974,1000000,1000000
2021-11-26 08:28:52.249000,9.16208,9.15963,1000000,1000000
2021-11-26 08:28:52.317000,9.16208,9.15943,1000000,1500000
2021-11-26 08:28:52.417000,9.1618,9.15936,1000000,1500000
2021-11-26 08:28:52.467000,9.1618,9.15936,1000000,1000000
2021-11-26 08:28:52.518000,9.16179,9.15897,1000000,1500000
2021-11-26 08:28:52.669000,9.1618,9.15896,1000000,1000000
2021-11-26 08:28:52.719000,9.16158,9.15887,1000000,1500000
2021-11-26 08:28:52.865000,9.16158,9.15887,1250000,1250000
2021-11-26 08:28:52.966000,9.16106,9.15803,1000000,1500000
2021-11-26 08:28:53.067000,9.16077,9.15786,1000000,1500000
2021-11-26 08:28:53.167000,9.16077,9.15763,1000000,1500000
2021-11-26 08:28:53.368000,9.16069,9.15763,1000000,1500000
2021-11-26 08:28:53.450000,9.16093,9.15763,1000000,1500000
2021-11-26 08:28:53.606000,9.16093,9.15763,1000000,1500000
2021-11-26 08:28:53.809000,9.16093,9.15789,1000000,1500000
2021-11-26 08:28:53.860000,9.16102,9.15789,1000000,1500000
2021-11-26 08:28:54.158000,9.16102,9.15818,1000000,1000000
2021-11-26 08:28:54.259000,9.1612,9.15818,1000000,1000000
2021-11-26 08:28:54.949000,9.16102,9.15818,1000000,1000000
2021-11-26 08:28:55.354000,9.16133,9.15818,1000000,1000000
2021-11-26 08:28:55.404000,9.16133,9.15823,1000000,1000000
2021-11-26 08:28:55.555000,9.16133,9.15833,1000000,1000000
2021-11-26 08:28:55.656000,9.16138,9.15833,1000000,1000000
2021-11-26 08:28:56.062000,9.16138,9.15838,1000000,1000000
2021-11-26 08:28:56.316000,9.16138,9.15833,1000000,1000000
2021-11-26 08:28:56.455000,9.16146,9.15834,1000000,1000000
2021-11-26 08:28:57.373000,9.16144,9.15833,1000000,1000000
2021-11-26 08:28:57.699000,9.16146,9.15833,1000000,1000000
2021-11-26 08:28:57.800000,9.16146,9.15823,1000000,1000000
2021-11-26 08:28:58.211000,9.16136,9.15823,1000000,1000000
2021-11-26 08:28:58.745000,9.16139,9.15823,1000000,1000000
2021-11-26 08:28:59.083000,9.16129,9.15823,1000000,1000000
2021-11-26 08:28:59.449000,9.16125,9.15824,1000000,1000000
2021-11-26 08:28:59.835000,9.16119,9.15823,1000000,1000000
2021-11-26 08:29:00.561000,9.16134,9.15823,1000000,1000000
2021-11-26 08:29:01.256000,9.16146,9.15823,1000000,1000000
2021-11-26 08:29:01.570000,9.16136,9.15823,1000000,1000000
2021-11-26 08:29:01.697000,9.16136,9.15823,1000000,1500000
2021-11-26 08:29:01.807000,9.16136,9.15833,1000000,1000000
2021-11-26 08:29:01.958000,9.16172,9.15833,1000000,1500000
2021-11-26 08:29:02.072000,9.16172,9.15824,1000000,2750000
2021-11-26 08:29:02.223000,9.16187,9.15871,1000000,1500000
2021-11-26 08:29:02.329000,9.16188,9.1587,1000000,1000000
2021-11-26 08:29:02.480000,9.16206,9.15883,1000000,1000000
2021-11-26 08:29:02.534000,9.16206,9.15873,1000000,1000000
2021-11-26 08:29:02.585000,9.16205,9.15907,1000000,1500000
2021-11-26 08:29:02.736000,9.16251,9.15923,1000000,1000000
2021-11-26 08:29:02.786000,9.16252,9.15926,1000000,1000000
2021-11-26 08:29:03.069000,9.16258,9.15926,1000000,1000000
2021-11-26 08:29:03.336000,9.16258,9.15926,1000000,1500000
2021-11-26 08:29:03.496000,9.16266,9.15927,1000000,1500000
2021-11-26 08:29:03.602000,9.16267,9.15926,1000000,1000000
2021-11-26 08:29:03.820000,9.16258,9.15926,1000000,1000000
2021-11-26 08:29:03.971000,9.16258,9.15934,1000000,1000000
2021-11-26 08:29:04.122000,9.16232,9.15934,1000000,1000000
2021-11-26 08:29:04.186000,9.16232,9.1591,1000000,1000000
2021-11-26 08:29:04.388000,9.16246,9.1591,1000000,1000000
2021-11-26 08:29:04.438000,9.16246,9.15926,1000000,1000000
2021-11-26 08:29:04.656000,9.16241,9.15926,1000000,1000000
2021-11-26 08:29:04.707000,9.16241,9.15923,1000000,1000000
2021-11-26 08:29:05.308000,9.16233,9.15923,1000000,1000000
2021-11-26 08:29:05.413000,9.16233,9.15918,1000000,1000000
2021-11-26 08:29:05.513000,9.16278,9.15923,1000000,1000000
2021-11-26 08:29:05.564000,9.16281,9.15923,1000000,1000000
2021-11-26 08:29:05.614000,9.16281,9.16029,1000000,1000000
2021-11-26 08:29:05.765000,9.16281,9.16023,1000000,1000000
2021-11-26 08:29:05.815000,9.16301,9.16053,1000000,1000000
2021-11-26 08:29:05.916000,9.16352,9.16053,1000000,1000000
2021-11-26 08:29:06.016000,9.16375,9.16053,1000000,1000000
2021-11-26 08:29:06.067000,9.16375,9.16041,1000000,1000000
2021-11-26 08:29:06.168000,9.16375,9.16043,1000000,1000000
2021-11-26 08:29:06.218000,9.16375,9.16033,1000000,1000000
2021-11-26 08:29:06.268000,9.16374,9.16075,1000000,1000000
2021-11-26 08:29:06.484000,9.16375,9.1605,1000000,1000000
2021-11-26 08:29:06.639000,9.16367,9.1605,1000000,1000000
2021-11-26 08:29:06.690000,9.16367,9.16029,1000000,1000000
2021-11-26 08:29:06.974000,9.16367,9.16023,1000000,1000000
2021-11-26 08:29:07.197000,9.16338,9.16023,1000000,1000000
2021-11-26 08:29:07.503000,9.16338,9.16003,1000000,1000000
2021-11-26 08:29:07.553000,9.16329,9.16003,1000000,1000000
2021-11-26 08:29:07.805000,9.1632,9.16003,1000000,1000000
2021-11-26 08:29:07.855000,9.1632,9.15993,1000000,1000000
2021-11-26 08:29:07.910000,9.16368,9.16063,1000000,1000000
2021-11-26 08:29:07.960000,9.1637,9.16053,1000000,1000000
2021-11-26 08:29:08.161000,9.16357,9.16053,1000000,1000000
2021-11-26 08:29:08.496000,9.16353,9.16039,1000000,1000000
2021-11-26 08:29:08.547000,9.1633,9.16036,1000000,1000000
2021-11-26 08:29:08.806000,9.16325,9.16036,1000000,1000000
2021-11-26 08:29:09.131000,9.16325,9.16016,1000000,1000000
2021-11-26 08:29:09.181000,9.16331,9.16024,1000000,1000000
2021-11-26 08:29:09.317000,9.16331,9.16031,1000000,1000000
2021-11-26 08:29:09.470000,9.16358,9.16042,1000000,1000000
2021-11-26 08:29:09.674000,9.16358,9.16059,1000000,1000000
2021-11-26 08:29:09.798000,9.16355,9.16059,1000000,1000000
2021-11-26 08:29:09.903000,9.16355,9.16057,1000000,1000000
2021-11-26 08:29:10.032000,9.16347,9.16057,1000000,1000000
2021-11-26 08:29:10.133000,9.16347,9.16052,1000000,1000000
2021-11-26 08:29:10.316000,9.16364,9.16053,1000000,1000000
2021-11-26 08:29:10.367000,9.16364,9.16071,1000000,1000000
2021-11-26 08:29:10.581000,9.16371,9.1607,1000000,1000000
2021-11-26 08:29:11.076000,9.16363,9.16079,1000000,1000000
2021-11-26 08:29:11.269000,9.16363,9.16077,1000000,1000000
2021-11-26 08:29:11.475000,9.16359,9.16077,1000000,1000000
2021-11-26 08:29:11.583000,9.16359,9.16082,1000000,1000000
2021-11-26 08:29:11.736000,9.1636,9.16076,1000000,1000000
2021-11-26 08:29:12.112000,9.16367,9.16076,1000000,1000000
2021-11-26 08:29:12.209000,9.16367,9.16084,1000000,1000000
2021-11-26 08:29:12.406000,9.16377,9.16084,1000000,1000000
2021-11-26 08:29:12.506000,9.16377,9.16093,1000000,1000000
2021-11-26 08:29:12.658000,9.16377,9.16096,1000000,1000000
2021-11-26 08:29:12.909000,9.16376,9.16098,1000000,1000000
2021-11-26 08:29:13.234000,9.16383,9.16097,1000000,1000000
2021-11-26 08:29:13.488000,9.16383,9.16107,1000000,1000000
2021-11-26 08:29:13.659000,9.16383,9.16111,1000000,1000000
2021-11-26 08:29:13.995000,9.16383,9.16112,1000000,1000000
2021-11-26 08:29:14.045000,9.16389,9.16112,1000000,1000000
2021-11-26 08:29:14.192000,9.16389,9.16102,1000000,1000000
2021-11-26 08:29:14.293000,9.16392,9.16102,1000000,1000000
2021-11-26 08:29:14.412000,9.16392,9.16101,1000000,1000000
2021-11-26 08:29:14.462000,9.16391,9.16115,1000000,1000000
2021-11-26 08:29:14.660000,9.16382,9.16114,1000000,1000000
2021-11-26 08:29:14.960000,9.16382,9.16115,1000000,1000000
2021-11-26 08:29:15.061000,9.16387,9.16115,1000000,1000000
2021-11-26 08:29:15.161000,9.16429,9.16128,1500000,1000000
2021-11-26 08:29:15.212000,9.16429,9.16147,1000000,1000000
2021-11-26 08:29:15.363000,9.16407,9.16147,1000000,1000000
2021-11-26 08:29:15.514000,9.16403,9.16147,1000000,1000000
2021-11-26 08:29:15.614000,9.16403,9.16089,1250000,1250000
2021-11-26 08:29:15.665000,9.16403,9.16084,1000000,1000000
2021-11-26 08:29:15.765000,9.16403,9.16076,1000000,1000000
2021-11-26 08:29:15.815000,9.16403,9.16087,1000000,1000000
2021-11-26 08:29:16.017000,9.16407,9.16087,1000000,1000000
2021-11-26 08:29:16.067000,9.16407,9.16103,1000000,1000000
2021-11-26 08:29:16.118000,9.16437,9.16103,1000000,2250000
2021-11-26 08:29:16.331000,9.16407,9.16123,1000000,1000000
2021-11-26 08:29:16.432000,9.16437,9.16113,1000000,1000000
2021-11-26 08:29:16.707000,9.16437,9.16121,1000000,1000000
2021-11-26 08:29:16.860000,9.16407,9.16123,1000000,1000000
2021-11-26 08:29:16.961000,9.16437,9.16123,1000000,1000000
2021-11-26 08:29:17.011000,9.16437,9.16133,1000000,1000000
2021-11-26 08:29:17.112000,9.16437,9.16145,1000000,1000000
2021-11-26 08:29:17.216000,9.1644,9.16236,1000000,1000000
2021-11-26 08:29:17.266000,9.16462,9.16145,1500000,1250000
2021-11-26 08:29:17.317000,9.16493,9.16149,1000000,1000000
2021-11-26 08:29:17.417000,9.16545,9.16179,1000000,1000000
2021-11-26 08:29:17.772000,9.16551,9.16179,1000000,1000000
2021-11-26 08:29:17.873000,9.16551,9.16172,1000000,1000000
2021-11-26 08:29:17.975000,9.16551,9.16149,1000000,1000000
2021-11-26 08:29:18.327000,9.16508,9.16149,1000000,1000000
2021-11-26 08:29:18.477000,9.16508,9.16153,1000000,1000000
2021-11-26 08:29:18.578000,9.16508,9.16163,1000000,1000000
2021-11-26 08:29:18.808000,9.16519,9.16163,1000000,1000000
2021-11-26 08:29:19.178000,9.16519,9.16175,1000000,1000000
2021-11-26 08:29:19.367000,9.16512,9.16175,1000000,1000000
2021-11-26 08:29:19.580000,9.16512,9.16188,1000000,1000000
2021-11-26 08:29:19.631000,9.1655,9.16188,1000000,1000000
2021-11-26 08:29:19.681000,9.1655,9.16199,1000000,1000000
2021-11-26 08:29:19.933000,9.1655,9.162,1000000,1000000
2021-11-26 08:29:20.128000,9.1655,9.16209,1000000,1000000
2021-11-26 08:29:20.325000,9.1655,9.16221,1000000,1000000
2021-11-26 08:29:20.462000,9.1655,9.16238,1000000,1000000
2021-11-26 08:29:20.571000,9.16564,9.16241,1000000,1000000
2021-11-26 08:29:20.826000,9.16579,9.16241,1000000,1000000
2021-11-26 08:29:20.877000,9.16579,9.16243,1000000,1000000
2021-11-26 08:29:21.128000,9.16582,9.16244,1000000,1000000
2021-11-26 08:29:21.178000,9.16583,9.16258,1000000,1000000
2021-11-26 08:29:21.279000,9.16583,9.16277,1000000,1000000
2021-11-26 08:29:21.472000,9.16583,9.16278,1000000,1000000
2021-11-26 08:29:21.573000,9.16597,9.16278,1000000,1000000
2021-11-26 08:29:21.975000,9.16597,9.16249,1000000,1000000
2021-11-26 08:29:22.171000,9.16597,9.16256,1000000,1000000
2021-11-26 08:29:22.332000,9.16597,9.16263,1000000,1000000
2021-11-26 08:29:22.461000,9.16597,9.16274,1000000,1000000
2021-11-26 08:29:22.574000,9.16553,9.16274,1000000,1000000
2021-11-26 08:29:22.702000,9.16553,9.16271,1000000,1000000
2021-11-26 08:29:22.869000,9.16581,9.16271,1000000,1000000
2021-11-26 08:29:23.187000,9.16581,9.1626,1000000,1000000
2021-11-26 08:29:23.461000,9.16581,9.16268,1000000,1000000
2021-11-26 08:29:23.561000,9.16591,9.16268,1000000,1000000
2021-11-26 08:29:23.612000,9.16591,9.16282,1000000,1000000
2021-11-26 08:29:23.763000,9.16591,9.16301,1000000,1000000
2021-11-26 08:29:23.891000,9.16591,9.16303,1000000,1000000
2021-11-26 08:29:24.399000,9.16607,9.16308,1000000,1000000
2021-11-26 08:29:24.569000,9.16607,9.16296,1000000,1000000
2021-11-26 08:29:24.780000,9.16606,9.16285,1000000,1000000
2021-11-26 08:29:24.830000,9.16599,9.16284,1000000,1000000
2021-11-26 08:29:25.255000,9.16599,9.16279,1000000,1000000
2021-11-26 08:29:25.578000,9.16599,9.16283,1000000,1000000
2021-11-26 08:29:25.790000,9.16599,9.16282,1000000,1000000
2021-11-26 08:29:25.996000,9.16599,9.16287,1000000,1000000
2021-11-26 08:29:26.286000,9.16577,9.16287,1000000,1000000
2021-11-26 08:29:26.460000,9.16577,9.16286,1000000,1000000
2021-11-26 08:29:26.587000,9.16569,9.16286,1000000,1000000
2021-11-26 08:29:26.698000,9.16569,9.1627,1000000,1000000
2021-11-26 08:29:26.899000,9.16551,9.16222,1250000,1250000
2021-11-26 08:29:27.009000,9.16551,9.16222,1000000,1000000
2021-11-26 08:29:27.181000,9.16551,9.16221,1000000,1000000
2021-11-26 08:29:27.256000,9.16549,9.16221,1000000,1000000
2021-11-26 08:29:27.465000,9.16548,9.16228,1000000,1000000
2021-11-26 08:29:27.640000,9.16513,9.16227,1000000,1000000
2021-11-26 08:29:27.785000,9.16512,9.16235,1000000,1000000
2021-11-26 08:29:27.930000,9.16513,9.16227,1000000,1000000
2021-11-26 08:29:28.031000,9.16544,9.16227,1000000,1000000
2021-11-26 08:29:28.435000,9.1654,9.16227,1000000,1000000
2021-11-26 08:29:28.485000,9.1654,9.1621,1000000,1000000
2021-11-26 08:29:28.714000,9.1654,9.16211,1000000,1000000
2021-11-26 08:29:28.987000,9.1654,9.16212,1000000,1000000
2021-11-26 08:29:29.164000,9.16523,9.16212,1000000,1000000
2021-11-26 08:29:29.214000,9.16523,9.16207,1000000,1000000
2021-11-26 08:29:29.425000,9.16517,9.16182,1000000,1000000
2021-11-26 08:29:29.859000,9.16517,9.16181,1000000,1000000
2021-11-26 08:29:29.909000,9.16512,9.16181,1000000,1000000
2021-11-26 08:29:30.067000,9.16512,9.16169,1000000,1000000
2021-11-26 08:29:30.220000,9.16511,9.16169,1000000,1000000
2021-11-26 08:29:30.321000,9.16511,9.16188,1000000,1000000
2021-11-26 08:29:30.473000,9.1652,9.16188,1000000,1000000
2021-11-26 08:29:30.573000,9.1652,9.16169,1250000,1250000
2021-11-26 08:29:30.674000,9.1652,9.16169,1000000,1000000
2021-11-26 08:29:30.775000,9.16496,9.16162,1000000,1000000
2021-11-26 08:29:30.910000,9.16496,9.16147,1250000,1250000
2021-11-26 08:29:31.011000,9.16454,9.16145,1250000,1250000
2021-11-26 08:29:31.162000,9.16454,9.16102,1000000,1000000
2021-11-26 08:29:31.262000,9.16424,9.1608,1000000,1000000
2021-11-26 08:29:31.363000,9.16424,9.16089,1000000,1000000
2021-11-26 08:29:31.551000,9.16419,9.16089,1000000,1000000
2021-11-26 08:29:31.602000,9.16419,9.1608,1000000,1000000
2021-11-26 08:29:32.002000,9.16408,9.16072,1000000,1000000
2021-11-26 08:29:32.255000,9.16407,9.1607,1000000,1000000
2021-11-26 08:29:32.338000,9.16408,9.16072,1000000,1000000
2021-11-26 08:29:32.461000,9.16408,9.16088,1000000,1000000
2021-11-26 08:29:32.538000,9.16414,9.16088,1000000,1000000
2021-11-26 08:29:32.713000,9.16414,9.16092,1000000,1000000
2021-11-26 08:29:32.989000,9.16413,9.16094,1000000,1000000
2021-11-26 08:29:33.140000,9.16408,9.16093,1000000,1000000
2021-11-26 08:29:33.241000,9.16408,9.16102,1000000,1000000
2021-11-26 08:29:33.291000,9.16462,9.16102,1250000,1250000
2021-11-26 08:29:33.391000,9.16462,9.16134,1000000,1000000
2021-11-26 08:29:33.492000,9.16462,9.16146,1000000,1000000
2021-11-26 08:29:33.595000,9.16448,9.16146,1000000,1000000
2021-11-26 08:29:33.665000,9.16448,9.16122,1000000,1000000
2021-11-26 08:29:33.876000,9.16448,9.16138,1000000,1000000
2021-11-26 08:29:34.027000,9.16458,9.16138,1000000,1000000
2021-11-26 08:29:34.140000,9.16458,9.16137,1000000,1000000
2021-11-26 08:29:34.190000,9.16458,9.16142,1000000,1000000
2021-11-26 08:29:34.291000,9.16497,9.16167,1000000,1000000
2021-11-26 08:29:34.341000,9.16496,9.16173,1000000,1000000
2021-11-26 08:29:34.492000,9.16497,9.16193,1000000,1000000
2021-11-26 08:29:34.639000,9.16494,9.16194,1000000,1000000
2021-11-26 08:29:34.720000,9.16495,9.16179,1000000,1000000
2021-11-26 08:29:34.964000,9.16495,9.16193,1000000,1000000
2021-11-26 08:29:35.103000,9.16488,9.16193,1000000,1000000
2021-11-26 08:29:35.387000,9.16479,9.16193,1000000,1000000
2021-11-26 08:29:35.438000,9.16479,9.16186,1000000,1000000
2021-11-26 08:29:35.660000,9.16479,9.16119,1000000,2250000
2021-11-26 08:29:35.710000,9.1643,9.16099,1000000,2250000
2021-11-26 08:29:35.760000,9.1643,9.16082,1000000,1000000
2021-11-26 08:29:35.811000,9.1643,9.16105,1000000,1000000
2021-11-26 08:29:35.915000,9.1643,9.16123,1000000,1000000
2021-11-26 08:29:36.068000,9.1643,9.16124,1000000,1000000
2021-11-26 08:29:36.172000,9.16436,9.16124,1000000,1000000
2021-11-26 08:29:36.575000,9.16436,9.1611,1000000,2250000
2021-11-26 08:29:36.794000,9.16426,9.16104,1000000,1000000
2021-11-26 08:29:37.081000,9.16426,9.16116,1000000,1000000
2021-11-26 08:29:37.319000,9.1644,9.16113,1000000,1000000
2021-11-26 08:29:37.570000,9.1644,9.16147,1000000,1000000
2021-11-26 08:29:37.807000,9.16469,9.16147,1000000,1000000
2021-11-26 08:29:38.058000,9.16474,9.16147,1000000,1000000
2021-11-26 08:29:38.284000,9.16474,9.16152,1000000,1000000
2021-11-26 08:29:38.385000,9.16471,9.16152,1000000,1000000
2021-11-26 08:29:38.535000,9.16468,9.16152,1000000,1000000
2021-11-26 08:29:38.761000,9.16468,9.16154,1000000,1000000
2021-11-26 08:29:38.862000,9.16471,9.16154,1000000,1000000
2021-11-26 08:29:39.061000,9.16471,9.16147,1000000,1000000
2021-11-26 08:29:39.205000,9.16471,9.16146,1000000,1000000
2021-11-26 08:29:39.314000,9.16468,9.16147,1000000,1000000
2021-11-26 08:29:39.581000,9.16469,9.16126,1000000,1000000
2021-11-26 08:29:39.732000,9.16469,9.16144,1000000,1000000
2021-11-26 08:29:39.883000,9.16469,9.1616,1000000,1000000
2021-11-26 08:29:40.067000,9.16493,9.1616,1000000,1000000
2021-11-26 08:29:40.117000,9.16493,9.16162,1000000,1000000
2021-11-26 08:29:40.368000,9.16493,9.16166,1000000,1000000
2021-11-26 08:29:40.585000,9.16493,9.16162,1000000,1000000
2021-11-26 08:29:41.190000,9.16493,9.16168,1000000,1000000
2021-11-26 08:29:41.441000,9.16493,9.1616,1000000,1000000
2021-11-26 08:29:41.542000,9.16502,9.1616,1000000,1000000
2021-11-26 08:29:41.693000,9.16502,9.16174,1000000,1000000
2021-11-26 08:29:41.964000,9.16508,9.16176,1000000,1000000
2021-11-26 08:29:42.015000,9.16508,9.16184,1000000,1000000
2021-11-26 08:29:42.216000,9.16508,9.16203,1000000,1000000
2021-11-26 08:29:42.357000,9.16526,9.16203,1000000,1000000
2021-11-26 08:29:42.407000,9.16526,9.16206,1000000,1000000
2021-11-26 08:29:42.625000,9.16526,9.16208,1000000,1000000
2021-11-26 08:29:43.151000,9.16528,9.16209,1000000,1000000
2021-11-26 08:29:43.202000,9.16528,9.16212,1000000,1000000
2021-11-26 08:29:43.408000,9.16529,9.16203,1000000,1000000
2021-11-26 08:29:43.660000,9.16511,9.16203,1000000,1000000
2021-11-26 08:29:43.711000,9.16511,9.16189,1000000,1000000
2021-11-26 08:29:43.980000,9.16511,9.16191,1000000,1000000
2021-11-26 08:29:44.115000,9.16504,9.16191,1000000,1000000
2021-11-26 08:29:44.215000,9.16504,9.16189,1000000,1000000
2021-11-26 08:29:44.366000,9.16514,9.16189,1000000,1000000
2021-11-26 08:29:44.416000,9.16514,9.16206,1000000,1000000
2021-11-26 08:29:44.523000,9.16485,9.16206,1250000,1250000
2021-11-26 08:29:44.624000,9.16385,9.16161,1000000,1000000
2021-11-26 08:29:44.674000,9.16385,9.16117,1250000,1250000
2021-11-26 08:29:44.775000,9.16383,9.16118,1750000,1250000
2021-11-26 08:29:44.915000,9.16384,9.16124,1250000,1000000
2021-11-26 08:29:44.966000,9.16373,9.16122,1250000,1000000
2021-11-26 08:29:45.078000,9.16373,9.16127,1250000,1000000
2021-11-26 08:29:45.230000,9.16347,9.16127,1250000,1000000
2021-11-26 08:29:45.486000,9.16346,9.16117,1250000,1250000
2021-11-26 08:29:45.536000,9.16315,9.16117,1250000,1250000
2021-11-26 08:29:45.737000,9.16263,9.16117,1250000,1000000
2021-11-26 08:29:46.272000,9.16222,9.16087,1250000,1250000
2021-11-26 08:29:46.323000,9.16223,9.16087,1250000,1250000
2021-11-26 08:29:47.236000,9.16209,9.16009,1250000,1000000
2021-11-26 08:29:47.336000,9.16208,9.16006,1250000,1000000
2021-11-26 08:29:47.388000,9.16209,9.16007,1250000,1000000
2021-11-26 08:29:47.500000,9.16193,9.16005,1250000,1000000
2021-11-26 08:29:48.165000,9.1618,9.15994,1250000,1250000
2021-11-26 08:29:48.265000,9.16179,9.16033,1250000,1250000
2021-11-26 08:29:48.512000,9.16168,9.16032,1250000,1250000
2021-11-26 08:29:48.748000,9.16174,9.15996,1250000,1000000
2021-11-26 08:29:49.474000,9.16172,9.15997,1250000,1000000
2021-11-26 08:29:49.575000,9.1615,9.15989,1250000,1000000
2021-11-26 08:29:49.676000,9.1615,9.15997,1250000,1250000
2021-11-26 08:29:50.033000,9.1615,9.15972,1250000,1250000
2021-11-26 08:29:50.083000,9.16136,9.15987,1250000,1250000
2021-11-26 08:29:50.317000,9.16125,9.15974,1250000,1000000
2021-11-26 08:29:50.368000,9.16124,9.15957,1250000,1250000
2021-11-26 08:29:50.490000,9.16125,9.15962,1250000,1250000
2021-11-26 08:29:50.643000,9.16125,9.15927,1250000,1250000
2021-11-26 08:29:50.794000,9.16121,9.15927,1250000,1250000
2021-11-26 08:29:50.844000,9.16121,9.15891,1250000,1250000
2021-11-26 08:29:50.945000,9.16121,9.15877,1250000,1250000
2021-11-26 08:29:51.008000,9.16121,9.15862,1250000,1250000
2021-11-26 08:29:51.058000,9.16121,9.1583,1250000,1250000
2021-11-26 08:29:51.159000,9.16106,9.15766,1250000,1250000
2021-11-26 08:29:51.259000,9.16106,9.15719,1250000,1250000
2021-11-26 08:29:51.540000,9.16103,9.15717,1250000,1250000
2021-11-26 08:29:51.797000,9.16084,9.15717,1250000,1250000
2021-11-26 08:29:51.947000,9.16083,9.15723,1250000,1250000
2021-11-26 08:29:52.619000,9.16073,9.15723,1250000,1250000
2021-11-26 08:29:53.436000,9.16075,9.15722,1250000,1250000
2021-11-26 08:29:53.537000,9.16075,9.15691,1250000,1250000
2021-11-26 08:29:53.588000,9.16075,9.1569,1000000,1000000
2021-11-26 08:29:53.689000,9.16075,9.15632,1000000,1000000
2021-11-26 08:29:53.789000,9.161,9.15632,1250000,1250000
2021-11-26 08:29:53.840000,9.161,9.15634,1000000,1000000
2021-11-26 08:29:53.956000,9.161,9.15632,1000000,1000000
2021-11-26 08:29:54.256000,9.16089,9.15632,1000000,1000000
2021-11-26 08:29:54.406000,9.16089,9.15705,1000000,1000000
2021-11-26 08:29:54.533000,9.16097,9.15705,1000000,1000000
2021-11-26 08:29:54.634000,9.16097,9.15631,1000000,1000000
2021-11-26 08:29:54.684000,9.16097,9.15636,1000000,1000000
2021-11-26 08:29:54.735000,9.16147,9.15636,1000000,1000000
2021-11-26 08:29:54.835000,9.16147,9.15648,1000000,1000000
2021-11-26 08:29:54.988000,9.16146,9.15654,1000000,1000000
2021-11-26 08:29:55.038000,9.1616,9.15653,1000000,1000000
2021-11-26 08:29:55.139000,9.1616,9.15708,1000000,1000000
2021-11-26 08:29:55.322000,9.16162,9.15708,1000000,1000000
2021-11-26 08:29:55.610000,9.16181,9.15708,1000000,1000000
2021-11-26 08:29:56.302000,9.16179,9.15708,1000000,1000000
2021-11-26 08:29:56.600000,9.16193,9.15708,1000000,1000000
2021-11-26 08:29:56.654000,9.16192,9.15702,1000000,1500000
2021-11-26 08:29:56.705000,9.16193,9.15701,1000000,1000000
2021-11-26 08:29:56.913000,9.16206,9.15701,1000000,1000000
2021-11-26 08:29:57.063000,9.16206,9.1571,1000000,1000000
2021-11-26 08:29:57.213000,9.16206,9.15717,1000000,1000000
2021-11-26 08:29:57.314000,9.16219,9.15736,1000000,1000000
2021-11-26 08:29:57.496000,9.16219,9.15729,1000000,1000000
2021-11-26 08:29:58.011000,9.16204,9.15729,1000000,1000000
2021-11-26 08:29:58.112000,9.16204,9.15727,1000000,1000000
2021-11-26 08:29:58.318000,9.16202,9.15727,1000000,1000000
2021-11-26 08:29:58.419000,9.16158,9.15734,1000000,1000000
2021-11-26 08:29:58.665000,9.16158,9.15717,1000000,1000000
2021-11-26 08:29:58.917000,9.16158,9.15719,1000000,1000000
2021-11-26 08:29:59.032000,9.16178,9.15719,1000000,2250000
2021-11-26 08:29:59.169000,9.16178,9.15738,1000000,1000000
2021-11-26 08:29:59.273000,9.16178,9.15765,1000000,1000000
2021-11-26 08:29:59.405000,9.16179,9.15769,1000000,1000000
2021-11-26 08:29:59.559000,9.16179,9.15784,1000000,1000000
2021-11-26 08:29:59.663000,9.16205,9.15791,1000000,1000000
2021-11-26 08:29:59.827000,9.16238,9.1579,1000000,1000000
2021-11-26 08:29:59.878000,9.16244,9.15805,1000000,1000000
2021-11-26 08:30:00.201000,9.16273,9.15834,1000000,1000000
2021-11-26 08:30:00.336000,9.16273,9.15853,1000000,1000000
2021-11-26 08:30:00.487000,9.16299,9.15853,1000000,1000000
2021-11-26 08:30:00.538000,9.16299,9.15872,1000000,1000000
2021-11-26 08:30:00.784000,9.16299,9.15856,1000000,1000000
2021-11-26 08:30:00.834000,9.16259,9.15856,1000000,1000000
2021-11-26 08:30:00.985000,9.16259,9.15816,1000000,1000000
2021-11-26 08:30:01.153000,9.16259,9.15789,1250000,1250000
2021-11-26 08:30:01.203000,9.16259,9.15796,1000000,1000000
2021-11-26 08:30:01.327000,9.16236,9.15796,1000000,1000000
2021-11-26 08:30:01.509000,9.16236,9.15802,1000000,1000000
2021-11-26 08:30:01.616000,9.16229,9.15802,1000000,1000000
2021-11-26 08:30:01.684000,9.16229,9.15767,1000000,1000000
2021-11-26 08:30:02.149000,9.16212,9.15767,1000000,1000000
2021-11-26 08:30:02.365000,9.16158,9.1574,1000000,1000000
2021-11-26 08:30:02.584000,9.16158,9.15703,1000000,1000000
2021-11-26 08:30:02.635000,9.16148,9.15703,1000000,1000000
2021-11-26 08:30:02.869000,9.16148,9.15704,1000000,1000000
2021-11-26 08:30:03.082000,9.16136,9.15705,1000000,1000000
2021-11-26 08:30:03.279000,9.16135,9.15685,1000000,1000000
2021-11-26 08:30:03.517000,9.16136,9.15685,1000000,1000000
2021-11-26 08:30:03.617000,9.16133,9.15696,1000000,1000000
2021-11-26 08:30:03.844000,9.16127,9.15696,1000000,1000000
2021-11-26 08:30:04.095000,9.16132,9.15696,1000000,1000000
2021-11-26 08:30:04.296000,9.16132,9.1568,1000000,1000000
2021-11-26 08:30:04.347000,9.16108,9.1568,1000000,1000000
2021-11-26 08:30:04.498000,9.16108,9.15682,1000000,1000000
2021-11-26 08:30:04.817000,9.16106,9.15682,1000000,1000000
2021-11-26 08:30:04.960000,9.16106,9.15674,1000000,1000000
2021-11-26 08:30:05.024000,9.16106,9.15702,1000000,1000000
2021-11-26 08:30:05.125000,9.16112,9.15702,1000000,1000000
2021-11-26 08:30:05.541000,9.16091,9.15702,1000000,1000000
2021-11-26 08:30:05.641000,9.16091,9.15653,1000000,1500000
2021-11-26 08:30:05.692000,9.16091,9.15665,1000000,1000000
2021-11-26 08:30:05.773000,9.16091,9.15672,1000000,1000000
2021-11-26 08:30:05.823000,9.16108,9.15673,1000000,1000000
2021-11-26 08:30:05.976000,9.16109,9.15694,1000000,1000000
2021-11-26 08:30:06.103000,9.16098,9.15694,1000000,1000000
2021-11-26 08:30:06.204000,9.16098,9.15692,1000000,1000000
2021-11-26 08:30:06.424000,9.16098,9.15672,1000000,1000000
2021-11-26 08:30:06.503000,9.16102,9.15672,1000000,1000000
2021-11-26 08:30:06.654000,9.16102,9.15683,1000000,1000000
2021-11-26 08:30:06.857000,9.16102,9.15652,1000000,1000000
2021-11-26 08:30:07.151000,9.16081,9.15657,1000000,1000000
2021-11-26 08:30:07.301000,9.16081,9.15698,1000000,1000000
2021-11-26 08:30:07.408000,9.1604,9.15698,1000000,1000000
2021-11-26 08:30:07.527000,9.1604,9.15633,1000000,1500000
2021-11-26 08:30:07.644000,9.1604,9.15604,1000000,1000000
2021-11-26 08:30:07.795000,9.16079,9.15604,1000000,1000000
2021-11-26 08:30:07.845000,9.16079,9.15623,1000000,1000000
2021-11-26 08:30:08.056000,9.16086,9.15621,1000000,1000000
2021-11-26 08:30:08.427000,9.1609,9.15621,1000000,1000000
2021-11-26 08:30:08.579000,9.16136,9.15629,1000000,1000000
2021-11-26 08:30:08.630000,9.16136,9.1575,1000000,1000000
2021-11-26 08:30:08.857000,9.16163,9.1575,1000000,1000000
2021-11-26 08:30:08.908000,9.16163,9.15726,1000000,1000000
2021-11-26 08:30:09.284000,9.16182,9.15726,1000000,1000000
2021-11-26 08:30:09.335000,9.16182,9.15758,1000000,1000000
2021-11-26 08:30:09.542000,9.16185,9.15758,1250000,1250000
2021-11-26 08:30:10.106000,9.16181,9.15762,1250000,1250000
2021-11-26 08:30:10.330000,9.16156,9.15754,1000000,1000000
2021-11-26 08:30:10.572000,9.16158,9.15754,1000000,1000000
2021-11-26 08:30:10.623000,9.16157,9.15746,1000000,1000000
2021-11-26 08:30:10.673000,9.16158,9.15778,1000000,1000000
2021-11-26 08:30:10.727000,9.16158,9.1575,1000000,1000000
2021-11-26 08:30:10.878000,9.16135,9.15734,1000000,1000000
2021-11-26 08:30:11.079000,9.16103,9.15735,1000000,1000000
2021-11-26 08:30:11.330000,9.16095,9.15717,1000000,1000000
2021-11-26 08:30:11.547000,9.16095,9.1564,1000000,1000000
2021-11-26 08:30:11.598000,9.16095,9.15717,1000000,1000000
2021-11-26 08:30:12.106000,9.1609,9.15717,1000000,1000000
2021-11-26 08:30:12.406000,9.16095,9.15717,1000000,1000000
2021-11-26 08:30:12.506000,9.16095,9.15726,1000000,1000000
2021-11-26 08:30:12.683000,9.16094,9.15743,1000000,1000000
2021-11-26 08:30:12.945000,9.16109,9.15742,1000000,1000000
2021-11-26 08:30:13.256000,9.16099,9.15742,1000000,1000000
2021-11-26 08:30:13.417000,9.16099,9.15726,1000000,1000000
2021-11-26 08:30:13.517000,9.16099,9.15717,1000000,1000000
2021-11-26 08:30:13.568000,9.16099,9.15726,1000000,1000000
2021-11-26 08:30:13.719000,9.16089,9.15726,1000000,1000000
2021-11-26 08:30:13.975000,9.161,9.15726,1000000,1000000
2021-11-26 08:30:14.227000,9.16093,9.15726,1000000,1000000
2021-11-26 08:30:14.862000,9.16081,9.15727,1000000,1000000
2021-11-26 08:30:15.168000,9.16083,9.15726,1000000,1000000
2021-11-26 08:30:15.347000,9.16083,9.15748,1000000,1000000
2021-11-26 08:30:15.832000,9.16078,9.15748,1000000,1000000
2021-11-26 08:30:16.338000,9.16074,9.15748,1000000,1000000
2021-11-26 08:30:16.689000,9.16067,9.15718,1000000,1000000
2021-11-26 08:30:16.828000,9.16067,9.1571,1000000,1000000
2021-11-26 08:30:17.153000,9.16062,9.1571,1000000,1000000
2021-11-26 08:30:17.460000,9.16071,9.1571,1000000,1000000
2021-11-26 08:30:17.679000,9.16084,9.1571,1000000,1000000
2021-11-26 08:30:17.729000,9.16084,9.15734,1000000,1000000
2021-11-26 08:30:18.049000,9.16088,9.15734,1000000,1000000
2021-11-26 08:30:18.442000,9.16132,9.15734,1000000,1000000
2021-11-26 08:30:20.022000,9.16122,9.15734,1000000,1000000
2021-11-26 08:30:20.128000,9.16141,9.15735,1250000,1250000
2021-11-26 08:30:20.229000,9.16142,9.15718,1250000,1250000
2021-11-26 08:30:20.302000,9.16098,9.15718,1000000,1000000
2021-11-26 08:30:20.352000,9.16156,9.15703,1250000,1250000
2021-11-26 08:30:21.096000,9.16138,9.15633,1250000,1250000
2021-11-26 08:30:21.698000,9.16111,9.1562,1250000,1250000
2021-11-26 08:30:22.184000,9.16111,9.15628,1250000,1250000
2021-11-26 08:30:22.862000,9.16111,9.15635,1250000,1250000
2021-11-26 08:30:23.203000,9.16111,9.15647,1250000,1250000
2021-11-26 08:30:23.609000,9.16111,9.15661,1250000,1250000
2021-11-26 08:30:23.974000,9.16024,9.15659,1000000,1000000
2021-11-26 08:30:24.226000,9.16023,9.15625,1000000,1000000
2021-11-26 08:30:24.706000,9.16024,9.15622,1000000,1000000
2021-11-26 08:30:24.910000,9.15826,9.15571,1000000,1350000
2021-11-26 08:30:25.011000,9.15826,9.15571,1000000,1350000
2021-11-26 08:30:25.111000,9.15849,9.15508,1250000,2850000
2021-11-26 08:30:25.262000,9.15849,9.15469,1000000,1350000
2021-11-26 08:30:25.448000,9.15849,9.15445,1250000,1600000
2021-11-26 08:30:25.583000,9.15849,9.1556,1250000,1600000
2021-11-26 08:30:26.256000,9.15849,9.1556,1000000,1350000
2021-11-26 08:30:27.047000,9.1586,9.1556,1000000,1350000
2021-11-26 08:30:27.098000,9.1586,9.1556,1000000,1000000
2021-11-26 08:30:27.365000,9.15859,9.15466,1000000,1500000
2021-11-26 08:30:27.470000,9.15866,9.15605,1000000,1000000
2021-11-26 08:30:28.259000,9.15921,9.15605,1250000,1250000
2021-11-26 08:30:28.310000,9.15939,9.15605,1000000,1000000
2021-11-26 08:30:28.410000,9.15941,9.15503,1250000,1750000
2021-11-26 08:30:28.461000,9.15956,9.15554,1250000,1750000
2021-11-26 08:30:28.662000,9.15958,9.15555,1250000,1750000
2021-11-26 08:30:28.762000,9.15958,9.15595,1000000,1000000
2021-11-26 08:30:29.115000,9.15959,9.15549,1000000,1500000
2021-11-26 08:30:29.165000,9.15959,9.15549,1000000,1500000
2021-11-26 08:30:30.164000,9.15959,9.15568,1000000,1500000
2021-11-26 08:30:30.215000,9.15959,9.15568,1000000,1500000
2021-11-26 08:30:30.371000,9.15959,9.1568,1000000,1000000
2021-11-26 08:30:32.253000,9.159,9.15643,1000000,1370000
2021-11-26 08:30:32.303000,9.159,9.15633,1000000,1500000
2021-11-26 08:30:32.404000,9.159,9.15613,1250000,1750000
2021-11-26 08:30:32.534000,9.159,9.15571,1250000,1250000
2021-11-26 08:30:32.635000,9.159,9.15527,1250000,1250000
2021-11-26 08:30:32.736000,9.159,9.15501,1250000,1250000
2021-11-26 08:30:32.836000,9.159,9.15472,1250000,1750000
2021-11-26 08:30:32.887000,9.15801,9.15471,1000000,1000000
2021-11-26 08:30:32.937000,9.15801,9.15449,1000000,1000000
2021-11-26 08:30:33.038000,9.15801,9.15434,1000000,1500000
2021-11-26 08:30:33.138000,9.15801,9.1542,1000000,1500000
2021-11-26 08:30:33.239000,9.15801,9.1542,1250000,1250000
2021-11-26 08:30:33.289000,9.15801,9.15405,1250000,1750000
2021-11-26 08:30:33.340000,9.15801,9.15405,1250000,1250000
2021-11-26 08:30:33.541000,9.15741,9.15375,1000000,1500000
2021-11-26 08:30:33.692000,9.15683,9.15375,1000000,1000000
2021-11-26 08:30:33.742000,9.15683,9.15332,1000000,1000000
2021-11-26 08:30:33.843000,9.15683,9.15329,1000000,1000000
2021-11-26 08:30:33.944000,9.15683,9.15284,1000000,1500000
2021-11-26 08:30:34.006000,9.15683,9.15442,1000000,1000000
2021-11-26 08:30:34.056000,9.15682,9.15429,1000000,1000000
2021-11-26 08:30:34.107000,9.15683,9.15381,1000000,1000000
2021-11-26 08:30:34.208000,9.15683,9.15329,1000000,1000000
2021-11-26 08:30:34.308000,9.15683,9.15294,1000000,2750000
2021-11-26 08:30:34.359000,9.15683,9.15319,1000000,1000000
2021-11-26 08:30:34.483000,9.15682,9.1532,1000000,1500000
2021-11-26 08:30:34.584000,9.15683,9.15319,1000000,1500000
2021-11-26 08:30:34.699000,9.15683,9.15319,1000000,1500000
2021-11-26 08:30:35.165000,9.15683,9.15319,1000000,1500000
2021-11-26 08:30:35.267000,9.15683,9.15329,1000000,1870000
2021-11-26 08:30:35.317000,9.15682,9.1532,1000000,1500000
2021-11-26 08:30:35.480000,9.15735,9.15334,1000000,1500000
2021-11-26 08:30:35.530000,9.15735,9.15334,1000000,1500000
2021-11-26 08:30:35.681000,9.15735,9.15385,1000000,1500000
2021-11-26 08:30:35.882000,9.15735,9.15366,1000000,1500000
2021-11-26 08:30:35.933000,9.15735,9.15366,1000000,1500000
2021-11-26 08:30:36.311000,9.15735,9.15371,1000000,1500000
2021-11-26 08:30:36.512000,9.15735,9.15371,1000000,1000000
2021-11-26 08:30:36.563000,9.15735,9.15364,1000000,1000000
2021-11-26 08:30:36.921000,9.15735,9.15364,1000000,1370000
2021-11-26 08:30:37.072000,9.15735,9.15364,1000000,1000000
2021-11-26 08:30:37.200000,9.15735,9.15359,1000000,1000000
2021-11-26 08:30:37.447000,9.15735,9.15461,1000000,1000000
2021-11-26 08:30:39.616000,9.15735,9.15461,1250000,1250000
2021-11-26 08:30:39.716000,9.15681,9.15369,1000000,1500000
2021-11-26 08:30:39.767000,9.15681,9.15363,1000000,1000000
2021-11-26 08:30:39.993000,9.15681,9.15301,1000000,1000000
2021-11-26 08:30:40.291000,9.15681,9.15306,1000000,1000000
2021-11-26 08:30:40.492000,9.15681,9.15389,1000000,1000000
2021-11-26 08:30:41.904000,9.15681,9.15389,1250000,1250000
2021-11-26 08:30:41.961000,9.15681,9.15384,1250000,1250000
2021-11-26 08:30:42.062000,9.15681,9.15323,1250000,1000000
2021-11-26 08:30:42.165000,9.15681,9.15279,1250000,1250000
2021-11-26 08:30:42.582000,9.1568,9.15311,1000000,1000000
2021-11-26 08:30:42.754000,9.15681,9.15414,1000000,1000000
2021-11-26 08:30:44.312000,9.15722,9.15414,1000000,1000000
2021-11-26 08:30:44.413000,9.15722,9.15368,1000000,1000000
2021-11-26 08:30:44.514000,9.15722,9.15338,1000000,1000000
2021-11-26 08:30:44.566000,9.15722,9.15351,1000000,1000000
2021-11-26 08:30:44.617000,9.15722,9.1533,1250000,1250000
2021-11-26 08:30:44.668000,9.15663,9.15319,1000000,1000000
2021-11-26 08:30:44.819000,9.15663,9.15329,1250000,1250000
2021-11-26 08:30:44.869000,9.15663,9.15342,1000000,1000000
2021-11-26 08:30:44.920000,9.15663,9.15298,1250000,1250000
2021-11-26 08:30:44.983000,9.15663,9.15328,1000000,1000000
2021-11-26 08:30:45.034000,9.15662,9.153,1000000,1000000
2021-11-26 08:30:45.235000,9.15663,9.15259,1000000,1000000
2021-11-26 08:30:45.285000,9.15663,9.15273,1000000,1000000
2021-11-26 08:30:45.529000,9.15663,9.15282,1000000,1000000
2021-11-26 08:30:45.630000,9.15663,9.1537,1000000,1000000
2021-11-26 08:30:45.731000,9.15663,9.15363,1000000,1000000
2021-11-26 08:30:45.782000,9.15662,9.15292,1000000,2750000
2021-11-26 08:30:45.833000,9.15663,9.15291,1000000,2250000
2021-11-26 08:30:46.518000,9.15663,9.15299,1000000,1000000
2021-11-26 08:30:46.920000,9.15663,9.15323,1000000,1000000
2021-11-26 08:30:47.040000,9.1571,9.15307,1000000,1000000
2021-11-26 08:30:47.091000,9.1571,9.15307,1250000,1250000
2021-11-26 08:30:47.141000,9.15709,9.15293,1250000,1250000
2021-11-26 08:30:47.191000,9.15645,9.15282,1000000,2250000
2021-11-26 08:30:47.292000,9.15644,9.15264,1000000,1000000
2021-11-26 08:30:47.393000,9.15645,9.15266,1000000,1000000
2021-11-26 08:30:47.494000,9.15645,9.1525,1250000,1250000
2021-11-26 08:30:47.544000,9.15645,9.1525,1250000,1250000
2021-11-26 08:30:47.645000,9.15645,9.15266,1250000,1250000
2021-11-26 08:30:47.746000,9.15645,9.15242,1250000,1250000
2021-11-26 08:30:47.846000,9.15645,9.15223,1250000,1250000
2021-11-26 08:30:47.897000,9.15634,9.15243,1000000,1000000
2021-11-26 08:30:47.998000,9.15635,9.1525,1000000,1000000
2021-11-26 08:30:48.373000,9.15635,9.15242,1000000,1000000
2021-11-26 08:30:49.144000,9.15635,9.1525,1000000,1000000
2021-11-26 08:30:49.219000,9.15645,9.1525,1250000,1250000
2021-11-26 08:30:49.533000,9.15645,9.15258,1250000,1250000
2021-11-26 08:30:49.634000,9.15645,9.15253,1250000,1250000
2021-11-26 08:30:49.735000,9.15644,9.15259,1250000,1250000
2021-11-26 08:30:49.835000,9.15645,9.15253,1250000,1250000
2021-11-26 08:30:49.936000,9.15645,9.15258,1250000,1250000
2021-11-26 08:30:49.987000,9.15645,9.15236,1250000,1250000
2021-11-26 08:30:50.038000,9.15645,9.1525,1250000,1250000
2021-11-26 08:30:50.292000,9.15645,9.15258,1250000,1250000
2021-11-26 08:30:50.443000,9.15645,9.15282,1250000,1250000
2021-11-26 08:30:50.593000,9.15645,9.15291,1250000,1250000
2021-11-26 08:30:51.166000,9.15645,9.15282,1250000,1250000
2021-11-26 08:30:51.460000,9.15645,9.15273,1250000,1250000
2021-11-26 08:30:51.520000,9.15645,9.15252,1250000,1250000
2021-11-26 08:30:51.570000,9.15645,9.15266,1250000,1250000
2021-11-26 08:30:52.010000,9.15645,9.15274,1250000,1250000
2021-11-26 08:30:52.158000,9.15645,9.15282,1250000,1250000
2021-11-26 08:30:52.208000,9.15645,9.1525,1250000,1250000
2021-11-26 08:30:52.259000,9.15644,9.15226,1250000,1250000
2021-11-26 08:30:52.359000,9.15588,9.15243,1000000,1000000
2021-11-26 08:30:52.460000,9.15588,9.1525,1000000,1000000
2021-11-26 08:30:52.761000,9.15588,9.15266,1000000,1000000
2021-11-26 08:30:52.912000,9.15588,9.1525,1000000,1000000
2021-11-26 08:30:52.964000,9.15588,9.1523,1000000,1500000
2021-11-26 08:30:53.117000,9.15588,9.1525,1000000,1000000
2021-11-26 08:30:53.168000,9.15588,9.15242,1000000,1000000
2021-11-26 08:30:53.269000,9.15587,9.15234,1000000,1000000
2021-11-26 08:30:53.319000,9.15588,9.15242,1000000,1000000
2021-11-26 08:30:53.503000,9.15588,9.15252,1000000,1000000
2021-11-26 08:30:53.914000,9.15588,9.15259,1000000,1000000
2021-11-26 08:30:54.015000,9.15588,9.15273,1000000,1000000
2021-11-26 08:30:54.116000,9.15588,9.15292,1000000,1000000
2021-11-26 08:30:54.166000,9.15588,9.15263,1000000,1000000
2021-11-26 08:30:54.267000,9.15639,9.15276,1000000,1000000
2021-11-26 08:30:54.675000,9.15639,9.15292,1000000,1000000
2021-11-26 08:30:54.776000,9.15677,9.15399,1370000,2440000
2021-11-26 08:30:54.894000,9.15728,9.15416,1500000,1500000
2021-11-26 08:30:55.145000,9.15728,9.15454,1500000,1000000
2021-11-26 08:30:55.195000,9.15777,9.15454,1750000,1750000
2021-11-26 08:30:55.346000,9.15782,9.15461,1500000,1500000
2021-11-26 08:30:55.912000,9.15782,9.15452,1500000,1000000
2021-11-26 08:30:55.963000,9.1572,9.15436,1000000,1000000
2021-11-26 08:30:56.063000,9.1572,9.15386,1500000,1000000
2021-11-26 08:30:56.114000,9.15719,9.15398,1500000,1000000
2021-11-26 08:30:56.346000,9.1571,9.15376,1500000,1000000
2021-11-26 08:30:56.396000,9.15706,9.15373,1500000,1000000
2021-11-26 08:30:56.447000,9.15689,9.15359,1500000,1000000
2021-11-26 08:30:56.547000,9.15668,9.15331,1000000,1000000
2021-11-26 08:30:56.648000,9.15667,9.15315,1000000,1000000
2021-11-26 08:30:56.699000,9.15675,9.15321,1000000,1000000
2021-11-26 08:30:56.854000,9.15659,9.15305,1000000,1000000
2021-11-26 08:30:57.325000,9.15659,9.15305,1500000,1500000
2021-11-26 08:30:57.583000,9.15652,9.15279,2750000,1500000
2021-11-26 08:30:57.634000,9.15663,9.15295,1500000,1500000
2021-11-26 08:30:57.835000,9.15663,9.15303,1500000,1500000
2021-11-26 08:30:58.036000,9.15663,9.15313,1500000,1500000
2021-11-26 08:30:58.237000,9.15662,9.15314,1500000,1500000
2021-11-26 08:30:58.397000,9.15665,9.15313,1500000,1500000
2021-11-26 08:30:58.598000,9.15665,9.15311,1500000,1500000
2021-11-26 08:30:58.699000,9.15665,9.15337,1000000,1500000
2021-11-26 08:30:59.008000,9.15692,9.15349,3000000,1750000
2021-11-26 08:30:59.109000,9.15675,9.15341,1500000,1500000
2021-11-26 08:30:59.270000,9.15653,9.15317,1500000,1500000
2021-11-26 08:30:59.422000,9.15653,9.15317,1500000,1500000
2021-11-26 08:30:59.632000,9.15653,9.15317,1500000,1500000
2021-11-26 08:30:59.733000,9.15661,9.15332,1500000,1500000
2021-11-26 08:30:59.887000,9.15661,9.15332,1500000,1500000
2021-11-26 08:31:00.230000,9.15661,9.15332,1500000,1500000
2021-11-26 08:31:00.691000,9.15677,9.15349,1500000,1500000
2021-11-26 08:31:00.792000,9.15686,9.15358,1500000,1500000
2021-11-26 08:31:00.982000,9.15693,9.15365,1500000,1500000
2021-11-26 08:31:01.205000,9.15693,9.15365,1500000,1500000
2021-11-26 08:31:01.456000,9.157,9.15357,1500000,1500000
2021-11-26 08:31:01.557000,9.15712,9.15323,1750000,1750000
2021-11-26 08:31:01.607000,9.15703,9.15322,1750000,1750000
2021-11-26 08:31:01.658000,9.15703,9.15317,1750000,1750000
2021-11-26 08:31:01.783000,9.15703,9.15317,1750000,1750000
2021-11-26 08:31:02.021000,9.15703,9.15317,1750000,1750000
2021-11-26 08:31:02.385000,9.15671,9.15301,1500000,1500000
2021-11-26 08:31:02.485000,9.1567,9.15295,1500000,1500000
2021-11-26 08:31:02.586000,9.15671,9.15293,1750000,1750000
2021-11-26 08:31:02.636000,9.15671,9.15285,1750000,1750000
2021-11-26 08:31:02.737000,9.15671,9.15285,1750000,1750000
2021-11-26 08:31:03.845000,9.15658,9.15285,1500000,2750000
2021-11-26 08:31:04.046000,9.15658,9.15285,1500000,1500000
2021-11-26 08:31:04.198000,9.15658,9.15285,1750000,1750000
2021-11-26 08:31:04.349000,9.15658,9.15285,1750000,1750000
2021-11-26 08:31:04.550000,9.15658,9.15317,1500000,1500000
2021-11-26 08:31:04.811000,9.15658,9.15309,1500000,1500000
2021-11-26 08:31:05.123000,9.15658,9.15317,1500000,1500000
2021-11-26 08:31:05.369000,9.15658,9.15317,1500000,1500000
2021-11-26 08:31:05.608000,9.15658,9.15317,1500000,1500000
2021-11-26 08:31:05.886000,9.15656,9.15275,2750000,1500000
2021-11-26 08:31:06.173000,9.15647,9.15293,1750000,1750000
2021-11-26 08:31:06.412000,9.15654,9.15309,1750000,1750000
2021-11-26 08:31:06.519000,9.15654,9.15309,1750000,1750000
2021-11-26 08:31:07.396000,9.15647,9.15301,1750000,1750000
2021-11-26 08:31:07.839000,9.15638,9.15309,1750000,1750000
2021-11-26 08:31:08.021000,9.15638,9.15309,1750000,1750000
2021-11-26 08:31:08.419000,9.15638,9.15309,1750000,1750000
2021-11-26 08:31:08.620000,9.15638,9.15283,1750000,1750000
2021-11-26 08:31:08.814000,9.15638,9.15283,1750000,1750000
2021-11-26 08:31:09.633000,9.15634,9.15281,1750000,1750000
2021-11-26 08:31:09.935000,9.15635,9.1528,1750000,1750000
2021-11-26 08:31:10.841000,9.15636,9.1528,1750000,3000000
2021-11-26 08:31:11.052000,9.15638,9.1528,1750000,1750000
2021-11-26 08:31:11.203000,9.15637,9.15289,1750000,1750000
