time,ask,bid,ask_volume,bid_volume
2017-04-28 07:25:01.081000,8.83155,8.83034,1750000,1000000
2017-04-28 07:25:01.707000,8.83168,8.83047,1000000,1000000
2017-04-28 07:25:01.822000,8.83181,8.83062,1500000,1000000
2017-04-28 07:25:02.270000,8.83181,8.83074,1000000,1000000
2017-04-28 07:25:02.921000,8.83195,8.83074,1000000,1000000
2017-04-28 07:25:06.066000,8.83193,8.83074,1000000,1000000
2017-04-28 07:25:07.181000,8.83197,8.83076,1120000,1000000
2017-04-28 07:25:07.442000,8.83197,8.83076,1370000,1000000
2017-04-28 07:25:07.913000,8.83202,8.83081,1370000,1000000
2017-04-28 07:25:10.187000,8.83198,8.83078,1370000,1000000
2017-04-28 07:25:10.461000,8.83195,8.83074,1370000,1000000
2017-04-28 07:25:11.657000,8.83198,8.83078,1750000,1000000
2017-04-28 07:25:12.432000,8.83198,8.83078,1000000,1000000
2017-04-28 07:25:13.520000,8.83197,8.83076,1000000,1000000
2017-04-28 07:25:14.059000,8.83197,8.83076,1500000,1000000
2017-04-28 07:25:14.668000,8.83197,8.83076,1750000,1000000
2017-04-28 07:25:16.235000,8.83197,8.83076,1000000,1000000
2017-04-28 07:25:17.201000,8.83193,8.83073,1000000,1000000
2017-04-28 07:25:18.117000,8.83198,8.83078,1370000,1000000
2017-04-28 07:25:18.708000,8.83195,8.83074,1000000,1000000
2017-04-28 07:25:18.964000,8.83195,8.83074,1370000,1000000
2017-04-28 07:25:19.966000,8.83197,8.83077,1750000,1000000
2017-04-28 07:25:20.017000,8.83196,8.83075,1500000,1000000
2017-04-28 07:25:20.119000,8.83196,8.83075,1000000,1000000
2017-04-28 07:25:21.006000,8.83195,8.83075,1000000,1000000
2017-04-28 07:25:22,8.83195,8.83077,1000000,1000000
2017-04-28 07:25:23.109000,8.83207,8.83086,1000000,1000000
2017-04-28 07:25:24.080000,8.8321,8.8309,1000000,1000000
2017-04-28 07:25:26.607000,8.83207,8.83086,1000000,1000000
2017-04-28 07:25:32.352000,8.83209,8.83089,1000000,1000000
2017-04-28 07:25:33.033000,8.8321,8.83089,1350000,1000000
2017-04-28 07:25:33.722000,8.83224,8.83103,1000000,1000000
2017-04-28 07:25:34.072000,8.83217,8.83096,1000000,1000000
2017-04-28 07:25:34.394000,8.83204,8.83083,1000000,1000000
2017-04-28 07:25:35.170000,8.83201,8.83081,1000000,1000000
2017-04-28 07:25:36.182000,8.83206,8.83084,1000000,1000000
2017-04-28 07:25:37.149000,8.83203,8.83082,1000000,1000000
2017-04-28 07:25:41.115000,8.83198,8.83077,1000000,1000000
2017-04-28 07:25:41.452000,8.83204,8.83083,1000000,1000000
2017-04-28 07:25:42.353000,8.83202,8.83081,1000000,1000000
2017-04-28 07:25:42.445000,8.83195,8.83073,1000000,1000000
2017-04-28 07:25:42.496000,8.832,8.83078,1000000,1000000
2017-04-28 07:25:43.924000,8.83204,8.83083,1000000,1000000
2017-04-28 07:25:44.925000,8.83204,8.83085,1000000,1000000
2017-04-28 07:25:47.260000,8.83202,8.83081,1000000,1000000
2017-04-28 07:25:51.156000,8.83205,8.83084,1000000,1000000
2017-04-28 07:25:56.666000,8.83206,8.83085,1000000,1000000
2017-04-28 07:25:57.668000,8.83205,8.83084,1000000,1000000
2017-04-28 07:25:59.236000,8.83199,8.83078,1000000,1000000
2017-04-28 07:25:59.617000,8.83206,8.83085,1000000,1000000
2017-04-28 07:26:02.332000,8.8321,8.83089,1000000,1000000
2017-04-28 07:26:03.019000,8.83209,8.83089,1000000,1000000
2017-04-28 07:26:03.070000,8.83204,8.83083,1000000,1000000
2017-04-28 07:26:03.944000,8.83227,8.83085,1600000,1000000
2017-04-28 07:26:03.995000,8.8323,8.83122,1000000,1000000
2017-04-28 07:26:04.147000,8.83257,8.83142,1000000,1000000
2017-04-28 07:26:04.299000,8.8327,8.83168,1000000,1000000
2017-04-28 07:26:04.551000,8.83299,8.83178,1000000,1000000
2017-04-28 07:26:04.976000,8.83308,8.83187,1000000,1000000
2017-04-28 07:26:05.502000,8.83286,8.83166,1000000,1000000
2017-04-28 07:26:05.755000,8.83266,8.83145,1000000,1000000
2017-04-28 07:26:05.805000,8.83266,8.83145,1600000,1000000
2017-04-28 07:26:06.142000,8.83266,8.83145,1000000,1000000
2017-04-28 07:26:06.192000,8.83255,8.83135,1000000,1000000
2017-04-28 07:26:06.729000,8.83261,8.83143,1000000,1000000
2017-04-28 07:26:08.458000,8.83257,8.83138,1000000,1000000
2017-04-28 07:26:09.545000,8.83267,8.83146,1000000,1000000
2017-04-28 07:26:10.323000,8.83267,8.83146,1600000,1000000
2017-04-28 07:26:11.261000,8.83255,8.83135,1000000,1000000
2017-04-28 07:26:11.312000,8.83251,8.8313,1600000,1000000
2017-04-28 07:26:11.363000,8.83242,8.83122,1000000,1000000
2017-04-28 07:26:11.414000,8.83242,8.83122,1600000,1000000
2017-04-28 07:26:11.788000,8.83254,8.83133,1600000,1000000
2017-04-28 07:26:11.889000,8.83254,8.83133,1600000,1000000
2017-04-28 07:26:12.270000,8.83247,8.83126,1350000,1000000
2017-04-28 07:26:12.321000,8.83242,8.83121,1000000,1000000
2017-04-28 07:26:12.759000,8.83262,8.8314,1000000,1000000
2017-04-28 07:26:12.810000,8.83276,8.83154,1000000,1000000
2017-04-28 07:26:13.114000,8.83311,8.83197,1000000,1000000
2017-04-28 07:26:13.266000,8.83322,8.832,1000000,1000000
2017-04-28 07:26:15.417000,8.83332,8.8321,1000000,1000000
2017-04-28 07:26:15.797000,8.83311,8.8319,1600000,1000000
2017-04-28 07:26:15.847000,8.83301,8.83179,1600000,1000000
2017-04-28 07:26:15.949000,8.83301,8.83179,1600000,1000000
2017-04-28 07:26:15.999000,8.83287,8.83166,1600000,1000000
2017-04-28 07:26:16.050000,8.83287,8.83166,1600000,1000000
2017-04-28 07:26:16.101000,8.83278,8.83156,1000000,1000000
2017-04-28 07:26:17.371000,8.83272,8.83151,1000000,1000000
2017-04-28 07:26:18.565000,8.83283,8.83161,1000000,1000000
2017-04-28 07:26:18.819000,8.83236,8.83127,1600000,1000000
2017-04-28 07:26:19.169000,8.83209,8.83089,2100000,1000000
2017-04-28 07:26:19.219000,8.83196,8.83074,1600000,1000000
2017-04-28 07:26:19.374000,8.83196,8.83072,1600000,1000000
2017-04-28 07:26:19.577000,8.83196,8.83072,1000000,1000000
2017-04-28 07:26:19.815000,8.83185,8.83064,1000000,1000000
2017-04-28 07:26:21.172000,8.83194,8.83073,1000000,1000000
2017-04-28 07:26:21.831000,8.83188,8.83067,1000000,1000000
2017-04-28 07:26:22.205000,8.83184,8.83062,1000000,1000000
2017-04-28 07:26:23.265000,8.83211,8.8311,1000000,1410000
2017-04-28 07:26:23.316000,8.83227,8.83149,1000000,1000000
2017-04-28 07:26:23.367000,8.83231,8.83171,1000000,1000000
2017-04-28 07:26:23.418000,8.833,8.83193,1000000,1000000
2017-04-28 07:26:23.469000,8.833,8.83219,1000000,1000000
2017-04-28 07:26:23.520000,8.83321,8.83219,1000000,1000000
2017-04-28 07:26:23.572000,8.83332,8.83219,1000000,1000000
2017-04-28 07:26:23.623000,8.83341,8.83228,1500000,1000000
2017-04-28 07:26:23.826000,8.83364,8.83243,1000000,1000000
2017-04-28 07:26:25.120000,8.83354,8.83233,1000000,1000000
2017-04-28 07:26:25.451000,8.83345,8.83224,1000000,1000000
2017-04-28 07:26:26.088000,8.8335,8.83228,1000000,1000000
2017-04-28 07:26:26.503000,8.83318,8.83198,1600000,1000000
2017-04-28 07:26:26.605000,8.83298,8.83177,1600000,1000000
2017-04-28 07:26:26.656000,8.83298,8.83177,1600000,1000000
2017-04-28 07:26:26.879000,8.83286,8.83164,1600000,1000000
2017-04-28 07:26:26.930000,8.83286,8.83164,1600000,1000000
2017-04-28 07:26:27.032000,8.83268,8.83146,1000000,1000000
2017-04-28 07:26:27.082000,8.83266,8.83146,2100000,1000000
2017-04-28 07:26:27.133000,8.83268,8.83146,1600000,1000000
2017-04-28 07:26:27.184000,8.83246,8.83127,1000000,1000000
2017-04-28 07:26:27.285000,8.83225,8.83103,1000000,1000000
2017-04-28 07:26:27.643000,8.83215,8.83094,1000000,1000000
2017-04-28 07:26:27.795000,8.83202,8.8308,1000000,1000000
2017-04-28 07:26:27.932000,8.83191,8.83069,1000000,1000000
2017-04-28 07:26:28.243000,8.8318,8.83059,1000000,1000000
2017-04-28 07:26:28.745000,8.83179,8.83059,1000000,1000000
2017-04-28 07:26:28.795000,8.83171,8.83049,1000000,1000000
2017-04-28 07:26:29.164000,8.83165,8.83044,1000000,1000000
2017-04-28 07:26:29.215000,8.8317,8.83048,1000000,1000000
2017-04-28 07:26:31.546000,8.8316,8.83038,1000000,1000000
2017-04-28 07:26:32.565000,8.83157,8.83035,1000000,1000000
2017-04-28 07:26:34.747000,8.83189,8.83058,1000000,1050000
2017-04-28 07:26:34.798000,8.83189,8.83087,1000000,1000000
2017-04-28 07:26:34.950000,8.83207,8.831,1000000,1000000
2017-04-28 07:26:35.001000,8.83207,8.83122,1000000,1000000
2017-04-28 07:26:35.103000,8.83255,8.83134,1000000,1000000
2017-04-28 07:26:37.873000,8.8326,8.83145,1000000,1000000
2017-04-28 07:26:37.924000,8.83277,8.83155,1000000,1000000
2017-04-28 07:26:38.228000,8.83267,8.83145,1000000,1000000
2017-04-28 07:26:38.566000,8.83256,8.83134,1000000,1000000
2017-04-28 07:26:38.945000,8.8327,8.83148,1000000,1000000
2017-04-28 07:26:39.267000,8.83291,8.83171,1000000,1000000
2017-04-28 07:26:41.787000,8.83291,8.83172,1000000,1000000
2017-04-28 07:26:44.995000,8.83297,8.83176,1000000,1000000
2017-04-28 07:26:47.332000,8.83297,8.83182,1000000,1000000
2017-04-28 07:26:47.484000,8.83318,8.83196,1000000,1000000
2017-04-28 07:26:47.535000,8.8333,8.83209,1500000,1000000
2017-04-28 07:26:48.413000,8.8333,8.83213,1000000,1000000
2017-04-28 07:26:51.275000,8.8333,8.83214,1000000,1000000
2017-04-28 07:26:56.786000,8.8333,8.83211,1000000,1000000
2017-04-28 07:26:57.835000,8.8333,8.8321,1000000,1000000
2017-04-28 07:26:59.008000,8.83331,8.8321,1000000,1000000
2017-04-28 07:27:02.422000,8.83328,8.83206,1000000,1000000
2017-04-28 07:27:11.404000,8.83334,8.83212,1000000,1000000
2017-04-28 07:27:14.030000,8.83329,8.83207,1000000,1000000
2017-04-28 07:27:14.370000,8.83307,8.83185,1000000,1000000
2017-04-28 07:27:14.695000,8.83312,8.83191,1000000,1000000
2017-04-28 07:27:14.897000,8.83317,8.83169,1000000,1000000
2017-04-28 07:27:15.214000,8.83319,8.83198,1000000,1000000
2017-04-28 07:27:15.520000,8.83333,8.83214,1000000,1000000
2017-04-28 07:27:15.723000,8.83318,8.83169,1000000,1000000
2017-04-28 07:27:15.773000,8.83315,8.83184,1000000,1000000
2017-04-28 07:27:16.242000,8.83332,8.83211,1000000,1000000
2017-04-28 07:27:17.036000,8.83341,8.8322,1000000,1000000
2017-04-28 07:27:18.057000,8.83331,8.8321,1000000,1000000
2017-04-28 07:27:18.382000,8.83341,8.8322,1000000,1000000
2017-04-28 07:27:19.993000,8.83337,8.83216,1000000,1000000
2017-04-28 07:27:23.762000,8.83342,8.83221,1000000,1000000
2017-04-28 07:27:26.961000,8.8334,8.83218,1000000,1000000
2017-04-28 07:27:28.012000,8.83331,8.83196,1000000,1000000
2017-04-28 07:27:28.366000,8.83334,8.83213,1000000,1000000
2017-04-28 07:27:28.841000,8.83324,8.83202,1000000,1000000
2017-04-28 07:27:29.353000,8.83312,8.83191,1000000,1000000
2017-04-28 07:27:29.765000,8.83336,8.83215,1000000,1000000
2017-04-28 07:27:30.069000,8.83344,8.83223,1000000,1000000
2017-04-28 07:27:30.833000,8.83345,8.83224,1000000,1000000
2017-04-28 07:27:32.491000,8.83339,8.83217,1000000,1000000
2017-04-28 07:27:32.813000,8.83344,8.83223,1000000,1000000
2017-04-28 07:27:33.888000,8.83349,8.83228,1000000,1000000
2017-04-28 07:27:34.993000,8.83342,8.83221,1000000,1000000
2017-04-28 07:27:35.296000,8.83306,8.83185,1000000,1000000
2017-04-28 07:27:35.697000,8.83277,8.83156,1000000,1000000
2017-04-28 07:27:36.002000,8.83289,8.83169,1000000,1000000
2017-04-28 07:27:38.279000,8.83293,8.83175,1000000,1000000
2017-04-28 07:27:39.813000,8.83299,8.83178,1000000,1000000
2017-04-28 07:27:39.920000,8.83293,8.83174,1000000,1000000
2017-04-28 07:27:40.966000,8.83276,8.83155,1000000,1000000
2017-04-28 07:27:41.017000,8.83285,8.83164,1000000,1000000
2017-04-28 07:27:41.617000,8.83298,8.83179,1000000,1000000
2017-04-28 07:27:41.668000,8.83311,8.8319,1000000,1000000
2017-04-28 07:27:41.912000,8.83303,8.83183,1000000,1000000
2017-04-28 07:27:42.014000,8.83295,8.83174,1000000,1000000
2017-04-28 07:27:43.930000,8.83284,8.83163,1000000,1000000
2017-04-28 07:27:44.295000,8.83254,8.83133,1000000,1000000
2017-04-28 07:27:44.968000,8.83262,8.83141,1000000,1000000
2017-04-28 07:27:45.296000,8.83257,8.83136,1000000,1000000
2017-04-28 07:27:45.754000,8.83262,8.83141,1000000,1000000
2017-04-28 07:27:46.500000,8.83266,8.83145,1000000,1000000
2017-04-28 07:27:47.499000,8.83267,8.83146,1000000,1000000
2017-04-28 07:27:51.396000,8.83266,8.83145,1000000,1000000
2017-04-28 07:27:53.972000,8.83283,8.83165,1000000,1000000
2017-04-28 07:27:54.022000,8.83295,8.83174,1000000,1000000
2017-04-28 07:27:54.124000,8.83316,8.8321,1000000,1000000
2017-04-28 07:27:54.225000,8.83341,8.8322,1000000,1000000
2017-04-28 07:27:55.053000,8.83353,8.83232,1000000,1000000
2017-04-28 07:27:55.356000,8.83366,8.83245,1000000,1000000
2017-04-28 07:27:55.893000,8.83375,8.83254,1000000,1000000
2017-04-28 07:27:56.905000,8.83376,8.83255,1000000,1000000
2017-04-28 07:27:57.244000,8.83358,8.83237,1000000,1000000
2017-04-28 07:27:57.686000,8.83368,8.83247,1000000,1000000
2017-04-28 07:28:01.312000,8.83358,8.83237,1000000,1000000
2017-04-28 07:28:01.932000,8.83354,8.83233,1000000,1000000
2017-04-28 07:28:02.933000,8.83352,8.83234,1000000,1000000
2017-04-28 07:28:05.458000,8.8335,8.8323,1000000,1000000
2017-04-28 07:28:05.509000,8.83337,8.83217,1000000,1000000
2017-04-28 07:28:05.784000,8.83348,8.83227,1000000,1000000
2017-04-28 07:28:05.886000,8.83346,8.83226,1000000,1000000
2017-04-28 07:28:06.716000,8.83351,8.83231,1000000,1000000
2017-04-28 07:28:10.707000,8.83346,8.83226,1000000,1000000
2017-04-28 07:28:11.051000,8.83339,8.83219,1000000,1000000
2017-04-28 07:28:11.362000,8.83333,8.83213,1000000,1000000
2017-04-28 07:28:11.985000,8.8334,8.8322,1000000,1000000
2017-04-28 07:28:16.737000,8.83341,8.8322,1000000,1000000
2017-04-28 07:28:17.223000,8.83337,8.83216,1000000,1000000
2017-04-28 07:28:19.541000,8.83326,8.83208,1000000,1000000
2017-04-28 07:28:19.592000,8.83326,8.83206,1000000,1000000
2017-04-28 07:28:19.693000,8.83326,8.83208,1000000,1000000
2017-04-28 07:28:20.048000,8.83326,8.83206,1000000,1000000
2017-04-28 07:28:20.478000,8.83352,8.83232,1000000,1000000
2017-04-28 07:28:20.681000,8.83363,8.83242,1000000,1000000
2017-04-28 07:28:21.442000,8.83357,8.83239,1000000,1000000
2017-04-28 07:28:22.913000,8.83357,8.83239,1600000,1000000
2017-04-28 07:28:22.964000,8.83337,8.83216,1000000,1000000
2017-04-28 07:28:23.015000,8.83337,8.83216,1600000,1000000
2017-04-28 07:28:23.117000,8.83326,8.83205,1000000,1000000
2017-04-28 07:28:25.384000,8.83323,8.8319,1000000,1000000
2017-04-28 07:28:25.435000,8.83307,8.83186,1000000,1000000
2017-04-28 07:28:25.741000,8.83295,8.83174,1000000,1000000
2017-04-28 07:28:27.015000,8.83301,8.8318,1000000,1000000
2017-04-28 07:28:27.967000,8.83297,8.83177,1000000,1000000
2017-04-28 07:28:29.010000,8.83264,8.83145,1600000,1000000
2017-04-28 07:28:29.112000,8.83217,8.83096,1000000,1000000
2017-04-28 07:28:29.162000,8.83203,8.83093,1000000,1000000
2017-04-28 07:28:29.366000,8.83194,8.83073,1000000,1500000
2017-04-28 07:28:29.981000,8.8318,8.83059,1000000,1000000
2017-04-28 07:28:31.256000,8.83174,8.83055,1000000,1000000
2017-04-28 07:28:31.680000,8.83158,8.83054,1000000,1000000
2017-04-28 07:28:31.755000,8.83149,8.8304,1000000,1000000
2017-04-28 07:28:31.806000,8.83149,8.83028,1000000,1000000
2017-04-28 07:28:31.856000,8.83137,8.83019,1000000,1000000
2017-04-28 07:28:32.782000,8.83134,8.83017,1000000,1000000
2017-04-28 07:28:33.086000,8.83134,8.83022,1000000,1000000
2017-04-28 07:28:33.431000,8.83134,8.83027,1000000,1000000
2017-04-28 07:28:33.551000,8.83134,8.83024,1000000,1000000
2017-04-28 07:28:33.881000,8.83134,8.83019,1000000,1000000
2017-04-28 07:28:34.407000,8.83139,8.8302,1000000,1500000
2017-04-28 07:28:34.459000,8.8315,8.83032,1000000,1000000
2017-04-28 07:28:34.762000,8.8315,8.83046,1000000,1000000
2017-04-28 07:28:35.030000,8.83145,8.83034,1000000,1000000
2017-04-28 07:28:35.251000,8.83145,8.83024,1000000,1000000
2017-04-28 07:28:35.459000,8.83134,8.83013,1000000,1500000
2017-04-28 07:28:35.896000,8.83134,8.83025,1000000,1000000
2017-04-28 07:28:36.431000,8.83134,8.83028,1000000,1000000
2017-04-28 07:28:36.533000,8.83136,8.83028,1000000,1000000
2017-04-28 07:28:36.776000,8.83136,8.83026,1000000,1000000
2017-04-28 07:28:37.281000,8.83136,8.83025,1000000,1000000
2017-04-28 07:28:37.492000,8.83136,8.83027,1000000,1000000
2017-04-28 07:28:38.389000,8.83136,8.83025,1000000,1000000
2017-04-28 07:28:39.611000,8.83131,8.83025,1000000,1000000
2017-04-28 07:28:39.812000,8.83131,8.83015,1000000,1000000
2017-04-28 07:28:40.041000,8.83131,8.83023,1000000,1000000
2017-04-28 07:28:40.261000,8.83131,8.8302,1000000,1000000
2017-04-28 07:28:41.730000,8.83136,8.83025,1000000,1000000
2017-04-28 07:28:42.723000,8.83137,8.83025,1000000,1000000
2017-04-28 07:28:43.036000,8.83137,8.83017,1000000,1000000
2017-04-28 07:28:43.669000,8.83137,8.83026,1000000,1000000
2017-04-28 07:28:43.931000,8.83137,8.8302,1000000,1000000
2017-04-28 07:28:44.429000,8.83132,8.83021,1000000,1000000
2017-04-28 07:28:44.749000,8.83132,8.83026,1000000,1000000
2017-04-28 07:28:45.320000,8.83132,8.83024,1000000,1000000
2017-04-28 07:28:45.848000,8.8314,8.83025,1000000,1000000
2017-04-28 07:28:45.899000,8.83168,8.83048,1000000,1000000
2017-04-28 07:28:46.325000,8.83178,8.83058,1000000,1000000
2017-04-28 07:28:46.630000,8.83197,8.83077,1000000,1000000
2017-04-28 07:28:46.950000,8.83214,8.83094,1000000,1000000
2017-04-28 07:28:47.480000,8.83208,8.83087,1000000,1000000
2017-04-28 07:28:47.531000,8.83208,8.83092,1000000,1000000
2017-04-28 07:28:47.582000,8.83223,8.83103,1000000,1000000
2017-04-28 07:28:47.886000,8.8323,8.8311,1000000,1000000
2017-04-28 07:28:48.210000,8.8323,8.83119,1000000,1000000
2017-04-28 07:28:48.312000,8.8321,8.8309,1000000,1000000
2017-04-28 07:28:48.413000,8.832,8.8308,1000000,1000000
2017-04-28 07:28:51.513000,8.83202,8.83082,1000000,1000000
2017-04-28 07:28:54.617000,8.83204,8.83085,1000000,1000000
2017-04-28 07:28:56.027000,8.83215,8.83095,1000000,1000000
2017-04-28 07:28:56.078000,8.8323,8.83108,1000000,1000000
2017-04-28 07:28:57.138000,8.83238,8.83113,1000000,1000000
2017-04-28 07:28:58.035000,8.83237,8.83112,1000000,1000000
2017-04-28 07:28:59.730000,8.83232,8.83107,1000000,1000000
2017-04-28 07:29:00.413000,8.83203,8.83083,1000000,1000000
2017-04-28 07:29:00.515000,8.83225,8.83098,1000000,1000000
2017-04-28 07:29:00.616000,8.83231,8.8311,1000000,1000000
2017-04-28 07:29:01.822000,8.83231,8.83117,1000000,1000000
2017-04-28 07:29:01.924000,8.83235,8.83117,1000000,1000000
2017-04-28 07:29:02.161000,8.83235,8.83115,1000000,1000000
2017-04-28 07:29:02.930000,8.83238,8.83117,1000000,1000000
2017-04-28 07:29:03.178000,8.83252,8.83132,1000000,1000000
2017-04-28 07:29:03.537000,8.83308,8.83188,1500000,1000000
2017-04-28 07:29:03.942000,8.8332,8.832,1000000,1000000
2017-04-28 07:29:04.546000,8.83329,8.83208,1000000,1000000
2017-04-28 07:29:05.444000,8.83332,8.83212,1000000,1000000
2017-04-28 07:29:06.588000,8.83333,8.83213,1000000,1000000
2017-04-28 07:29:07.579000,8.83329,8.83208,1000000,1000000
2017-04-28 07:29:07.962000,8.83308,8.83188,1000000,1000000
2017-04-28 07:29:08.064000,8.83299,8.83178,1000000,1000000
2017-04-28 07:29:09.266000,8.83293,8.83172,1000000,1000000
2017-04-28 07:29:09.630000,8.83287,8.83171,1000000,1000000
2017-04-28 07:29:09.959000,8.83287,8.83169,1000000,1500000
2017-04-28 07:29:10.638000,8.83287,8.83171,1000000,1000000
2017-04-28 07:29:10.689000,8.83292,8.83172,1000000,1000000
2017-04-28 07:29:10.790000,8.83298,8.83178,1000000,1000000
2017-04-28 07:29:10.841000,8.83313,8.83192,1000000,1000000
2017-04-28 07:29:11.773000,8.83307,8.83189,1000000,1000000
2017-04-28 07:29:12.065000,8.83313,8.83193,1000000,1000000
2017-04-28 07:29:12.236000,8.83307,8.83189,1000000,1000000
2017-04-28 07:29:12.970000,8.83326,8.83205,1000000,1000000
2017-04-28 07:29:13.273000,8.83321,8.83201,1000000,1000000
2017-04-28 07:29:13.824000,8.83316,8.83196,1000000,1000000
2017-04-28 07:29:14.323000,8.83306,8.83186,1000000,1000000
2017-04-28 07:29:15.159000,8.83306,8.83188,1000000,1000000
2017-04-28 07:29:15.479000,8.83306,8.83186,1000000,1000000
2017-04-28 07:29:16.089000,8.83306,8.83185,1000000,1000000
2017-04-28 07:29:16.357000,8.83306,8.83183,1000000,1500000
2017-04-28 07:29:16.408000,8.83302,8.83183,1000000,1000000
2017-04-28 07:29:16.712000,8.83297,8.83176,1000000,1000000
2017-04-28 07:29:16.940000,8.83285,8.83164,1000000,1000000
2017-04-28 07:29:17.259000,8.8327,8.8315,1000000,1000000
2017-04-28 07:29:17.508000,8.83263,8.83142,1000000,1000000
2017-04-28 07:29:17.698000,8.83275,8.83154,1000000,1000000
2017-04-28 07:29:18.019000,8.83278,8.83151,1000000,1000000
2017-04-28 07:29:18.069000,8.83293,8.83172,1000000,1000000
2017-04-28 07:29:18.465000,8.83338,8.83217,1000000,1000000
2017-04-28 07:29:18.803000,8.83323,8.83203,1000000,1000000
2017-04-28 07:29:19.154000,8.83329,8.83208,1000000,1000000
2017-04-28 07:29:19.726000,8.83348,8.83227,1000000,1000000
2017-04-28 07:29:20.071000,8.83343,8.83237,1000000,1000000
2017-04-28 07:29:20.122000,8.83343,8.83222,1000000,1000000
2017-04-28 07:29:21.247000,8.83331,8.83211,1000000,1000000
2017-04-28 07:29:21.399000,8.83336,8.83215,1000000,1000000
2017-04-28 07:29:24.566000,8.83331,8.83211,1000000,1000000
2017-04-28 07:29:25.665000,8.83321,8.832,1000000,1000000
2017-04-28 07:29:25.766000,8.83303,8.83194,1000000,1000000
2017-04-28 07:29:25.817000,8.83293,8.83172,1000000,1000000
2017-04-28 07:29:25.868000,8.83283,8.83162,1000000,1000000
2017-04-28 07:29:26.172000,8.83254,8.83139,1000000,1000000
2017-04-28 07:29:26.476000,8.83244,8.8314,1000000,1000000
2017-04-28 07:29:26.678000,8.83244,8.83135,1000000,1000000
2017-04-28 07:29:27.016000,8.83244,8.83127,1000000,1000000
2017-04-28 07:29:27.441000,8.83237,8.83116,1000000,1000000
2017-04-28 07:29:27.711000,8.83238,8.83118,1000000,1000000
2017-04-28 07:29:29.703000,8.83234,8.83129,1000000,1000000
2017-04-28 07:29:29.754000,8.83244,8.83129,1000000,1000000
2017-04-28 07:29:29.805000,8.83224,8.83129,1000000,1370000
2017-04-28 07:29:29.907000,8.83201,8.83081,1000000,1000000
2017-04-28 07:29:29.958000,8.83177,8.8308,1000000,1000000
2017-04-28 07:29:30.060000,8.83177,8.83072,1000000,1000000
2017-04-28 07:29:30.111000,8.83228,8.83072,1600000,1000000
2017-04-28 07:29:30.162000,8.83214,8.83072,1000000,1000000
2017-04-28 07:29:30.465000,8.83371,8.83226,1000000,1000000
2017-04-28 07:29:30.639000,8.83371,8.83239,1000000,1000000
2017-04-28 07:29:30.870000,8.83371,8.83235,1000000,1000000
2017-04-28 07:29:31.299000,8.83371,8.83228,1000000,1000000
2017-04-28 07:29:35.416000,8.83371,8.8321,1000000,1000000
2017-04-28 07:29:35.518000,8.83371,8.83233,1000000,2100000
2017-04-28 07:29:35.704000,8.83371,8.83252,1000000,1300000
2017-04-28 07:29:35.755000,8.83387,8.83268,1000000,1600000
2017-04-28 07:29:35.864000,8.83438,8.83268,1000000,1600000
2017-04-28 07:29:35.915000,8.83438,8.83268,1000000,1000000
2017-04-28 07:29:35.966000,8.83471,8.83243,1370000,1970000
2017-04-28 07:29:36.067000,8.83444,8.83243,1000000,1970000
2017-04-28 07:29:36.379000,8.83444,8.83264,1000000,1350000
2017-04-28 07:29:36.844000,8.83444,8.83242,1000000,1970000
2017-04-28 07:29:37.013000,8.83444,8.83242,1000000,1000000
2017-04-28 07:29:37.767000,8.83444,8.83219,1000000,1000000
2017-04-28 07:29:37.818000,8.83444,8.83219,1600000,1000000
2017-04-28 07:29:38.122000,8.83412,8.83199,1370000,1000000
2017-04-28 07:29:38.173000,8.83386,8.83176,1000000,1370000
2017-04-28 07:29:38.224000,8.83378,8.83148,1000000,1720000
2017-04-28 07:29:38.275000,8.83309,8.83137,1000000,1350000
2017-04-28 07:29:38.481000,8.83242,8.83015,2100000,1000000
2017-04-28 07:29:38.532000,8.83216,8.83015,2100000,1000000
2017-04-28 07:29:38.820000,8.83174,8.8301,1000000,1000000
2017-04-28 07:29:38.871000,8.83174,8.83052,1000000,1000000
2017-04-28 07:29:38.974000,8.83214,8.83032,1600000,1000000
2017-04-28 07:29:39.025000,8.83214,8.8301,1600000,1000000
2017-04-28 07:29:39.127000,8.83214,8.82987,1600000,1000000
2017-04-28 07:29:39.280000,8.8318,8.82987,1000000,1000000
2017-04-28 07:29:39.582000,8.8318,8.83089,1000000,1000000
2017-04-28 07:29:39.683000,8.83248,8.83113,1000000,1000000
2017-04-28 07:29:39.784000,8.83288,8.83113,1000000,1000000
2017-04-28 07:29:39.886000,8.83317,8.83113,1000000,1000000
2017-04-28 07:29:40.037000,8.83317,8.83088,1000000,1370000
2017-04-28 07:29:40.740000,8.83293,8.83088,1000000,1370000
2017-04-28 07:29:41.088000,8.83273,8.8307,1000000,1350000
2017-04-28 07:29:41.290000,8.83325,8.83112,1000000,1000000
2017-04-28 07:29:43.110000,8.83325,8.83112,1000000,1600000
2017-04-28 07:29:43.362000,8.83442,8.8323,1000000,1000000
2017-04-28 07:29:43.479000,8.83473,8.83259,1350000,1000000
2017-04-28 07:29:43.581000,8.83486,8.83259,1350000,1000000
2017-04-28 07:29:43.783000,8.83502,8.8329,1970000,1000000
2017-04-28 07:29:44.243000,8.83516,8.8329,1970000,1000000
2017-04-28 07:29:44.294000,8.83516,8.8329,1370000,1000000
2017-04-28 07:29:44.396000,8.83526,8.8329,1000000,1000000
2017-04-28 07:29:44.447000,8.83526,8.8333,1000000,1000000
2017-04-28 07:29:44.497000,8.83557,8.83351,1000000,1000000
2017-04-28 07:29:44.599000,8.83576,8.83351,1000000,1000000
2017-04-28 07:29:44.650000,8.83576,8.83362,1600000,1000000
2017-04-28 07:29:44.954000,8.83547,8.83382,1000000,1000000
2017-04-28 07:29:45.005000,8.83556,8.83382,1370000,1000000
2017-04-28 07:29:45.107000,8.83566,8.83355,1750000,1000000
2017-04-28 07:29:45.343000,8.83566,8.83382,1750000,1000000
2017-04-28 07:29:45.496000,8.83566,8.83382,1000000,1000000
2017-04-28 07:29:45.597000,8.83575,8.83382,1000000,1000000
2017-04-28 07:29:45.699000,8.83597,8.83382,1000000,1000000
2017-04-28 07:29:45.899000,8.83597,8.83417,1000000,1000000
2017-04-28 07:29:46.103000,8.83603,8.83417,3750000,1000000
2017-04-28 07:29:46.154000,8.83606,8.83417,1000000,1000000
2017-04-28 07:29:46.205000,8.83617,8.83417,3000000,1000000
2017-04-28 07:29:46.306000,8.83652,8.83417,3750000,1000000
2017-04-28 07:29:46.357000,8.83655,8.8345,1000000,1000000
2017-04-28 07:29:46.408000,8.83681,8.8347,1000000,1000000
2017-04-28 07:29:46.459000,8.83673,8.8347,1000000,1000000
2017-04-28 07:29:46.510000,8.83654,8.83435,1000000,1000000
2017-04-28 07:29:47.118000,8.83654,8.83435,1600000,1000000
2017-04-28 07:29:47.504000,8.8358,8.83435,1600000,1000000
2017-04-28 07:29:47.559000,8.8356,8.83336,1600000,1370000
2017-04-28 07:29:48.242000,8.8356,8.83336,1000000,1370000
2017-04-28 07:29:48.343000,8.8356,8.83336,1000000,1000000
2017-04-28 07:29:48.394000,8.8356,8.83336,1600000,1000000
2017-04-28 07:29:48.705000,8.83498,8.83294,1600000,1000000
2017-04-28 07:29:49.009000,8.83496,8.83283,2100000,4500000
2017-04-28 07:29:49.110000,8.83498,8.83283,1600000,4500000
2017-04-28 07:29:49.953000,8.8347,8.83283,1600000,4500000
2017-04-28 07:29:50.054000,8.8347,8.83283,1000000,4500000
2017-04-28 07:29:50.210000,8.8347,8.83283,1600000,4500000
2017-04-28 07:29:50.517000,8.8347,8.83283,1600000,4500000
2017-04-28 07:29:50.856000,8.83446,8.83283,2100000,4500000
2017-04-28 07:29:50.907000,8.83466,8.83283,2100000,4500000
2017-04-28 07:29:50.958000,8.8347,8.83257,1600000,1000000
2017-04-28 07:29:51.059000,8.83424,8.83235,1000000,1000000
2017-04-28 07:29:51.197000,8.83424,8.83242,1000000,1000000
2017-04-28 07:29:51.538000,8.83474,8.83262,1600000,1000000
2017-04-28 07:29:51.590000,8.83474,8.83262,1600000,1000000
2017-04-28 07:29:51.870000,8.83474,8.83262,1000000,1000000
2017-04-28 07:29:51.971000,8.83474,8.83278,1000000,1000000
2017-04-28 07:29:52.311000,8.83509,8.83297,1600000,1000000
2017-04-28 07:29:52.634000,8.83509,8.83297,1600000,1000000
2017-04-28 07:29:52.959000,8.83509,8.83297,1600000,1000000
2017-04-28 07:29:53.315000,8.83423,8.83257,2100000,1000000
2017-04-28 07:29:53.416000,8.83425,8.83224,2100000,1000000
2017-04-28 07:29:53.910000,8.83431,8.83224,2100000,1000000
2017-04-28 07:29:54.246000,8.83431,8.83224,2100000,1000000
2017-04-28 07:29:54.939000,8.83437,8.83224,1000000,1000000
2017-04-28 07:29:55.091000,8.83469,8.83256,1000000,1000000
2017-04-28 07:29:55.550000,8.835,8.83288,1600000,1000000
2017-04-28 07:29:55.702000,8.835,8.83288,1600000,1000000
2017-04-28 07:29:55.864000,8.835,8.83288,1600000,1000000
2017-04-28 07:29:56.156000,8.835,8.83288,1000000,1000000
2017-04-28 07:29:57.363000,8.835,8.83288,1600000,1000000
2017-04-28 07:29:57.698000,8.835,8.83288,2850000,1000000
2017-04-28 07:29:59.119000,8.835,8.83288,1000000,1000000
2017-04-28 07:29:59.581000,8.835,8.83288,1600000,1000000
2017-04-28 07:30:00.278000,8.835,8.83288,2850000,1000000
2017-04-28 07:30:00.529000,8.835,8.83288,1600000,1000000
2017-04-28 07:30:00.630000,8.835,8.83288,1000000,1000000
2017-04-28 07:30:00.681000,8.835,8.83288,1600000,1000000
2017-04-28 07:30:00.923000,8.835,8.83288,1600000,1000000
2017-04-28 07:30:01.058000,8.835,8.83288,1600000,1000000
2017-04-28 07:30:01.109000,8.83548,8.83336,1000000,1000000
2017-04-28 07:30:01.519000,8.83577,8.83368,1000000,1000000
2017-04-28 07:30:01.621000,8.83581,8.83368,1000000,1000000
2017-04-28 07:30:02.373000,8.83573,8.83368,1000000,1000000
2017-04-28 07:30:02.594000,8.83576,8.83368,1000000,1000000
2017-04-28 07:30:03.150000,8.83577,8.83368,1000000,1500000
2017-04-28 07:30:03.301000,8.83581,8.83386,1000000,1000000
2017-04-28 07:30:04.463000,8.83581,8.83389,1000000,1000000
2017-04-28 07:30:04.816000,8.83581,8.83377,1000000,1000000
2017-04-28 07:30:05.410000,8.83581,8.83376,1000000,1000000
2017-04-28 07:30:05.461000,8.83513,8.83381,1000000,1000000
2017-04-28 07:30:05.765000,8.83528,8.83401,1000000,1000000
2017-04-28 07:30:06.122000,8.83511,8.83387,1000000,1000000
2017-04-28 07:30:06.426000,8.83555,8.83434,1000000,1000000
2017-04-28 07:30:06.729000,8.83551,8.83431,1000000,1000000
2017-04-28 07:30:07.034000,8.8364,8.83524,1000000,1000000
2017-04-28 07:30:07.228000,8.83658,8.83517,1000000,1000000
2017-04-28 07:30:07.280000,8.83658,8.83557,1000000,1000000
2017-04-28 07:30:07.883000,8.83771,8.83651,1000000,1000000
2017-04-28 07:30:08.186000,8.83787,8.83667,1000000,1000000
2017-04-28 07:30:08.532000,8.83802,8.83682,1000000,1000000
2017-04-28 07:30:08.582000,8.83808,8.83687,1000000,1000000
2017-04-28 07:30:08.684000,8.83815,8.83695,1000000,1000000
2017-04-28 07:30:09.009000,8.83821,8.83711,1000000,1000000
2017-04-28 07:30:09.110000,8.83832,8.83711,1000000,1000000
2017-04-28 07:30:09.444000,8.83838,8.83711,1000000,1000000
2017-04-28 07:30:09.495000,8.83823,8.83696,1000000,1000000
2017-04-28 07:30:09.753000,8.83831,8.83703,1000000,1000000
2017-04-28 07:30:09.960000,8.83826,8.83698,1000000,1000000
2017-04-28 07:30:10.061000,8.83787,8.83658,1000000,1000000
2017-04-28 07:30:10.112000,8.83777,8.83649,1000000,1000000
2017-04-28 07:30:10.495000,8.83787,8.83658,1000000,1000000
2017-04-28 07:30:11.170000,8.83794,8.83665,1000000,1000000
2017-04-28 07:30:11.476000,8.83784,8.83655,1000000,1000000
2017-04-28 07:30:12.234000,8.8374,8.83624,1000000,1000000
2017-04-28 07:30:12.487000,8.83617,8.83492,1000000,1000000
2017-04-28 07:30:12.538000,8.83617,8.83488,1000000,1000000
2017-04-28 07:30:13.264000,8.83634,8.83505,1000000,1000000
2017-04-28 07:30:13.466000,8.83677,8.83525,1000000,1000000
2017-04-28 07:30:13.634000,8.83676,8.8354,1000000,1000000
2017-04-28 07:30:13.839000,8.83681,8.83536,1000000,1000000
2017-04-28 07:30:13.890000,8.83681,8.83554,1000000,1000000
2017-04-28 07:30:13.991000,8.83708,8.83565,1000000,1000000
2017-04-28 07:30:14.042000,8.83708,8.83545,1000000,1000000
2017-04-28 07:30:14.262000,8.8372,8.83545,1000000,1000000
2017-04-28 07:30:14.609000,8.83702,8.83545,1000000,1000000
2017-04-28 07:30:14.823000,8.83706,8.83545,1000000,1000000
2017-04-28 07:30:15.153000,8.83684,8.83511,1000000,1500000
2017-04-28 07:30:15.255000,8.83674,8.83501,1000000,1000000
2017-04-28 07:30:15.574000,8.83661,8.83501,1000000,1000000
2017-04-28 07:30:16.034000,8.83663,8.83501,1000000,1000000
2017-04-28 07:30:16.085000,8.83663,8.83566,1000000,1000000
2017-04-28 07:30:16.159000,8.83691,8.83566,1000000,1000000
2017-04-28 07:30:16.210000,8.83691,8.83601,1000000,1600000
2017-04-28 07:30:16.513000,8.83907,8.83891,1500000,1000000
2017-04-28 07:30:16.566000,8.83974,8.83891,1000000,1000000
2017-04-28 07:30:16.718000,8.83999,8.83891,1000000,1000000
2017-04-28 07:30:16.820000,8.84044,8.83936,1000000,1000000
2017-04-28 07:30:16.972000,8.84153,8.84002,1600000,1000000
2017-04-28 07:30:17.023000,8.84153,8.84049,1600000,1000000
2017-04-28 07:30:17.074000,8.84147,8.84049,1000000,1000000
2017-04-28 07:30:17.277000,8.84169,8.84049,1000000,1000000
2017-04-28 07:30:17.575000,8.84169,8.84081,1000000,1000000
2017-04-28 07:30:17.626000,8.84187,8.84081,1000000,1000000
2017-04-28 07:30:17.677000,8.84187,8.84104,1000000,1000000
2017-04-28 07:30:17.930000,8.84201,8.84117,1000000,1000000
2017-04-28 07:30:17.981000,8.84201,8.8411,1000000,1000000
2017-04-28 07:30:18.032000,8.84178,8.84095,1000000,1000000
2017-04-28 07:30:18.133000,8.84234,8.84111,1000000,1000000
2017-04-28 07:30:18.185000,8.84234,8.84127,1000000,1000000
2017-04-28 07:30:18.379000,8.84235,8.84115,1000000,1000000
2017-04-28 07:30:18.716000,8.84259,8.84116,1000000,1000000
2017-04-28 07:30:19.035000,8.84262,8.84116,1000000,1000000
2017-04-28 07:30:19.214000,8.84262,8.84125,1000000,1000000
2017-04-28 07:30:19.266000,8.84276,8.84125,1000000,1000000
2017-04-28 07:30:20.618000,8.84247,8.84122,1000000,1000000
2017-04-28 07:30:20.719000,8.84255,8.84122,1000000,1000000
2017-04-28 07:30:21.073000,8.84257,8.84118,1000000,1000000
2017-04-28 07:30:21.124000,8.84176,8.84046,1000000,1000000
2017-04-28 07:30:21.427000,8.84198,8.84036,1000000,1000000
2017-04-28 07:30:21.478000,8.8421,8.84036,1000000,1000000
2017-04-28 07:30:21.580000,8.8421,8.84036,1600000,1000000
2017-04-28 07:30:21.885000,8.84148,8.84011,1000000,1000000
2017-04-28 07:30:22.248000,8.84115,8.83992,1000000,1000000
2017-04-28 07:30:22.299000,8.84087,8.83958,1000000,1000000
2017-04-28 07:30:22.350000,8.84049,8.8393,1000000,1000000
2017-04-28 07:30:22.452000,8.84049,8.83928,1000000,1000000
2017-04-28 07:30:22.503000,8.84049,8.83928,1600000,1000000
2017-04-28 07:30:22.604000,8.84027,8.83906,1000000,1000000
2017-04-28 07:30:22.864000,8.84088,8.84002,1000000,2100000
2017-04-28 07:30:22.966000,8.84128,8.8408,1000000,1000000
2017-04-28 07:30:23.195000,8.84122,8.84001,1000000,1000000
2017-04-28 07:30:23.964000,8.84095,8.83975,1000000,1000000
2017-04-28 07:30:24.066000,8.84085,8.83964,1000000,1000000
2017-04-28 07:30:24.117000,8.84053,8.8394,1000000,1000000
2017-04-28 07:30:24.218000,8.84053,8.83932,1000000,1000000
2017-04-28 07:30:24.476000,8.84065,8.83944,1000000,1000000
2017-04-28 07:30:24.780000,8.84166,8.8406,1000000,1000000
2017-04-28 07:30:25.016000,8.84181,8.8406,1000000,1000000
2017-04-28 07:30:25.119000,8.84194,8.84074,1000000,1000000
2017-04-28 07:30:25.222000,8.84179,8.84058,1000000,1000000
2017-04-28 07:30:25.325000,8.8422,8.84132,1000000,1000000
2017-04-28 07:30:25.633000,8.84337,8.84238,1750000,1000000
2017-04-28 07:30:25.684000,8.84361,8.8424,1000000,1000000
2017-04-28 07:30:25.785000,8.8437,8.84273,1000000,1000000
2017-04-28 07:30:25.988000,8.84401,8.84282,1000000,1000000
2017-04-28 07:30:26.343000,8.844,8.84248,1000000,1000000
2017-04-28 07:30:26.394000,8.84419,8.84298,1000000,1000000
2017-04-28 07:30:26.445000,8.84397,8.84267,1000000,1000000
2017-04-28 07:30:26.496000,8.84413,8.84292,1000000,1000000
2017-04-28 07:30:26.800000,8.84384,8.84242,1000000,1000000
2017-04-28 07:30:27.021000,8.84387,8.84267,1000000,1000000
2017-04-28 07:30:27.122000,8.84387,8.84231,1000000,1000000
2017-04-28 07:30:27.368000,8.8441,8.84254,1000000,1000000
2017-04-28 07:30:27.672000,8.84397,8.84257,1000000,1000000
2017-04-28 07:30:27.924000,8.84391,8.8425,1000000,1000000
2017-04-28 07:30:28.305000,8.84362,8.84238,1000000,1000000
2017-04-28 07:30:28.473000,8.84388,8.84241,1500000,1000000
2017-04-28 07:30:28.524000,8.84371,8.84236,1000000,1000000
2017-04-28 07:30:28.828000,8.84333,8.84212,1000000,1000000
2017-04-28 07:30:29.002000,8.8435,8.84218,1000000,1000000
2017-04-28 07:30:29.104000,8.84327,8.84206,1000000,1000000
2017-04-28 07:30:29.408000,8.84306,8.84185,1000000,1000000
2017-04-28 07:30:29.611000,8.84279,8.84146,1000000,1000000
2017-04-28 07:30:29.661000,8.84279,8.8416,1000000,1000000
2017-04-28 07:30:29.967000,8.84275,8.84156,1000000,1000000
2017-04-28 07:30:30.059000,8.84264,8.84144,1000000,1000000
2017-04-28 07:30:30.161000,8.84235,8.84115,1000000,1000000
2017-04-28 07:30:30.703000,8.84194,8.84073,1000000,1000000
2017-04-28 07:30:30.970000,8.84185,8.84064,1000000,1000000
2017-04-28 07:30:31.321000,8.84195,8.84074,1000000,1000000
2017-04-28 07:30:31.585000,8.84219,8.84097,1000000,1000000
2017-04-28 07:30:31.711000,8.84218,8.84099,1000000,1000000
2017-04-28 07:30:31.863000,8.84207,8.84086,1000000,1000000
2017-04-28 07:30:31.914000,8.84218,8.84097,1000000,1000000
2017-04-28 07:30:32.253000,8.84207,8.84086,1000000,1000000
2017-04-28 07:30:32.578000,8.84197,8.84076,1000000,1000000
2017-04-28 07:30:32.915000,8.84156,8.84035,1000000,1000000
2017-04-28 07:30:33.218000,8.84173,8.84054,1000000,1000000
2017-04-28 07:30:33.473000,8.84126,8.84006,1000000,1000000
2017-04-28 07:30:33.524000,8.84148,8.84027,1000000,1000000
2017-04-28 07:30:33.625000,8.84138,8.84017,1000000,1000000
2017-04-28 07:30:33.967000,8.84132,8.84011,1000000,1000000
2017-04-28 07:30:34.271000,8.84096,8.83975,1000000,1000000
2017-04-28 07:30:34.644000,8.84038,8.83917,1000000,1000000
2017-04-28 07:30:35.348000,8.84039,8.83918,1000000,1000000
2017-04-28 07:30:36.045000,8.84029,8.83908,1000000,1000000
2017-04-28 07:30:36.365000,8.84018,8.83898,1000000,1000000
2017-04-28 07:30:37.218000,8.84019,8.83899,1000000,1000000
2017-04-28 07:30:39.193000,8.84002,8.83882,1000000,1000000
2017-04-28 07:30:41.317000,8.83989,8.83868,1000000,1000000
2017-04-28 07:30:41.368000,8.84006,8.83877,1000000,1000000
2017-04-28 07:30:41.469000,8.84021,8.83899,1000000,1000000
2017-04-28 07:30:41.773000,8.84085,8.83964,1000000,1000000
2017-04-28 07:30:42.078000,8.84121,8.84,1000000,1000000
2017-04-28 07:30:42.470000,8.84142,8.84022,1000000,1000000
2017-04-28 07:30:42.522000,8.84114,8.83993,1000000,1000000
2017-04-28 07:30:42.726000,8.84116,8.83996,1000000,1000000
2017-04-28 07:30:43.034000,8.8411,8.83989,1000000,1000000
2017-04-28 07:30:43.088000,8.84097,8.83976,1000000,1000000
2017-04-28 07:30:43.139000,8.84117,8.83986,1000000,1000000
2017-04-28 07:30:43.291000,8.84096,8.83975,1000000,1000000
2017-04-28 07:30:43.615000,8.84094,8.83975,1000000,1000000
2017-04-28 07:30:43.819000,8.84101,8.8398,1000000,1000000
2017-04-28 07:30:43.921000,8.84077,8.83958,1000000,1000000
2017-04-28 07:30:44.184000,8.84099,8.83978,1000000,1000000
2017-04-28 07:30:44.236000,8.84085,8.83964,1000000,1000000
2017-04-28 07:30:44.963000,8.84075,8.83955,1000000,1000000
2017-04-28 07:30:45.065000,8.84068,8.83947,1000000,1000000
2017-04-28 07:30:45.239000,8.84063,8.83942,1000000,1000000
2017-04-28 07:30:45.290000,8.84067,8.83942,1000000,1000000
2017-04-28 07:30:45.341000,8.84117,8.83943,1600000,1750000
2017-04-28 07:30:45.644000,8.8413,8.83991,1000000,1000000
2017-04-28 07:30:45.832000,8.84169,8.84011,1000000,1000000
2017-04-28 07:30:45.984000,8.84159,8.84037,1000000,1000000
2017-04-28 07:30:46.287000,8.84154,8.84037,1000000,1000000
2017-04-28 07:30:46.338000,8.8414,8.84015,1000000,1000000
2017-04-28 07:30:46.389000,8.84142,8.84018,1000000,1000000
2017-04-28 07:30:46.945000,8.84159,8.84034,1000000,1000000
2017-04-28 07:30:46.996000,8.84159,8.84046,1000000,1000000
2017-04-28 07:30:47.198000,8.84186,8.84063,1000000,1000000
2017-04-28 07:30:47.530000,8.84182,8.84063,1000000,1000000
2017-04-28 07:30:47.924000,8.84182,8.84074,1000000,1000000
2017-04-28 07:30:47.975000,8.84266,8.84152,1000000,1000000
2017-04-28 07:30:48.026000,8.84266,8.84166,1000000,1600000
2017-04-28 07:30:48.128000,8.84302,8.84191,1000000,1000000
2017-04-28 07:30:48.238000,8.84342,8.84215,1000000,1000000
2017-04-28 07:30:48.326000,8.84342,8.84239,1000000,1000000
2017-04-28 07:30:48.377000,8.84366,8.84239,1000000,1000000
2017-04-28 07:30:48.529000,8.84366,8.84228,1000000,1000000
2017-04-28 07:30:49.042000,8.84365,8.84228,1000000,1000000
2017-04-28 07:30:49.673000,8.84354,8.84222,1000000,1000000
2017-04-28 07:30:51.073000,8.84366,8.84257,1000000,1000000
2017-04-28 07:30:51.124000,8.8439,8.84257,1720000,1000000
2017-04-28 07:30:51.175000,8.844,8.84267,1720000,1000000
2017-04-28 07:30:51.226000,8.84364,8.84232,1000000,1000000
2017-04-28 07:30:51.327000,8.8434,8.84207,1600000,1000000
2017-04-28 07:30:51.631000,8.84406,8.84273,1720000,1000000
2017-04-28 07:30:51.935000,8.84406,8.84273,1720000,1000000
2017-04-28 07:30:51.985000,8.84405,8.84281,1720000,1000000
2017-04-28 07:30:52.193000,8.84405,8.84281,1470000,1000000
2017-04-28 07:30:52.244000,8.84414,8.84289,1720000,1000000
2017-04-28 07:30:52.446000,8.84414,8.84289,1720000,1000000
2017-04-28 07:30:52.699000,8.84414,8.84289,1720000,1000000
2017-04-28 07:30:52.801000,8.84403,8.84279,1720000,1000000
2017-04-28 07:30:53.124000,8.84402,8.84279,1320000,1000000
2017-04-28 07:30:53.360000,8.84403,8.84279,2070000,1000000
2017-04-28 07:30:53.462000,8.84397,8.84279,1720000,1000000
2017-04-28 07:30:53.665000,8.84393,8.84269,1720000,1000000
2017-04-28 07:30:54.019000,8.84393,8.84269,1720000,1000000
2017-04-28 07:30:54.456000,8.84393,8.84269,1000000,1000000
2017-04-28 07:30:54.514000,8.84423,8.84277,1320000,1000000
2017-04-28 07:30:54.817000,8.84427,8.8434,1720000,1000000
2017-04-28 07:30:54.868000,8.84427,8.84303,1600000,1000000
2017-04-28 07:30:55.373000,8.84427,8.84303,1000000,1000000
2017-04-28 07:30:55.711000,8.84418,8.84294,1000000,1000000
2017-04-28 07:30:55.863000,8.84408,8.84283,1000000,1500000
2017-04-28 07:30:56.166000,8.8443,8.84306,1000000,1000000
2017-04-28 07:30:56.570000,8.84443,8.84319,1000000,1000000
2017-04-28 07:30:57.075000,8.84442,8.84319,1000000,1000000
2017-04-28 07:30:57.186000,8.84448,8.84324,1000000,1000000
2017-04-28 07:30:57.680000,8.84458,8.84334,1000000,1000000
2017-04-28 07:30:57.982000,8.84472,8.84348,1000000,1000000
2017-04-28 07:30:58.289000,8.84481,8.84358,1000000,1000000
2017-04-28 07:30:58.963000,8.84485,8.84368,1000000,1000000
2017-04-28 07:30:59.166000,8.84491,8.84368,1000000,1000000
2017-04-28 07:31:00.031000,8.84491,8.84375,1000000,1750000
2017-04-28 07:31:00.233000,8.84561,8.84468,1000000,1000000
2017-04-28 07:31:00.284000,8.84561,8.84444,1000000,1000000
2017-04-28 07:31:00.386000,8.84541,8.84432,1000000,1000000
2017-04-28 07:31:00.487000,8.84566,8.84442,1000000,1000000
2017-04-28 07:31:00.660000,8.84537,8.84416,1000000,1000000
2017-04-28 07:31:01.208000,8.84494,8.84373,1000000,1750000
2017-04-28 07:31:01.516000,8.84472,8.84348,1000000,1750000
2017-04-28 07:31:01.769000,8.84463,8.84339,1000000,1500000
2017-04-28 07:31:02.241000,8.84474,8.8435,1000000,1370000
2017-04-28 07:31:02.393000,8.84465,8.84341,1000000,1370000
2017-04-28 07:31:02.802000,8.84459,8.84335,1000000,1750000
2017-04-28 07:31:03.055000,8.84459,8.84335,1000000,1000000
2017-04-28 07:31:03.600000,8.84456,8.84332,1000000,1120000
2017-04-28 07:31:04.126000,8.84452,8.84328,1000000,1370000
2017-04-28 07:31:04.463000,8.8444,8.84316,1000000,1750000
2017-04-28 07:31:04.514000,8.84418,8.84294,1000000,1000000
2017-04-28 07:31:04.565000,8.844,8.84277,1000000,1000000
2017-04-28 07:31:05.115000,8.84396,8.84276,1000000,1000000
2017-04-28 07:31:05.166000,8.8439,8.84266,1000000,1000000
2017-04-28 07:31:05.217000,8.84379,8.84255,1000000,1000000
2017-04-28 07:31:05.533000,8.84361,8.84237,1000000,1000000
2017-04-28 07:31:05.836000,8.84353,8.84229,1000000,1000000
2017-04-28 07:31:06.154000,8.84334,8.8421,1000000,1750000
2017-04-28 07:31:06.457000,8.84344,8.8422,1000000,1000000
2017-04-28 07:31:06.508000,8.84304,8.84186,1000000,1000000
2017-04-28 07:31:06.736000,8.84304,8.8418,1000000,1000000
2017-04-28 07:31:06.787000,8.84294,8.8418,1000000,1000000
2017-04-28 07:31:07.095000,8.84281,8.84157,1000000,1000000
2017-04-28 07:31:07.297000,8.8426,8.84136,1000000,1000000
2017-04-28 07:31:07.600000,8.8425,8.84126,1000000,1000000
2017-04-28 07:31:07.942000,8.84226,8.84102,1000000,1000000
2017-04-28 07:31:08.255000,8.84217,8.84093,1000000,1000000
2017-04-28 07:31:08.559000,8.8419,8.84066,1000000,1000000
2017-04-28 07:31:08.994000,8.8419,8.84076,1000000,1000000
2017-04-28 07:31:09.653000,8.84195,8.84076,1000000,1000000
2017-04-28 07:31:09.760000,8.84195,8.84081,1000000,1000000
2017-04-28 07:31:09.977000,8.84205,8.84081,1000000,1000000
2017-04-28 07:31:10.310000,8.84203,8.84081,1000000,1000000
2017-04-28 07:31:10.816000,8.84201,8.84081,1000000,1000000
2017-04-28 07:31:11.311000,8.84205,8.84081,1000000,1000000
2017-04-28 07:31:11.816000,8.84204,8.84081,1000000,1000000
2017-04-28 07:31:12.009000,8.84197,8.84037,1000000,1000000
2017-04-28 07:31:12.118000,8.84198,8.84075,1000000,1000000
2017-04-28 07:31:12.220000,8.84197,8.84037,1000000,1000000
2017-04-28 07:31:13.134000,8.84197,8.84038,1000000,1000000
2017-04-28 07:31:13.676000,8.84199,8.84042,1000000,1000000
2017-04-28 07:31:13.934000,8.84218,8.84059,1000000,1000000
2017-04-28 07:31:14.388000,8.84225,8.84103,1000000,1000000
2017-04-28 07:31:14.489000,8.84221,8.84098,1000000,1000000
2017-04-28 07:31:14.540000,8.84209,8.84087,1000000,1000000
2017-04-28 07:31:15.012000,8.84219,8.84097,1000000,1000000
2017-04-28 07:31:15.493000,8.84226,8.84103,1000000,1000000
2017-04-28 07:31:15.797000,8.84215,8.84092,1000000,1000000
2017-04-28 07:31:16.243000,8.84226,8.84103,1000000,1000000
2017-04-28 07:31:17.066000,8.84216,8.84093,1000000,1000000
2017-04-28 07:31:17.452000,8.84211,8.84088,1000000,1000000
2017-04-28 07:31:18.058000,8.84215,8.84093,1000000,1000000
2017-04-28 07:31:21.455000,8.84212,8.84089,1000000,1000000
2017-04-28 07:31:22.452000,8.84209,8.84087,1000000,1000000
2017-04-28 07:31:22.899000,8.84216,8.84093,1000000,1000000
2017-04-28 07:31:23.164000,8.84209,8.84087,1000000,1000000
2017-04-28 07:31:26.254000,8.84207,8.84086,1000000,1000000
2017-04-28 07:31:27.378000,8.8421,8.84087,1000000,1000000
2017-04-28 07:31:27.739000,8.84216,8.84095,1370000,1000000
2017-04-28 07:31:27.790000,8.84206,8.8406,1370000,1000000
2017-04-28 07:31:27.840000,8.84163,8.84041,1000000,1000000
2017-04-28 07:31:27.942000,8.84142,8.84019,1000000,1000000
2017-04-28 07:31:27.993000,8.84102,8.84003,1000000,1000000
2017-04-28 07:31:28.094000,8.84102,8.8398,1000000,1000000
2017-04-28 07:31:28.347000,8.84079,8.83954,1000000,1000000
2017-04-28 07:31:28.801000,8.84071,8.83943,1000000,1000000
2017-04-28 07:31:29.054000,8.84054,8.83926,1000000,1000000
2017-04-28 07:31:29.105000,8.84039,8.8391,1000000,1000000
2017-04-28 07:31:29.206000,8.84031,8.83902,1000000,1000000
2017-04-28 07:31:29.524000,8.84016,8.83894,1000000,1000000
2017-04-28 07:31:29.945000,8.83998,8.83878,1000000,1000000
2017-04-28 07:31:30.147000,8.84009,8.83887,1000000,1000000
2017-04-28 07:31:30.248000,8.84003,8.8388,1000000,1000000
2017-04-28 07:31:30.534000,8.84012,8.8389,1000000,1000000
2017-04-28 07:31:30.875000,8.84017,8.83894,1000000,1000000
2017-04-28 07:31:31.029000,8.84026,8.83906,1000000,1000000
2017-04-28 07:31:31.663000,8.84032,8.8391,1000000,1000000
2017-04-28 07:31:33.002000,8.84036,8.83914,1000000,1000000
2017-04-28 07:31:33.496000,8.84044,8.83922,1000000,1000000
2017-04-28 07:31:33.547000,8.84052,8.83929,1000000,1000000
2017-04-28 07:31:34.169000,8.84069,8.83947,1000000,1000000
2017-04-28 07:31:34.472000,8.84092,8.8397,1000000,1000000
2017-04-28 07:31:35.022000,8.84098,8.83976,1000000,1000000
2017-04-28 07:31:35.783000,8.84071,8.83949,1000000,1000000
2017-04-28 07:31:36.262000,8.8406,8.83938,1000000,1000000
2017-04-28 07:31:37.780000,8.84064,8.83942,1000000,1000000
2017-04-28 07:31:38.088000,8.8409,8.83968,1000000,1000000
2017-04-28 07:31:38.290000,8.84101,8.83978,1000000,1000000
2017-04-28 07:31:38.803000,8.84092,8.8397,1000000,1000000
2017-04-28 07:31:39.699000,8.84094,8.83955,1000000,1000000
2017-04-28 07:31:39.750000,8.84077,8.83955,1000000,1000000
2017-04-28 07:31:40.054000,8.84066,8.83943,1000000,1000000
2017-04-28 07:31:40.307000,8.84055,8.83933,1000000,1370000
2017-04-28 07:31:40.840000,8.8405,8.83928,1000000,1000000
2017-04-28 07:31:41.181000,8.8405,8.83935,1000000,1000000
2017-04-28 07:31:41.485000,8.84014,8.83911,1000000,1000000
2017-04-28 07:31:41.587000,8.84025,8.83911,1000000,1000000
2017-04-28 07:31:42.314000,8.84033,8.83911,1000000,1500000
2017-04-28 07:31:42.365000,8.84028,8.83911,1000000,1000000
2017-04-28 07:31:42.416000,8.84035,8.83913,1000000,1000000
2017-04-28 07:31:42.688000,8.84045,8.83923,1000000,1000000
2017-04-28 07:31:44.482000,8.84048,8.83923,1000000,1000000
2017-04-28 07:31:44.672000,8.84066,8.83933,1000000,1000000
2017-04-28 07:31:44.723000,8.84071,8.83954,1000000,1000000
2017-04-28 07:31:45.051000,8.84103,8.84022,1000000,1000000
2017-04-28 07:31:45.101000,8.84155,8.84063,1000000,1000000
2017-04-28 07:31:45.203000,8.84204,8.84092,1000000,1000000
2017-04-28 07:31:45.405000,8.84233,8.84122,1000000,1000000
2017-04-28 07:31:45.709000,8.84233,8.84143,1000000,1000000
2017-04-28 07:31:45.761000,8.84259,8.84143,1000000,1000000
2017-04-28 07:31:46.271000,8.84267,8.84143,1000000,1000000
2017-04-28 07:31:46.814000,8.8427,8.84153,1000000,1000000
2017-04-28 07:31:46.865000,8.84277,8.84156,1000000,1000000
2017-04-28 07:31:46.967000,8.84274,8.84156,1000000,1000000
2017-04-28 07:31:47.068000,8.84277,8.84156,1000000,1000000
2017-04-28 07:31:47.386000,8.84281,8.84157,1000000,1000000
2017-04-28 07:31:48.363000,8.84281,8.84158,1000000,1000000
2017-04-28 07:31:48.941000,8.84287,8.84162,1000000,1000000
2017-04-28 07:31:49.615000,8.84283,8.84158,1000000,1000000
2017-04-28 07:31:50.572000,8.84277,8.84156,1000000,1000000
2017-04-28 07:31:51.528000,8.84281,8.84156,1000000,1500000
2017-04-28 07:31:51.688000,8.84277,8.84156,1000000,1000000
2017-04-28 07:31:51.895000,8.84282,8.84157,1000000,1000000
2017-04-28 07:31:52.217000,8.84292,8.84167,1000000,1000000
2017-04-28 07:31:52.459000,8.84368,8.84231,1000000,1000000
2017-04-28 07:31:52.511000,8.8438,8.84256,1000000,1000000
2017-04-28 07:31:52.893000,8.84424,8.84332,1000000,1000000
2017-04-28 07:31:52.944000,8.84447,8.84347,1000000,1000000
2017-04-28 07:31:53.046000,8.84447,8.84332,1000000,1000000
2017-04-28 07:31:53.096000,8.84462,8.84364,1000000,1000000
2017-04-28 07:31:53.248000,8.84488,8.84364,1000000,1000000
2017-04-28 07:31:53.552000,8.84478,8.84354,1000000,1000000
2017-04-28 07:31:53.653000,8.84461,8.84334,1000000,1000000
2017-04-28 07:31:53.755000,8.84434,8.84311,1000000,1000000
2017-04-28 07:31:54.558000,8.84445,8.84321,1000000,1000000
2017-04-28 07:31:54.949000,8.84443,8.84321,1000000,1000000
2017-04-28 07:31:55.281000,8.84409,8.84287,1000000,1000000
2017-04-28 07:31:56.204000,8.84414,8.84291,1000000,1000000
2017-04-28 07:31:57.192000,8.84415,8.84295,1000000,1000000
2017-04-28 07:31:58.222000,8.84418,8.84295,1000000,1000000
2017-04-28 07:31:59.026000,8.84456,8.84338,1000000,1000000
2017-04-28 07:31:59.471000,8.84459,8.84338,1000000,1000000
2017-04-28 07:31:59.802000,8.84461,8.84338,1000000,1000000
2017-04-28 07:31:59.954000,8.84455,8.84332,1000000,1000000
2017-04-28 07:32:00.288000,8.84455,8.84337,1000000,1000000
2017-04-28 07:32:00.645000,8.84459,8.84337,1000000,1500000
2017-04-28 07:32:00.696000,8.84472,8.84349,1000000,1000000
2017-04-28 07:32:01.003000,8.84462,8.84339,1000000,1000000
2017-04-28 07:32:01.306000,8.84474,8.84351,1000000,1000000
2017-04-28 07:32:01.699000,8.84475,8.84353,1000000,1000000
2017-04-28 07:32:02.082000,8.8448,8.84357,1000000,1000000
2017-04-28 07:32:03.080000,8.8448,8.84358,1000000,1000000
2017-04-28 07:32:03.132000,8.84456,8.84333,1000000,1000000
2017-04-28 07:32:03.233000,8.84444,8.84329,1000000,1000000
2017-04-28 07:32:03.419000,8.84444,8.84321,1000000,1000000
2017-04-28 07:32:03.704000,8.84434,8.84311,1000000,1000000
2017-04-28 07:32:04.703000,8.84432,8.84309,1000000,1000000
2017-04-28 07:32:06.907000,8.8443,8.84309,1000000,1000000
2017-04-28 07:32:07.189000,8.84436,8.84313,1000000,1000000
2017-04-28 07:32:07.381000,8.8443,8.84309,1000000,1000000
2017-04-28 07:32:08.153000,8.84435,8.84312,1000000,1000000
2017-04-28 07:32:09.115000,8.84436,8.84313,1000000,1000000
2017-04-28 07:32:09.306000,8.84429,8.84306,1000000,1000000
2017-04-28 07:32:09.762000,8.84436,8.84315,1000000,1000000
2017-04-28 07:32:12.436000,8.84427,8.84319,1000000,1000000
2017-04-28 07:32:12.487000,8.84406,8.84283,1000000,1000000
2017-04-28 07:32:12.538000,8.84387,8.8428,1000000,1000000
2017-04-28 07:32:12.589000,8.84387,8.84264,1000000,1500000
2017-04-28 07:32:12.639000,8.84373,8.8425,1000000,1000000
2017-04-28 07:32:13.492000,8.84363,8.84242,1000000,1000000
2017-04-28 07:32:14.043000,8.84368,8.84245,1000000,1000000
2017-04-28 07:32:14.195000,8.84362,8.84242,1000000,1000000
2017-04-28 07:32:14.520000,8.84358,8.84242,1000000,1000000
2017-04-28 07:32:14.756000,8.84366,8.84243,1000000,1000000
2017-04-28 07:32:15.227000,8.84371,8.84249,1000000,1000000
2017-04-28 07:32:16.536000,8.84385,8.84262,1000000,1000000
2017-04-28 07:32:16.586000,8.84396,8.84274,1000000,1000000
2017-04-28 07:32:17.476000,8.84403,8.8428,1000000,1000000
2017-04-28 07:32:18.412000,8.84395,8.84273,1000000,1000000
2017-04-28 07:32:18.715000,8.84364,8.84263,1000000,1000000
2017-04-28 07:32:18.917000,8.84356,8.84237,1000000,1000000
2017-04-28 07:32:22.159000,8.8435,8.84237,1000000,1000000
2017-04-28 07:32:22.210000,8.8435,8.84229,1000000,1000000
2017-04-28 07:32:22.261000,8.84343,8.8422,1000000,1000000
2017-04-28 07:32:22.312000,8.84335,8.84215,1000000,1000000
2017-04-28 07:32:22.701000,8.84335,8.84212,1000000,1000000
2017-04-28 07:32:23.111000,8.84325,8.84204,1000000,1000000
2017-04-28 07:32:23.332000,8.84321,8.84198,1000000,1000000
2017-04-28 07:32:23.509000,8.84327,8.84204,1000000,1000000
2017-04-28 07:32:23.918000,8.84344,8.84221,1000000,1000000
2017-04-28 07:32:24.236000,8.84356,8.84233,1000000,1000000
2017-04-28 07:32:25.505000,8.84351,8.84228,1000000,1000000
2017-04-28 07:32:25.820000,8.84328,8.84205,1000000,1000000
2017-04-28 07:32:26.613000,8.84322,8.84199,1000000,1000000
2017-04-28 07:32:27.076000,8.84316,8.84193,1000000,1000000
2017-04-28 07:32:27.456000,8.84307,8.84185,1000000,1000000
2017-04-28 07:32:27.981000,8.84307,8.84186,1000000,1000000
2017-04-28 07:32:28.963000,8.84307,8.84184,1000000,1500000
2017-04-28 07:32:29.014000,8.84305,8.84184,1000000,1000000
2017-04-28 07:32:29.518000,8.84304,8.84183,1000000,1000000
2017-04-28 07:32:29.967000,8.84309,8.84188,1000000,1000000
2017-04-28 07:32:30.069000,8.84314,8.84192,1000000,1000000
2017-04-28 07:32:31.221000,8.8431,8.84188,1000000,1000000
2017-04-28 07:32:31.541000,8.84294,8.84172,1000000,1000000
2017-04-28 07:32:31.909000,8.84271,8.84149,1000000,1000000
2017-04-28 07:32:32.256000,8.84304,8.84182,1000000,1000000
2017-04-28 07:32:33.241000,8.843,8.84179,1000000,1000000
2017-04-28 07:32:36.381000,8.84323,8.84202,1000000,1000000
2017-04-28 07:32:36.432000,8.84328,8.84206,1000000,1000000
2017-04-28 07:32:36.700000,8.84335,8.84214,1000000,1000000
2017-04-28 07:32:37.508000,8.84336,8.84215,1000000,1000000
2017-04-28 07:32:37.828000,8.84311,8.84191,1000000,1000000
2017-04-28 07:32:38.121000,8.84319,8.84197,1000000,1000000
2017-04-28 07:32:38.409000,8.84326,8.84205,1000000,1000000
2017-04-28 07:32:38.821000,8.84331,8.8421,1000000,1000000
2017-04-28 07:32:39.543000,8.84334,8.84212,1000000,1000000
2017-04-28 07:32:41.217000,8.84303,8.84181,1000000,1500000
2017-04-28 07:32:41.521000,8.84321,8.84201,1000000,1000000
2017-04-28 07:32:41.622000,8.84332,8.84211,1000000,1000000
2017-04-28 07:32:41.805000,8.84327,8.84205,1000000,1000000
2017-04-28 07:32:42.361000,8.84335,8.84213,1000000,1000000
2017-04-28 07:32:43.362000,8.84337,8.84215,1000000,1000000
2017-04-28 07:32:46.908000,8.84329,8.84207,1000000,1000000
2017-04-28 07:32:47.255000,8.84304,8.84182,1000000,1000000
2017-04-28 07:32:47.628000,8.84315,8.84193,1000000,1000000
2017-04-28 07:32:48.413000,8.84329,8.84207,1000000,1000000
2017-04-28 07:32:48.750000,8.84321,8.84199,1000000,1000000
2017-04-28 07:32:49.106000,8.84315,8.84193,1000000,1000000
2017-04-28 07:32:50.327000,8.84297,8.84181,1000000,1000000
2017-04-28 07:32:50.630000,8.84302,8.84181,1000000,1500000
2017-04-28 07:32:51.036000,8.84291,8.84181,1000000,1000000
2017-04-28 07:32:51.383000,8.84284,8.84181,1000000,1000000
2017-04-28 07:32:51.670000,8.84292,8.84181,1000000,1000000
2017-04-28 07:32:51.721000,8.84303,8.84181,1000000,1000000
2017-04-28 07:32:52.431000,8.84314,8.84181,1000000,1000000
2017-04-28 07:32:52.492000,8.8433,8.84209,1000000,1000000
2017-04-28 07:32:53.477000,8.84331,8.84209,1000000,1000000
2017-04-28 07:32:55.063000,8.84322,8.84202,1000000,1000000
2017-04-28 07:32:56.003000,8.84317,8.84202,1000000,1000000
2017-04-28 07:32:56.156000,8.84329,8.84208,1000000,1000000
2017-04-28 07:32:56.207000,8.84311,8.84202,1000000,1000000
2017-04-28 07:32:56.365000,8.84304,8.84184,1000000,1000000
2017-04-28 07:32:56.467000,8.84316,8.84194,1000000,1000000
2017-04-28 07:32:56.518000,8.84325,8.84204,1000000,1000000
2017-04-28 07:32:56.779000,8.84332,8.84203,1000000,1000000
2017-04-28 07:32:58.061000,8.84327,8.84203,1000000,1000000
2017-04-28 07:33:00.298000,8.84331,8.84203,1000000,1000000
2017-04-28 07:33:03.131000,8.84333,8.84203,1000000,1000000
2017-04-28 07:33:04.287000,8.8434,8.84203,1000000,1000000
2017-04-28 07:33:04.338000,8.84347,8.84221,1000000,1600000
2017-04-28 07:33:04.389000,8.84359,8.84221,1000000,1600000
2017-04-28 07:33:04.439000,8.84349,8.84221,1000000,1000000
2017-04-28 07:33:04.773000,8.8434,8.84221,1000000,1000000
2017-04-28 07:33:05.749000,8.84337,8.84221,1000000,1000000
2017-04-28 07:33:07.051000,8.84341,8.84221,1000000,1000000
2017-04-28 07:33:07.490000,8.8435,8.84221,1000000,1000000
2017-04-28 07:33:07.592000,8.84356,8.84221,1000000,1600000
2017-04-28 07:33:07.931000,8.84336,8.84221,1000000,1000000
2017-04-28 07:33:08.521000,8.84349,8.84221,1000000,1000000
2017-04-28 07:33:08.673000,8.84346,8.84226,1000000,1000000
2017-04-28 07:33:08.988000,8.84333,8.84221,1000000,1000000
2017-04-28 07:33:10.230000,8.84328,8.84221,1000000,1000000
2017-04-28 07:33:12.128000,8.8434,8.84221,1000000,1000000
2017-04-28 07:33:12.179000,8.84363,8.84242,1000000,1000000
2017-04-28 07:33:12.230000,8.84373,8.84252,1000000,1000000
2017-04-28 07:33:12.549000,8.84373,8.84254,1000000,1000000
2017-04-28 07:33:12.873000,8.84362,8.84254,1000000,1000000
2017-04-28 07:33:13.188000,8.84362,8.84241,1000000,1000000
2017-04-28 07:33:13.466000,8.84368,8.84247,1000000,1000000
2017-04-28 07:33:14.703000,8.84362,8.84223,1000000,1000000
2017-04-28 07:33:18.161000,8.84358,8.84223,1000000,1000000
2017-04-28 07:33:18.212000,8.84376,8.84229,1000000,1000000
2017-04-28 07:33:18.263000,8.84359,8.84223,1000000,1000000
2017-04-28 07:33:18.688000,8.84357,8.84223,1000000,1000000
2017-04-28 07:33:19.032000,8.84355,8.84223,1000000,1000000
2017-04-28 07:33:19.437000,8.84352,8.84223,1000000,1000000
2017-04-28 07:33:19.780000,8.8435,8.84223,1000000,1000000
2017-04-28 07:33:20.403000,8.84351,8.84223,1000000,1000000
2017-04-28 07:33:20.950000,8.84341,8.84223,1000000,1000000
2017-04-28 07:33:21.436000,8.8435,8.84223,1000000,1000000
2017-04-28 07:33:21.609000,8.84352,8.84223,1000000,1000000
2017-04-28 07:33:22.160000,8.84355,8.84223,1500000,1000000
2017-04-28 07:33:23.482000,8.84347,8.84223,1000000,1000000
2017-04-28 07:33:24.449000,8.84353,8.84223,1000000,1000000
2017-04-28 07:33:24.500000,8.84359,8.84223,1000000,1500000
2017-04-28 07:33:24.651000,8.84351,8.84223,1000000,1000000
2017-04-28 07:33:24.985000,8.84339,8.84223,1000000,1000000
2017-04-28 07:33:25.717000,8.84338,8.84223,1000000,1000000
2017-04-28 07:33:27.443000,8.84347,8.84226,1000000,1000000
2017-04-28 07:33:28.261000,8.84349,8.84229,1000000,1000000
2017-04-28 07:33:28.883000,8.84357,8.84237,1000000,1000000
2017-04-28 07:33:28.934000,8.84366,8.84245,1000000,1000000
2017-04-28 07:33:29.036000,8.84374,8.8426,1000000,1000000
2017-04-28 07:33:29.137000,8.84376,8.8426,1000000,1000000
2017-04-28 07:33:29.430000,8.84354,8.8426,1000000,1000000
2017-04-28 07:33:29.639000,8.84378,8.8426,1000000,1000000
2017-04-28 07:33:30.185000,8.84379,8.8426,1000000,1000000
2017-04-28 07:33:33.241000,8.84381,8.8426,1500000,1000000
2017-04-28 07:33:35.912000,8.84345,8.84237,1000000,1000000
2017-04-28 07:33:36.109000,8.84336,8.84225,1000000,1000000
2017-04-28 07:33:36.430000,8.84358,8.84225,1000000,1000000
2017-04-28 07:33:36.481000,8.84364,8.84225,1000000,1000000
2017-04-28 07:33:36.910000,8.84337,8.84225,1000000,1000000
2017-04-28 07:33:36.960000,8.84364,8.84225,1000000,1000000
2017-04-28 07:33:37.011000,8.84364,8.84216,1000000,1000000
2017-04-28 07:33:37.533000,8.84359,8.84211,1000000,1000000
2017-04-28 07:33:37.870000,8.84359,8.84214,1000000,1000000
2017-04-28 07:33:38.486000,8.84363,8.84218,1000000,1000000
2017-04-28 07:33:39.424000,8.84355,8.84211,1000000,1000000
2017-04-28 07:33:41.063000,8.84321,8.842,1000000,1000000
2017-04-28 07:33:44.845000,8.84357,8.84236,1000000,1000000
2017-04-28 07:33:45.148000,8.84404,8.84299,1000000,1000000
2017-04-28 07:33:45.350000,8.84393,8.84263,1000000,1000000
2017-04-28 07:33:45.452000,8.84394,8.84273,1000000,1000000
2017-04-28 07:33:45.814000,8.84403,8.84283,1000000,1000000
2017-04-28 07:33:46.329000,8.84393,8.84263,1000000,1000000
2017-04-28 07:33:46.560000,8.84398,8.84277,1000000,1000000
2017-04-28 07:33:46.799000,8.84394,8.84263,1000000,1000000
2017-04-28 07:33:48.270000,8.84393,8.84263,1000000,1000000
2017-04-28 07:33:55.403000,8.84397,8.84263,1000000,1000000
2017-04-28 07:33:57.139000,8.84392,8.84263,1000000,1000000
2017-04-28 07:33:57.469000,8.84397,8.84263,1500000,1000000
2017-04-28 07:33:57.764000,8.84391,8.84263,1000000,1000000
2017-04-28 07:33:58.260000,8.84387,8.84266,1000000,1000000
2017-04-28 07:33:58.714000,8.84381,8.84266,1000000,1000000
2017-04-28 07:33:59.060000,8.84369,8.84266,1000000,1000000
2017-04-28 07:33:59.362000,8.84367,8.84266,1000000,1000000
2017-04-28 07:33:59.534000,8.84367,8.84256,1000000,1000000
2017-04-28 07:33:59.585000,8.84365,8.84256,1000000,1000000
2017-04-28 07:33:59.841000,8.84365,8.84248,1000000,1000000
2017-04-28 07:33:59.892000,8.84363,8.84248,1000000,1000000
2017-04-28 07:34:00.145000,8.84332,8.84211,1000000,1000000
2017-04-28 07:34:00.940000,8.84322,8.84205,1000000,1000000
2017-04-28 07:34:01.314000,8.84322,8.84201,1000000,1000000
2017-04-28 07:34:01.365000,8.84311,8.8419,1000000,1000000
2017-04-28 07:34:01.669000,8.84299,8.84183,1000000,1000000
2017-04-28 07:34:01.770000,8.84305,8.84183,1000000,1000000
2017-04-28 07:34:03.271000,8.84312,8.8419,1000000,1000000
2017-04-28 07:34:04.725000,8.84295,8.8418,1000000,1000000
2017-04-28 07:34:07.215000,8.84297,8.8418,1000000,1000000
2017-04-28 07:34:07.269000,8.84301,8.8418,1000000,1500000
2017-04-28 07:34:07.759000,8.84291,8.8417,1000000,1000000
2017-04-28 07:34:08.624000,8.84296,8.84175,1000000,1000000
2017-04-28 07:34:12.687000,8.84294,8.84172,1000000,1000000
2017-04-28 07:34:13.738000,8.84292,8.84171,1000000,1000000
2017-04-28 07:34:14.568000,8.84293,8.84171,1000000,1000000
2017-04-28 07:34:14.715000,8.843,8.84172,1500000,1000000
2017-04-28 07:34:22.176000,8.84305,8.84175,1000000,1000000
2017-04-28 07:34:27.812000,8.84302,8.84174,1000000,1000000
2017-04-28 07:34:29.900000,8.843,8.8417,1000000,1000000
2017-04-28 07:34:31.417000,8.84288,8.84158,1000000,1000000
2017-04-28 07:34:31.619000,8.84277,8.84146,1000000,1000000
2017-04-28 07:34:31.720000,8.8426,8.84146,1000000,1000000
2017-04-28 07:34:32.026000,8.84263,8.84146,1000000,1000000
2017-04-28 07:34:32.259000,8.84283,8.8416,1000000,1000000
2017-04-28 07:34:32.461000,8.84276,8.8415,1000000,1000000
2017-04-28 07:34:32.858000,8.84278,8.8416,1000000,1000000
2017-04-28 07:34:33.167000,8.84287,8.8416,1000000,1000000
2017-04-28 07:34:33.348000,8.84287,8.84168,1000000,1000000
2017-04-28 07:34:33.668000,8.84289,8.84168,1000000,1000000
2017-04-28 07:34:34.439000,8.84297,8.84168,1000000,1000000
2017-04-28 07:34:34.769000,8.84294,8.84168,1000000,1000000
2017-04-28 07:34:35.022000,8.84303,8.84174,1000000,1000000
2017-04-28 07:34:36.130000,8.84308,8.84179,1000000,1000000
2017-04-28 07:34:37.205000,8.84309,8.8418,1000000,1000000
2017-04-28 07:34:39.279000,8.84303,8.8418,1000000,1000000
2017-04-28 07:34:39.962000,8.84309,8.8418,1500000,1000000
2017-04-28 07:34:40.015000,8.84309,8.84183,1000000,1000000
2017-04-28 07:34:40.317000,8.84306,8.84183,1000000,1000000
2017-04-28 07:34:40.818000,8.84308,8.84183,1000000,1000000
2017-04-28 07:34:41.479000,8.84311,8.84183,1000000,1000000
2017-04-28 07:34:41.855000,8.84309,8.84183,1000000,1000000
2017-04-28 07:34:42.162000,8.84305,8.84183,1000000,1000000
2017-04-28 07:34:42.359000,8.84312,8.84183,1000000,1000000
2017-04-28 07:34:42.918000,8.84312,8.84184,1000000,1000000
2017-04-28 07:34:43.484000,8.84312,8.84183,1500000,1000000
2017-04-28 07:34:44.020000,8.84305,8.84163,1370000,1000000
2017-04-28 07:34:44.071000,8.84267,8.84163,1000000,1000000
2017-04-28 07:34:44.124000,8.84267,8.84137,1000000,1000000
2017-04-28 07:34:44.449000,8.84257,8.84137,1000000,1000000
2017-04-28 07:34:44.779000,8.84257,8.84154,1000000,1000000
2017-04-28 07:34:44.830000,8.8428,8.84154,1000000,1000000
2017-04-28 07:34:45.034000,8.84276,8.84146,1000000,1000000
2017-04-28 07:34:45.135000,8.84273,8.84146,1000000,1000000
2017-04-28 07:34:45.394000,8.84261,8.84132,1000000,1000000
2017-04-28 07:34:46.277000,8.84264,8.84135,1000000,1000000
2017-04-28 07:34:47.010000,8.84258,8.84135,1000000,1000000
2017-04-28 07:34:47.858000,8.84257,8.84135,1000000,1000000
2017-04-28 07:34:48.340000,8.84257,8.84133,1000000,1000000
2017-04-28 07:34:48.505000,8.84257,8.84139,1000000,1000000
2017-04-28 07:34:48.848000,8.84259,8.84139,1000000,1000000
2017-04-28 07:34:49.379000,8.8426,8.84139,1000000,1000000
2017-04-28 07:34:49.480000,8.84261,8.84141,1000000,1000000
2017-04-28 07:34:50.031000,8.84262,8.84141,1000000,1000000
2017-04-28 07:34:50.297000,8.84268,8.84144,1000000,1000000
2017-04-28 07:34:50.398000,8.84268,8.8414,1000000,1000000
2017-04-28 07:34:50.926000,8.84269,8.8414,1500000,1000000
2017-04-28 07:34:51.049000,8.84264,8.8414,1000000,1000000
2017-04-28 07:34:51.581000,8.84263,8.8414,1000000,1000000
2017-04-28 07:34:51.682000,8.84257,8.84131,1000000,1000000
2017-04-28 07:34:52.237000,8.84258,8.84131,1000000,1000000
2017-04-28 07:34:52.588000,8.84261,8.84131,1500000,1000000
2017-04-28 07:34:52.676000,8.84261,8.84133,1000000,1000000
2017-04-28 07:34:53,8.84257,8.84128,1000000,1000000
2017-04-28 07:34:54.937000,8.84259,8.84135,1000000,1000000
2017-04-28 07:34:55.241000,8.84251,8.84135,1000000,1000000
2017-04-28 07:34:55.668000,8.84248,8.84135,1000000,1000000
2017-04-28 07:34:56.191000,8.84247,8.84135,1000000,1000000
2017-04-28 07:34:56.649000,8.84247,8.84131,1000000,1000000
2017-04-28 07:34:57.504000,8.84247,8.84127,1000000,1000000
2017-04-28 07:34:57.978000,8.84249,8.84127,1000000,1000000
2017-04-28 07:34:58.225000,8.84256,8.84127,1500000,1000000
2017-04-28 07:34:58.501000,8.84256,8.8413,1000000,1000000
2017-04-28 07:34:58.552000,8.84259,8.8413,1000000,1000000
2017-04-28 07:34:59.358000,8.84232,8.84103,1000000,1000000
2017-04-28 07:34:59.663000,8.84219,8.84092,1000000,1000000
2017-04-28 07:35:00.384000,8.84224,8.84094,1000000,1000000
2017-04-28 07:35:00.537000,8.8423,8.841,1000000,1000000
2017-04-28 07:35:00.840000,8.84223,8.84094,1000000,1000000
2017-04-28 07:35:01.342000,8.84234,8.84104,1000000,1000000
2017-04-28 07:35:01.573000,8.84226,8.84096,1000000,1000000
2017-04-28 07:35:01.877000,8.84219,8.8409,1000000,1000000
2017-04-28 07:35:02.324000,8.84234,8.84116,1000000,1000000
2017-04-28 07:35:02.427000,8.84249,8.84124,1000000,1000000
2017-04-28 07:35:02.731000,8.84244,8.84124,1000000,1000000
2017-04-28 07:35:03.045000,8.84247,8.84124,1000000,1000000
2017-04-28 07:35:03.292000,8.84247,8.84119,1000000,1000000
2017-04-28 07:35:03.343000,8.84235,8.84105,1000000,1000000
2017-04-28 07:35:03.647000,8.84249,8.8412,1000000,1000000
2017-04-28 07:35:04.412000,8.84253,8.84124,1000000,1000000
2017-04-28 07:35:05.909000,8.84242,8.84112,1000000,1000000
2017-04-28 07:35:07.312000,8.84243,8.84116,1000000,1000000
2017-04-28 07:35:07.492000,8.84231,8.84101,1000000,1000000
2017-04-28 07:35:07.543000,8.84217,8.8409,1000000,1000000
2017-04-28 07:35:07.838000,8.84208,8.8408,1000000,1000000
2017-04-28 07:35:09.383000,8.84186,8.84056,1000000,1000000
2017-04-28 07:35:09.688000,8.84167,8.84037,1000000,1000000
2017-04-28 07:35:09.991000,8.84176,8.84046,1000000,1000000
2017-04-28 07:35:10.328000,8.84163,8.84034,1000000,1000000
2017-04-28 07:35:10.379000,8.84152,8.84022,1000000,1000000
2017-04-28 07:35:10.692000,8.84142,8.84012,1000000,1000000
2017-04-28 07:35:11.015000,8.8416,8.8403,1000000,1000000
2017-04-28 07:35:11.383000,8.84137,8.84007,1000000,1000000
2017-04-28 07:35:11.688000,8.84114,8.83985,1000000,1000000
2017-04-28 07:35:12.597000,8.841,8.8397,1000000,1000000
2017-04-28 07:35:13.589000,8.84097,8.83967,1000000,1000000
2017-04-28 07:35:14.666000,8.84114,8.84024,1000000,2100000
2017-04-28 07:35:14.768000,8.84187,8.84099,1000000,1000000
2017-04-28 07:35:14.819000,8.84179,8.84099,1000000,1000000
2017-04-28 07:35:14.921000,8.84214,8.84099,1000000,1000000
2017-04-28 07:35:15.023000,8.84208,8.84079,1000000,1000000
2017-04-28 07:35:15.074000,8.84202,8.84079,1000000,1000000
2017-04-28 07:35:15.278000,8.84214,8.8408,1000000,1000000
2017-04-28 07:35:15.381000,8.84204,8.8408,1000000,1000000
2017-04-28 07:35:15.585000,8.84204,8.84061,1000000,1000000
2017-04-28 07:35:15.728000,8.84187,8.84061,1000000,1000000
2017-04-28 07:35:15.779000,8.84187,8.84042,1000000,1000000
2017-04-28 07:35:15.983000,8.84169,8.84041,1000000,1000000
2017-04-28 07:35:16.034000,8.8416,8.84031,1000000,1000000
2017-04-28 07:35:17.238000,8.84159,8.84031,1000000,1000000
2017-04-28 07:35:17.568000,8.84156,8.84031,1000000,1000000
2017-04-28 07:35:17.758000,8.84156,8.84029,1000000,1000000
2017-04-28 07:35:18.282000,8.84155,8.84029,1000000,1000000
2017-04-28 07:35:19.720000,8.84149,8.8402,1000000,1000000
2017-04-28 07:35:20.387000,8.84145,8.84016,1000000,1000000
2017-04-28 07:35:22.296000,8.84146,8.84018,1000000,1000000
2017-04-28 07:35:25.928000,8.84142,8.84013,1000000,1000000
2017-04-28 07:35:26.740000,8.84146,8.84019,1000000,1000000
2017-04-28 07:35:27.253000,8.84155,8.84031,1000000,1000000
2017-04-28 07:35:27.304000,8.84151,8.84024,1000000,1000000
2017-04-28 07:35:28.258000,8.84155,8.84031,1000000,1000000
2017-04-28 07:35:28.322000,8.84151,8.84021,1000000,1000000
2017-04-28 07:35:29.015000,8.84131,8.84001,1000000,1000000
2017-04-28 07:35:29.365000,8.84091,8.83961,1000000,1000000
2017-04-28 07:35:30.278000,8.84085,8.83956,1000000,1000000
2017-04-28 07:35:30.718000,8.84089,8.8396,1000000,1000000
2017-04-28 07:35:31.022000,8.841,8.83975,1000000,1000000
2017-04-28 07:35:31.123000,8.84105,8.83975,1500000,1000000
2017-04-28 07:35:31.274000,8.84098,8.83968,1000000,1000000
2017-04-28 07:35:31.987000,8.841,8.83973,1000000,1000000
2017-04-28 07:35:32.429000,8.84102,8.83973,1000000,1000000
2017-04-28 07:35:33.008000,8.84107,8.8398,1000000,1000000
2017-04-28 07:35:34.722000,8.8411,8.8398,1000000,1000000
2017-04-28 07:35:34.950000,8.84103,8.83974,1000000,1000000
2017-04-28 07:35:35.355000,8.84116,8.83991,1000000,1000000
2017-04-28 07:35:35.406000,8.8412,8.83991,1000000,1000000
2017-04-28 07:35:35.834000,8.84105,8.83978,1000000,1000000
2017-04-28 07:35:35.885000,8.84115,8.83985,1000000,1000000
2017-04-28 07:35:36.038000,8.84124,8.83994,1000000,1000000
2017-04-28 07:35:36.343000,8.84133,8.84004,1000000,1000000
2017-04-28 07:35:36.845000,8.8414,8.8401,1000000,1000000
2017-04-28 07:35:37.424000,8.84136,8.84008,1000000,1000000
2017-04-28 07:35:42.850000,8.84134,8.84003,1000000,1000000
2017-04-28 07:35:43.845000,8.84137,8.84007,1000000,1000000
2017-04-28 07:35:44.079000,8.84126,8.83995,1000000,1000000
2017-04-28 07:35:44.131000,8.84106,8.83976,1000000,1000000
2017-04-28 07:35:44.181000,8.8409,8.83959,1000000,1000000
2017-04-28 07:35:44.841000,8.84081,8.83951,1000000,1000000
2017-04-28 07:35:45.179000,8.84077,8.83947,1000000,1000000
2017-04-28 07:35:45.916000,8.84087,8.83956,1000000,1000000
2017-04-28 07:35:46.441000,8.84096,8.83968,1000000,1000000
2017-04-28 07:35:46.492000,8.84088,8.83958,1000000,1000000
2017-04-28 07:35:46.543000,8.84074,8.83943,1000000,1000000
2017-04-28 07:35:46.594000,8.84062,8.83931,1000000,1000000
2017-04-28 07:35:46.897000,8.84038,8.83907,1000000,1000000
2017-04-28 07:35:47.277000,8.84036,8.83908,1000000,1000000
2017-04-28 07:35:47.433000,8.84027,8.83897,1000000,1000000
2017-04-28 07:35:48.499000,8.84027,8.83896,1000000,1000000
2017-04-28 07:35:49.786000,8.84046,8.83916,1000000,1000000
2017-04-28 07:35:50.089000,8.84056,8.83938,1000000,1000000
2017-04-28 07:35:50.140000,8.84068,8.83938,1000000,1000000
2017-04-28 07:35:50.915000,8.84075,8.83944,1000000,1000000
2017-04-28 07:35:54.990000,8.84085,8.83954,1000000,1000000
2017-04-28 07:35:56.508000,8.84087,8.83964,1000000,1000000
2017-04-28 07:35:56.660000,8.84095,8.83964,1000000,1000000
2017-04-28 07:35:57.876000,8.84097,8.83966,1000000,1000000
2017-04-28 07:35:58.440000,8.84098,8.83966,1000000,1000000
2017-04-28 07:35:58.969000,8.84101,8.8397,1000000,1000000
2017-04-28 07:35:59.532000,8.84107,8.83976,1000000,1000000
2017-04-28 07:36:00.591000,8.84092,8.83976,1000000,1000000
2017-04-28 07:36:01.651000,8.84093,8.83976,1000000,1000000
2017-04-28 07:36:02.898000,8.84094,8.83976,1000000,1000000
2017-04-28 07:36:03.490000,8.84094,8.83967,1000000,1000000
2017-04-28 07:36:05.539000,8.84085,8.83967,1000000,1000000
2017-04-28 07:36:05.758000,8.84094,8.83967,1000000,1000000
2017-04-28 07:36:06.172000,8.84093,8.83962,1000000,1000000
2017-04-28 07:36:06.223000,8.8408,8.83962,1000000,1000000
2017-04-28 07:36:06.440000,8.8408,8.83957,1000000,1000000
2017-04-28 07:36:06.857000,8.84082,8.83957,1000000,1000000
2017-04-28 07:36:07.428000,8.84085,8.8396,1000000,1000000
2017-04-28 07:36:07.760000,8.84088,8.8396,1000000,1000000
2017-04-28 07:36:07.958000,8.8409,8.8396,1500000,1000000
2017-04-28 07:36:11.256000,8.84092,8.83961,1000000,1000000
2017-04-28 07:36:12.122000,8.84091,8.8396,1000000,1000000
2017-04-28 07:36:12.601000,8.84082,8.83956,1000000,1000000
2017-04-28 07:36:12.702000,8.84093,8.83962,1000000,1000000
2017-04-28 07:36:13.175000,8.84087,8.83958,1000000,1000000
2017-04-28 07:36:13.928000,8.84092,8.83963,1000000,1000000
2017-04-28 07:36:14.279000,8.84088,8.83957,1000000,1000000
2017-04-28 07:36:14.380000,8.84086,8.83957,1000000,1000000
2017-04-28 07:36:14.702000,8.84081,8.83957,1000000,1000000
2017-04-28 07:36:15.327000,8.84088,8.83957,1000000,1000000
2017-04-28 07:36:17.797000,8.8409,8.83961,1000000,1000000
2017-04-28 07:36:17.898000,8.84092,8.83961,1000000,1000000
2017-04-28 07:36:18.801000,8.84094,8.83963,1000000,1000000
2017-04-28 07:36:21.053000,8.8408,8.8395,1000000,1000000
2017-04-28 07:36:21.572000,8.84079,8.8395,1000000,1000000
2017-04-28 07:36:22.119000,8.8408,8.8395,1000000,1000000
2017-04-28 07:36:22.627000,8.84081,8.83951,1000000,1000000
2017-04-28 07:36:22.839000,8.84086,8.83955,1000000,1000000
2017-04-28 07:36:23.690000,8.84081,8.8395,1000000,1000000
2017-04-28 07:36:27.926000,8.84078,8.83948,1000000,1000000
2017-04-28 07:36:28.330000,8.84082,8.83952,1000000,1000000
2017-04-28 07:36:29.753000,8.84079,8.83952,1000000,1000000
2017-04-28 07:36:29.804000,8.84029,8.83899,1000000,1000000
2017-04-28 07:36:29.855000,8.84016,8.83886,1000000,1000000
2017-04-28 07:36:29.906000,8.84018,8.83887,1000000,1000000
2017-04-28 07:36:30.563000,8.84005,8.83875,1000000,1000000
2017-04-28 07:36:30.868000,8.83996,8.83866,1500000,1000000
2017-04-28 07:36:32.524000,8.83994,8.83866,1000000,1000000
2017-04-28 07:36:33.057000,8.83996,8.83866,2250000,1000000
2017-04-28 07:36:33.582000,8.83996,8.83868,1500000,1000000
2017-04-28 07:36:33.890000,8.83985,8.83855,1000000,1000000
2017-04-28 07:36:34.092000,8.8397,8.8384,1000000,1000000
2017-04-28 07:36:34.691000,8.83961,8.8383,1000000,1000000
2017-04-28 07:36:35.835000,8.8396,8.8383,1000000,1000000
2017-04-28 07:36:36.117000,8.83955,8.8383,1000000,1000000
2017-04-28 07:36:36.446000,8.83953,8.8383,1000000,1000000
2017-04-28 07:36:36.666000,8.83957,8.8383,1000000,1000000
2017-04-28 07:36:36.908000,8.83996,8.83869,1000000,1000000
2017-04-28 07:36:37.211000,8.84018,8.83899,1000000,1000000
2017-04-28 07:36:37.864000,8.84019,8.83899,1000000,1000000
2017-04-28 07:36:37.966000,8.84018,8.83895,1000000,1000000
2017-04-28 07:36:39.106000,8.84019,8.83895,1000000,1000000
2017-04-28 07:36:39.417000,8.84021,8.83895,1000000,1000000
2017-04-28 07:36:40.078000,8.84022,8.83895,1000000,1000000
2017-04-28 07:36:40.725000,8.84023,8.83895,1000000,1000000
2017-04-28 07:36:41.067000,8.84017,8.83895,1000000,1000000
2017-04-28 07:36:41.397000,8.84023,8.83895,1000000,1000000
2017-04-28 07:36:41.911000,8.84024,8.83895,1000000,1000000
2017-04-28 07:36:42.749000,8.84031,8.839,1000000,1000000
2017-04-28 07:36:42.963000,8.84033,8.83906,1000000,1000000
2017-04-28 07:36:43.598000,8.84028,8.83906,1000000,1000000
2017-04-28 07:36:43.927000,8.8403,8.83906,1000000,1000000
2017-04-28 07:36:45.027000,8.84031,8.83906,1000000,1000000
2017-04-28 07:36:45.687000,8.84033,8.83906,1500000,1000000
2017-04-28 07:36:47.557000,8.84032,8.83906,1000000,1000000
2017-04-28 07:36:48.630000,8.84032,8.83903,1000000,1000000
2017-04-28 07:36:49.133000,8.84031,8.83903,1000000,1000000
2017-04-28 07:36:49.683000,8.84032,8.83903,1000000,1000000
2017-04-28 07:36:50.342000,8.84033,8.83903,1000000,1000000
2017-04-28 07:36:50.902000,8.84027,8.83903,1000000,1000000
2017-04-28 07:36:51.211000,8.83997,8.83869,1000000,1000000
2017-04-28 07:36:51.313000,8.83997,8.83867,1000000,1000000
2017-04-28 07:36:52.501000,8.83999,8.83869,1000000,1000000
2017-04-28 07:36:53.014000,8.84004,8.83891,1000000,1000000
2017-04-28 07:36:53.165000,8.84021,8.83891,1000000,1000000
2017-04-28 07:36:53.216000,8.84022,8.839,1000000,1000000
2017-04-28 07:36:53.537000,8.8402,8.839,1000000,1000000
2017-04-28 07:36:53.717000,8.84025,8.839,1000000,1000000
2017-04-28 07:36:54.036000,8.84025,8.83905,1000000,1000000
2017-04-28 07:36:54.087000,8.84029,8.83905,1000000,1000000
2017-04-28 07:36:55.710000,8.84023,8.83905,1000000,1000000
2017-04-28 07:36:56.068000,8.84032,8.83905,1000000,1000000
2017-04-28 07:36:56.247000,8.84029,8.83905,1000000,1000000
2017-04-28 07:36:56.597000,8.84023,8.83905,1000000,1000000
2017-04-28 07:36:57.119000,8.84022,8.83905,1000000,1000000
2017-04-28 07:36:57.554000,8.84016,8.83905,1000000,1000000
2017-04-28 07:36:57.787000,8.84023,8.83905,1000000,1000000
2017-04-28 07:36:57.985000,8.84023,8.83909,1000000,1000000
2017-04-28 07:36:58.036000,8.84026,8.83909,1000000,1000000
2017-04-28 07:36:58.337000,8.8403,8.83909,1000000,1000000
2017-04-28 07:36:58.670000,8.84033,8.83909,1000000,1000000
2017-04-28 07:36:58.930000,8.84035,8.83909,1000000,1000000
2017-04-28 07:36:58.987000,8.84035,8.83906,1000000,1000000
2017-04-28 07:36:59.539000,8.84036,8.83906,1500000,1000000
2017-04-28 07:37:03.469000,8.84035,8.83904,1000000,1000000
2017-04-28 07:37:04.014000,8.84034,8.83904,1000000,1000000
2017-04-28 07:37:07.551000,8.84036,8.83906,1000000,1000000
2017-04-28 07:37:11.490000,8.84022,8.83892,1000000,1000000
2017-04-28 07:37:12.859000,8.84012,8.83882,1000000,1000000
2017-04-28 07:37:13.163000,8.83988,8.8386,1000000,1000000
2017-04-28 07:37:13.830000,8.83984,8.83854,1000000,1000000
2017-04-28 07:37:14.398000,8.83988,8.83858,1000000,1000000
2017-04-28 07:37:15.412000,8.83992,8.83862,1000000,1000000
2017-04-28 07:37:15.781000,8.84006,8.83882,1000000,1000000
2017-04-28 07:37:16.452000,8.84006,8.83886,1000000,1000000
2017-04-28 07:37:17.500000,8.84016,8.83886,1000000,1000000
2017-04-28 07:37:22.553000,8.84015,8.83885,1000000,1000000
2017-04-28 07:37:24.663000,8.8402,8.83891,1000000,1000000
2017-04-28 07:37:25.193000,8.84021,8.83891,1000000,1000000
2017-04-28 07:37:25.648000,8.84016,8.83886,1000000,1000000
2017-04-28 07:37:28.045000,8.84031,8.83886,1000000,1000000
2017-04-28 07:37:29.061000,8.8403,8.83886,1000000,1000000
2017-04-28 07:37:48.699000,8.84029,8.83886,1000000,1000000
2017-04-28 07:37:48.935000,8.84033,8.83891,1000000,1000000
2017-04-28 07:37:52.607000,8.84033,8.83889,1000000,1000000
2017-04-28 07:37:54.013000,8.84024,8.83889,1000000,1000000
2017-04-28 07:37:54.370000,8.84029,8.83889,1000000,1000000
2017-04-28 07:37:54.546000,8.84033,8.83889,1500000,1000000
2017-04-28 07:37:58.143000,8.84018,8.83889,1000000,1000000
2017-04-28 07:37:59.106000,8.84016,8.83887,1000000,1000000
2017-04-28 07:37:59.618000,8.84026,8.83899,1000000,1000000
2017-04-28 07:38:01.533000,8.84025,8.83896,1000000,1000000
2017-04-28 07:38:02.537000,8.84021,8.83892,1000000,1000000
2017-04-28 07:38:03.622000,8.84025,8.83896,1000000,1000000
2017-04-28 07:38:04.631000,8.84017,8.83888,1000000,1000000
2017-04-28 07:38:06.945000,8.83996,8.83865,1000000,1000000
2017-04-28 07:38:07.623000,8.83987,8.83858,1000000,1000000
2017-04-28 07:38:08.745000,8.83991,8.83864,1000000,1000000
2017-04-28 07:38:12.151000,8.83987,8.83858,1000000,1000000
2017-04-28 07:38:12.928000,8.83982,8.83853,1000000,1000000
2017-04-28 07:38:13.232000,8.83959,8.83832,1000000,1000000
2017-04-28 07:38:13.508000,8.83948,8.83819,1000000,1000000
2017-04-28 07:38:13.734000,8.83926,8.83797,1000000,1000000
2017-04-28 07:38:14.180000,8.83916,8.83787,1000000,1000000
2017-04-28 07:38:14.795000,8.83912,8.83783,1000000,1000000
2017-04-28 07:38:16.766000,8.83916,8.83787,1000000,1000000
2017-04-28 07:38:17.072000,8.83934,8.8382,1000000,1000000
2017-04-28 07:38:17.223000,8.83949,8.8382,1000000,1000000
2017-04-28 07:38:17.855000,8.83954,8.83825,1000000,1000000
2017-04-28 07:38:18.160000,8.83959,8.8383,1000000,1000000
2017-04-28 07:38:19.070000,8.83962,8.83833,1000000,1000000
2017-04-28 07:38:19.788000,8.83966,8.83839,1500000,1000000
2017-04-28 07:38:19.839000,8.83965,8.83836,1000000,1000000
2017-04-28 07:38:20.062000,8.83966,8.83847,1000000,1000000
2017-04-28 07:38:20.366000,8.83966,8.83861,1000000,1000000
2017-04-28 07:38:20.922000,8.83966,8.83857,1000000,1000000
2017-04-28 07:38:21.042000,8.83966,8.83861,1000000,1000000
2017-04-28 07:38:22.922000,8.8399,8.83861,1000000,1000000
2017-04-28 07:38:24.978000,8.83973,8.83844,1000000,1000000
2017-04-28 07:38:25.282000,8.83954,8.83825,1000000,1000000
2017-04-28 07:38:25.968000,8.83946,8.83817,1000000,1000000
2017-04-28 07:38:26.297000,8.83937,8.83808,1000000,1000000
2017-04-28 07:38:28.165000,8.83938,8.83809,1000000,1000000
2017-04-28 07:38:30.757000,8.83933,8.83806,1000000,1000000
2017-04-28 07:38:31.268000,8.83909,8.83792,1000000,1000000
2017-04-28 07:38:31.319000,8.83909,8.8378,1000000,1000000
2017-04-28 07:38:32.158000,8.83906,8.83777,1000000,1000000
2017-04-28 07:38:32.603000,8.83863,8.83734,1000000,1000000
2017-04-28 07:38:33.110000,8.83853,8.83724,1000000,1000000
2017-04-28 07:38:34.114000,8.83855,8.83726,1000000,1000000
2017-04-28 07:38:37.684000,8.83853,8.83724,1000000,1000000
2017-04-28 07:38:43.195000,8.83861,8.83732,1000000,1000000
2017-04-28 07:38:44.197000,8.83858,8.83729,1000000,1000000
2017-04-28 07:38:46.825000,8.83856,8.83727,1000000,1000000
2017-04-28 07:38:47.392000,8.83825,8.83696,1000000,1000000
2017-04-28 07:38:48.390000,8.83823,8.83694,1000000,1000000
2017-04-28 07:38:49.230000,8.83817,8.83688,1000000,1000000
2017-04-28 07:38:52.744000,8.83819,8.8369,1000000,1000000
2017-04-28 07:38:57.541000,8.83822,8.83693,1000000,1000000
2017-04-28 07:38:57.903000,8.83796,8.83668,1000000,1000000
2017-04-28 07:38:58.404000,8.83784,8.83655,1000000,1000000
2017-04-28 07:39:01.761000,8.83778,8.83649,1000000,1000000
2017-04-28 07:39:02.193000,8.83774,8.83646,1000000,1000000
2017-04-28 07:39:03.284000,8.83778,8.8365,1000000,1000000
2017-04-28 07:39:04.310000,8.83776,8.83647,1000000,1000000
2017-04-28 07:39:05.352000,8.8378,8.83651,1000000,1000000
2017-04-28 07:39:07.788000,8.83769,8.8364,1000000,1000000
2017-04-28 07:39:07.970000,8.8378,8.83629,1000000,1000000
2017-04-28 07:39:13.351000,8.83777,8.83631,1000000,1000000
2017-04-28 07:39:15.053000,8.83771,8.83627,1000000,1000000
2017-04-28 07:39:16.060000,8.83752,8.83606,1000000,1000000
2017-04-28 07:39:16.111000,8.83744,8.83599,1000000,1000000
2017-04-28 07:39:16.586000,8.83739,8.83594,1000000,1000000
2017-04-28 07:39:17.422000,8.83743,8.83598,1000000,1000000
2017-04-28 07:39:17.935000,8.83744,8.83598,1000000,1000000
2017-04-28 07:39:18.459000,8.8374,8.83594,1000000,1000000
2017-04-28 07:39:18.904000,8.83737,8.83587,1000000,1000000
2017-04-28 07:39:19.905000,8.83736,8.83585,1000000,1000000
2017-04-28 07:39:21.280000,8.83741,8.83591,1000000,1000000
2017-04-28 07:39:22.369000,8.83754,8.83603,1500000,1000000
2017-04-28 07:39:22.776000,8.83755,8.83608,1000000,1000000
2017-04-28 07:39:23.762000,8.83755,8.83611,1000000,1000000
2017-04-28 07:39:26.245000,8.83755,8.83618,1000000,1000000
2017-04-28 07:39:26.548000,8.83755,8.83624,1000000,1000000
2017-04-28 07:39:27.369000,8.83773,8.83624,1000000,1000000
2017-04-28 07:39:27.873000,8.83774,8.83622,1000000,1000000
2017-04-28 07:39:28.323000,8.83768,8.83622,1000000,1000000
2017-04-28 07:39:29.286000,8.83767,8.83621,1000000,1000000
2017-04-28 07:39:30.588000,8.83767,8.83622,1000000,1000000
2017-04-28 07:39:31.161000,8.83773,8.83628,1000000,1000000
2017-04-28 07:39:33.097000,8.83771,8.83615,1000000,1000000
2017-04-28 07:39:33.147000,8.83771,8.83615,1370000,1000000
2017-04-28 07:39:33.249000,8.83771,8.83615,1000000,1000000
2017-04-28 07:39:33.959000,8.8377,8.83625,1000000,1000000
2017-04-28 07:39:37.855000,8.83772,8.83627,1000000,1000000
2017-04-28 07:39:38.162000,8.83758,8.83628,1000000,1000000
2017-04-28 07:39:40.855000,8.8375,8.83628,1000000,1000000
2017-04-28 07:39:43.342000,8.83759,8.83626,1000000,1000000
2017-04-28 07:39:45.027000,8.83774,8.83641,1000000,1000000
2017-04-28 07:39:45.332000,8.83782,8.83649,1000000,1000000
2017-04-28 07:39:45.636000,8.83767,8.83636,1000000,1000000
2017-04-28 07:39:47.757000,8.83764,8.83631,1000000,1000000
2017-04-28 07:39:48.044000,8.83753,8.83622,1000000,1000000
2017-04-28 07:39:48.938000,8.83741,8.83621,1000000,1000000
2017-04-28 07:39:50.408000,8.83711,8.83592,1000000,1000000
2017-04-28 07:39:51.424000,8.83713,8.83592,1000000,1000000
2017-04-28 07:39:52.855000,8.83715,8.83594,1000000,1000000
2017-04-28 07:39:58.344000,8.83713,8.83592,1000000,1000000
2017-04-28 07:40:02.195000,8.83707,8.83586,1000000,1000000
2017-04-28 07:40:03.441000,8.83712,8.83593,1000000,1000000
2017-04-28 07:40:04.452000,8.83716,8.83595,1000000,1000000
2017-04-28 07:40:04.855000,8.8373,8.83611,1000000,1000000
2017-04-28 07:40:04.906000,8.8374,8.83619,1000000,1000000
2017-04-28 07:40:04.957000,8.83748,8.83627,1000000,1000000
2017-04-28 07:40:05.008000,8.83746,8.83611,1000000,1000000
2017-04-28 07:40:05.060000,8.83747,8.83626,1000000,1000000
2017-04-28 07:40:05.990000,8.83742,8.83622,1000000,1000000
2017-04-28 07:40:07.703000,8.83747,8.83626,1000000,1000000
2017-04-28 07:40:08.314000,8.83742,8.83622,1000000,1000000
2017-04-28 07:40:09.357000,8.83726,8.83605,1000000,1000000
2017-04-28 07:40:09.458000,8.83719,8.83601,1000000,1000000
2017-04-28 07:40:09.712000,8.83737,8.83616,1000000,1000000
2017-04-28 07:40:10.729000,8.83738,8.83617,1000000,1000000
2017-04-28 07:40:13.346000,8.83741,8.83621,1000000,1000000
2017-04-28 07:40:13.660000,8.8375,8.8363,1000000,1000000
2017-04-28 07:40:13.966000,8.83766,8.83648,1000000,1000000
2017-04-28 07:40:14.119000,8.83787,8.83605,1000000,1600000
2017-04-28 07:40:14.222000,8.83787,8.8362,1000000,1600000
2017-04-28 07:40:14.526000,8.83787,8.83672,1000000,1000000
2017-04-28 07:40:14.827000,8.83807,8.83701,1000000,1000000
2017-04-28 07:40:14.879000,8.83819,8.83701,1000000,1000000
2017-04-28 07:40:15.850000,8.83819,8.83702,1000000,1000000
2017-04-28 07:40:16.778000,8.8381,8.83692,1000000,1000000
2017-04-28 07:40:16.948000,8.83819,8.83689,1000000,1000000
2017-04-28 07:40:16.998000,8.83819,8.83724,1000000,1000000
2017-04-28 07:40:17.049000,8.83839,8.83724,1000000,1000000
2017-04-28 07:40:17.100000,8.83844,8.83724,1000000,1000000
2017-04-28 07:40:17.152000,8.83859,8.83738,1000000,1000000
2017-04-28 07:40:18.123000,8.83864,8.83743,1000000,1000000
2017-04-28 07:40:19.200000,8.83868,8.83748,1000000,1000000
2017-04-28 07:40:19.528000,8.83899,8.8378,1000000,1000000
2017-04-28 07:40:20.315000,8.83902,8.83781,1000000,1000000
2017-04-28 07:40:20.366000,8.83908,8.83788,1000000,1000000
2017-04-28 07:40:20.802000,8.83894,8.83773,1000000,1000000
2017-04-28 07:40:21.818000,8.8389,8.83769,1000000,1000000
2017-04-28 07:40:23.172000,8.8388,8.83759,1000000,1000000
2017-04-28 07:40:23.504000,8.83869,8.83748,1000000,1000000
2017-04-28 07:40:23.822000,8.83858,8.83739,1000000,1000000
2017-04-28 07:40:24.291000,8.83841,8.83722,1000000,1000000
2017-04-28 07:40:24.393000,8.83832,8.83711,1000000,1000000
2017-04-28 07:40:24.647000,8.83826,8.83705,1000000,1000000
2017-04-28 07:40:28.685000,8.83823,8.83704,1000000,1000000
2017-04-28 07:40:29.522000,8.83824,8.83704,1000000,1000000
2017-04-28 07:40:30.810000,8.8382,8.83699,1000000,1000000
2017-04-28 07:40:31.633000,8.83816,8.83695,1000000,1000000
2017-04-28 07:40:34.087000,8.83814,8.83694,1000000,1000000
2017-04-28 07:40:34.830000,8.83819,8.83694,1000000,1000000
2017-04-28 07:40:34.881000,8.83839,8.83694,1000000,1000000
2017-04-28 07:40:34.933000,8.83833,8.83701,1000000,1000000
2017-04-28 07:40:35.236000,8.83844,8.83721,1000000,1000000
2017-04-28 07:40:35.439000,8.83832,8.83712,1000000,1000000
2017-04-28 07:40:35.543000,8.83821,8.837,1000000,1000000
2017-04-28 07:40:36.238000,8.83815,8.83695,1000000,1000000
2017-04-28 07:40:36.802000,8.83795,8.83674,1000000,1000000
2017-04-28 07:40:37.108000,8.83785,8.83664,1000000,1000000
2017-04-28 07:40:38.100000,8.83787,8.83667,1000000,1000000
2017-04-28 07:40:38.699000,8.83783,8.83662,1000000,1000000
2017-04-28 07:40:40.074000,8.8378,8.8366,1000000,1000000
2017-04-28 07:40:40.426000,8.83784,8.83664,1000000,1000000
2017-04-28 07:40:40.826000,8.83778,8.83658,1000000,1000000
2017-04-28 07:40:43.579000,8.83782,8.83661,1000000,1000000
2017-04-28 07:40:44.567000,8.83778,8.83657,1000000,1000000
2017-04-28 07:40:45.360000,8.83782,8.83661,1000000,1000000
2017-04-28 07:40:47.286000,8.83777,8.83656,1000000,1000000
2017-04-28 07:40:48.975000,8.83785,8.83664,1000000,1000000
2017-04-28 07:40:49.297000,8.83798,8.83702,1000000,1000000
2017-04-28 07:40:49.399000,8.83822,8.83702,1000000,1000000
2017-04-28 07:40:50.068000,8.83823,8.83703,1000000,1000000
2017-04-28 07:40:52.960000,8.83824,8.83703,1000000,1000000
2017-04-28 07:40:58.633000,8.83825,8.83704,1000000,1000000
2017-04-28 07:41:01.368000,8.83819,8.83699,1000000,1000000
2017-04-28 07:41:01.570000,8.83795,8.83674,1000000,1000000
2017-04-28 07:41:01.671000,8.83796,8.83676,1000000,1000000
2017-04-28 07:41:04.094000,8.83801,8.8368,1000000,1000000
2017-04-28 07:41:05.667000,8.83814,8.83693,1000000,1000000
2017-04-28 07:41:06.377000,8.8382,8.837,1000000,1000000
2017-04-28 07:41:07.738000,8.83825,8.83705,1000000,1000000
2017-04-28 07:41:08.233000,8.83832,8.83699,1000000,1750000
2017-04-28 07:41:08.400000,8.83832,8.83759,1000000,1000000
2017-04-28 07:41:08.451000,8.83833,8.83713,1000000,1500000
2017-04-28 07:41:08.553000,8.83833,8.83715,1000000,1000000
2017-04-28 07:41:08.856000,8.83848,8.83743,1000000,1000000
2017-04-28 07:41:09.007000,8.83863,8.83743,1000000,1000000
2017-04-28 07:41:09.312000,8.83873,8.83753,1000000,1000000
2017-04-28 07:41:11.247000,8.83888,8.83769,1000000,1000000
2017-04-28 07:41:12.211000,8.83883,8.83763,1000000,1000000
2017-04-28 07:41:12.756000,8.83876,8.83756,1000000,1000000
2017-04-28 07:41:13.754000,8.83874,8.83754,1000000,1000000
2017-04-28 07:41:16.160000,8.8387,8.83749,1000000,1000000
2017-04-28 07:41:19.200000,8.83875,8.83755,1000000,1000000
2017-04-28 07:41:19.861000,8.8387,8.8375,1000000,1000000
2017-04-28 07:41:20.212000,8.83893,8.83792,1000000,1000000
2017-04-28 07:41:20.263000,8.83918,8.83797,1000000,1000000
2017-04-28 07:41:20.672000,8.83918,8.83803,1000000,1000000
2017-04-28 07:41:20.861000,8.83928,8.83808,1000000,1000000
2017-04-28 07:41:23.029000,8.83927,8.83807,1000000,1000000
2017-04-28 07:41:23.618000,8.83917,8.83797,1000000,1000000
2017-04-28 07:41:23.669000,8.83907,8.83786,1000000,1000000
2017-04-28 07:41:27.037000,8.83913,8.83793,1000000,1000000
2017-04-28 07:41:28.622000,8.83914,8.83794,1000000,1000000
2017-04-28 07:41:29.532000,8.83916,8.83796,1000000,1000000
2017-04-28 07:41:35.355000,8.83925,8.83805,1000000,1000000
2017-04-28 07:41:35.406000,8.83932,8.83811,1000000,1000000
2017-04-28 07:41:36.332000,8.83936,8.83816,1000000,1000000
2017-04-28 07:41:38.065000,8.83935,8.83815,1000000,1000000
2017-04-28 07:41:39.890000,8.83923,8.83803,1000000,1000000
2017-04-28 07:41:43.591000,8.83926,8.83805,1000000,1000000
2017-04-28 07:41:44.931000,8.83921,8.838,1000000,1000000
2017-04-28 07:41:45.205000,8.83921,8.83775,1000000,1000000
2017-04-28 07:41:45.839000,8.83921,8.83772,1000000,1500000
2017-04-28 07:41:46.168000,8.83921,8.83774,1000000,1000000
2017-04-28 07:41:46.739000,8.83921,8.83775,1000000,1000000
2017-04-28 07:41:47.064000,8.83921,8.83779,1000000,1000000
2017-04-28 07:41:47.674000,8.83926,8.83779,1000000,1000000
2017-04-28 07:41:47.725000,8.83926,8.83782,1000000,1000000
2017-04-28 07:41:48.230000,8.83926,8.8378,1000000,1000000
2017-04-28 07:41:48.583000,8.83918,8.83781,1000000,1000000
2017-04-28 07:41:48.834000,8.83912,8.83764,1000000,1000000
2017-04-28 07:41:48.886000,8.83889,8.83764,1000000,1000000
2017-04-28 07:41:49.217000,8.83889,8.8374,1000000,1000000
2017-04-28 07:41:49.718000,8.83884,8.8374,1000000,1000000
2017-04-28 07:41:49.945000,8.83884,8.83737,1000000,1000000
2017-04-28 07:41:50.486000,8.83884,8.83736,1000000,1000000
2017-04-28 07:41:52.037000,8.83883,8.83733,1000000,1000000
2017-04-28 07:41:52.197000,8.83878,8.83729,1000000,1500000
2017-04-28 07:41:52.549000,8.83878,8.83731,1000000,1000000
2017-04-28 07:41:52.952000,8.83878,8.83734,1000000,1000000
2017-04-28 07:41:53.540000,8.83878,8.83733,1000000,1000000
2017-04-28 07:41:53.850000,8.83884,8.83737,1000000,1000000
2017-04-28 07:41:54.128000,8.83884,8.83743,1000000,1000000
2017-04-28 07:41:54.498000,8.83884,8.83748,1000000,1000000
2017-04-28 07:41:54.828000,8.83884,8.8375,1000000,1000000
2017-04-28 07:41:55.202000,8.83884,8.83754,1000000,1000000
2017-04-28 07:41:55.378000,8.83884,8.8375,1000000,1000000
2017-04-28 07:41:55.493000,8.83879,8.8375,1000000,1000000
2017-04-28 07:41:55.708000,8.83879,8.83745,1000000,1000000
2017-04-28 07:41:56.284000,8.83899,8.83779,1000000,1000000
2017-04-28 07:41:56.587000,8.8391,8.8379,1000000,1000000
2017-04-28 07:41:56.915000,8.83919,8.83801,1000000,1000000
2017-04-28 07:41:57.098000,8.8393,8.8381,1000000,1000000
2017-04-28 07:41:57.704000,8.8393,8.83822,1000000,1000000
2017-04-28 07:41:57.807000,8.8394,8.83822,1000000,1000000
2017-04-28 07:41:58.065000,8.8394,8.8382,1000000,1000000
2017-04-28 07:41:58.525000,8.83929,8.83813,1000000,1000000
2017-04-28 07:41:58.576000,8.83929,8.8381,1000000,1000000
2017-04-28 07:41:59.479000,8.83929,8.83808,1000000,1000000
2017-04-28 07:42:00.267000,8.83929,8.8381,1000000,1000000
2017-04-28 07:42:00.598000,8.83929,8.83808,1000000,1000000
2017-04-28 07:42:01.866000,8.83914,8.83793,1000000,1000000
2017-04-28 07:42:02.168000,8.83894,8.83774,1000000,1000000
2017-04-28 07:42:02.830000,8.83887,8.83767,1000000,1000000
2017-04-28 07:42:02.931000,8.83902,8.83768,1000000,1000000
2017-04-28 07:42:03.033000,8.83914,8.83794,1000000,1000000
2017-04-28 07:42:03.347000,8.83893,8.83773,1000000,1000000
2017-04-28 07:42:03.675000,8.83904,8.83784,1000000,1000000
2017-04-28 07:42:03.978000,8.83893,8.83773,1000000,1000000
2017-04-28 07:42:04.317000,8.83899,8.83779,1000000,1000000
2017-04-28 07:42:05.026000,8.83898,8.83778,1000000,1000000
2017-04-28 07:42:05.329000,8.83903,8.83784,1000000,1000000
2017-04-28 07:42:05.550000,8.83899,8.83778,1000000,1000000
2017-04-28 07:42:07.298000,8.83889,8.8377,1000000,1000000
2017-04-28 07:42:07.349000,8.83873,8.83753,1000000,1000000
2017-04-28 07:42:07.399000,8.83858,8.83733,1000000,1000000
2017-04-28 07:42:08.335000,8.83858,8.83738,1000000,1000000
2017-04-28 07:42:08.588000,8.83836,8.83715,1000000,1000000
2017-04-28 07:42:09.574000,8.83829,8.83708,1000000,1000000
2017-04-28 07:42:12.171000,8.83833,8.83712,1000000,1000000
2017-04-28 07:42:13.122000,8.83834,8.83713,1000000,1000000
2017-04-28 07:42:13.460000,8.83795,8.83703,1000000,1000000
2017-04-28 07:42:13.511000,8.83803,8.83682,1000000,1000000
2017-04-28 07:42:13.562000,8.83812,8.83691,1000000,1000000
2017-04-28 07:42:13.890000,8.83777,8.83671,1000000,1000000
2017-04-28 07:42:13.991000,8.83777,8.8366,1000000,1000000
2017-04-28 07:42:14.308000,8.83777,8.83657,1000000,1000000
2017-04-28 07:42:14.766000,8.83769,8.83648,1000000,1000000
2017-04-28 07:42:14.817000,8.83761,8.83643,1000000,1000000
2017-04-28 07:42:15.073000,8.83769,8.83649,1000000,1000000
2017-04-28 07:42:15.124000,8.83775,8.83655,1000000,1000000
2017-04-28 07:42:16.378000,8.83801,8.83707,1000000,1000000
2017-04-28 07:42:16.429000,8.83848,8.83738,1000000,1000000
2017-04-28 07:42:16.481000,8.83857,8.83738,1000000,1000000
2017-04-28 07:42:16.633000,8.83859,8.83738,1000000,1000000
2017-04-28 07:42:17.425000,8.83858,8.83737,1000000,1000000
2017-04-28 07:42:19.248000,8.83857,8.83737,1000000,1000000
2017-04-28 07:42:19.399000,8.83853,8.83733,1000000,1000000
2017-04-28 07:42:20.010000,8.83825,8.83707,1000000,1000000
2017-04-28 07:42:20.061000,8.83828,8.83707,1000000,1000000
2017-04-28 07:42:20.179000,8.83849,8.83713,1000000,1000000
2017-04-28 07:42:21.745000,8.83846,8.83708,1000000,1000000
2017-04-28 07:42:25.794000,8.8385,8.83712,1000000,1000000
2017-04-28 07:42:26.097000,8.83853,8.83717,1000000,1000000
2017-04-28 07:42:28.692000,8.83854,8.8373,1000000,1000000
2017-04-28 07:42:34.305000,8.83854,8.83726,1000000,1000000
2017-04-28 07:42:38.198000,8.83856,8.83729,1000000,1000000
2017-04-28 07:42:38.768000,8.83852,8.83724,1000000,1000000
2017-04-28 07:42:40.825000,8.83865,8.83737,1000000,1000000
2017-04-28 07:42:41.128000,8.83894,8.83766,1000000,1000000
2017-04-28 07:42:41.578000,8.83886,8.83766,1000000,1000000
2017-04-28 07:42:41.907000,8.83879,8.83772,1000000,1000000
2017-04-28 07:42:42.008000,8.83879,8.83756,1000000,1000000
2017-04-28 07:42:42.457000,8.83876,8.83756,1000000,1000000
2017-04-28 07:42:43.601000,8.83884,8.83756,1000000,1000000
2017-04-28 07:42:43.781000,8.83876,8.83757,1000000,1000000
2017-04-28 07:42:44.723000,8.83876,8.83754,1000000,1000000
2017-04-28 07:42:45.334000,8.83876,8.83772,1000000,1000000
2017-04-28 07:42:45.435000,8.8389,8.83772,1000000,1000000
2017-04-28 07:42:47.187000,8.83888,8.83772,1000000,1000000
2017-04-28 07:42:47.771000,8.83886,8.83772,1000000,1000000
2017-04-28 07:42:47.822000,8.83889,8.83772,1000000,1000000
2017-04-28 07:42:48.138000,8.83886,8.83765,1000000,1000000
2017-04-28 07:42:49.353000,8.83888,8.83754,1000000,1000000
2017-04-28 07:42:51.097000,8.83893,8.83758,1000000,1000000
2017-04-28 07:42:51.229000,8.83888,8.83754,1000000,1000000
2017-04-28 07:42:51.327000,8.83893,8.83758,1000000,1000000
2017-04-28 07:42:51.658000,8.83894,8.83779,1000000,1000000
2017-04-28 07:42:51.710000,8.83889,8.83769,1000000,1000000
2017-04-28 07:42:51.811000,8.83898,8.83772,1000000,1000000
2017-04-28 07:42:51.862000,8.83918,8.83772,1000000,1000000
2017-04-28 07:42:52.013000,8.83927,8.83809,1500000,1000000
2017-04-28 07:42:52.064000,8.83924,8.83772,1000000,1000000
2017-04-28 07:42:53.039000,8.83923,8.83772,1000000,1000000
2017-04-28 07:42:58.748000,8.83918,8.83773,1000000,1000000
2017-04-28 07:42:59.316000,8.83917,8.83772,1000000,1000000
2017-04-28 07:42:59.667000,8.83929,8.83809,1000000,1000000
2017-04-28 07:43:00.112000,8.83935,8.83814,1000000,1000000
2017-04-28 07:43:00.278000,8.83929,8.83809,1000000,1000000
2017-04-28 07:43:01.633000,8.83931,8.83778,1000000,1000000
2017-04-28 07:43:03.035000,8.83936,8.83782,1000000,1000000
2017-04-28 07:43:04.188000,8.83946,8.83785,1000000,1000000
2017-04-28 07:43:04.238000,8.83954,8.83803,1000000,1600000
2017-04-28 07:43:04.339000,8.83979,8.83825,1000000,1000000
2017-04-28 07:43:05.229000,8.83974,8.83827,1000000,1000000
2017-04-28 07:43:06.498000,8.8398,8.83833,1000000,1000000
2017-04-28 07:43:06.804000,8.84012,8.83865,1000000,1000000
2017-04-28 07:43:07.507000,8.84016,8.8387,1000000,1000000
2017-04-28 07:43:07.557000,8.84009,8.83862,1000000,1000000
2017-04-28 07:43:07.743000,8.84018,8.83872,1000000,1000000
2017-04-28 07:43:07.896000,8.8401,8.83863,1000000,1000000
2017-04-28 07:43:11.306000,8.84006,8.83859,1000000,1000000
2017-04-28 07:43:13.382000,8.83993,8.8385,1000000,1000000
2017-04-28 07:43:13.598000,8.83993,8.83847,1000000,1000000
2017-04-28 07:43:13.795000,8.84004,8.83857,1000000,1000000
2017-04-28 07:43:13.846000,8.84004,8.83864,1000000,1000000
2017-04-28 07:43:14.356000,8.84009,8.83869,1000000,1000000
2017-04-28 07:43:19.363000,8.84009,8.83872,1000000,1000000
2017-04-28 07:43:21.118000,8.84004,8.83867,1000000,1000000
2017-04-28 07:43:21.505000,8.84009,8.83871,1000000,1000000
2017-04-28 07:43:21.606000,8.84003,8.83865,1000000,1000000
2017-04-28 07:43:21.912000,8.83997,8.8386,1000000,1000000
