time,ask,bid,ask_volume,bid_volume
2021-12-14 08:25:01.161000,9.09936,9.09738,1250000,1750000
2021-12-14 08:25:01.635000,9.09936,9.09749,1250000,1750000
2021-12-14 08:25:02.087000,9.09936,9.09749,1250000,1750000
2021-12-14 08:25:02.290000,9.09936,9.09749,1250000,1750000
2021-12-14 08:25:02.951000,9.09936,9.09749,1250000,1750000
2021-12-14 08:25:04.494000,9.09936,9.09756,1250000,1750000
2021-12-14 08:25:04.695000,9.10045,9.09794,1250000,1750000
2021-12-14 08:25:05.024000,9.10094,9.09797,1750000,1750000
2021-12-14 08:25:05.075000,9.10094,9.09797,1750000,1750000
2021-12-14 08:25:05.301000,9.10086,9.09797,1750000,1750000
2021-12-14 08:25:06.788000,9.10106,9.09835,1500000,1500000
2021-12-14 08:25:07.043000,9.10105,9.09836,1500000,1500000
2021-12-14 08:25:07.144000,9.10083,9.09835,1000000,1500000
2021-12-14 08:25:07.245000,9.10083,9.09835,1500000,1500000
2021-12-14 08:25:07.662000,9.10093,9.09835,1500000,1500000
2021-12-14 08:25:08.651000,9.10105,9.09836,1500000,1500000
2021-12-14 08:25:09.143000,9.10114,9.09835,1500000,1500000
2021-12-14 08:25:09.344000,9.1008,9.09826,1500000,1500000
2021-12-14 08:25:09.495000,9.10077,9.09789,1500000,1500000
2021-12-14 08:25:11.659000,9.10089,9.09785,1750000,1750000
2021-12-14 08:25:12.290000,9.10083,9.09785,1500000,1500000
2021-12-14 08:25:12.615000,9.1003,9.09785,1000000,1500000
2021-12-14 08:25:13.115000,9.10085,9.09786,1500000,1500000
2021-12-14 08:25:13.397000,9.10088,9.09785,1750000,1750000
2021-12-14 08:25:13.498000,9.10024,9.09788,1000000,1500000
2021-12-14 08:25:13.610000,9.10025,9.09788,1000000,1500000
2021-12-14 08:25:13.661000,9.10045,9.09788,1000000,1500000
2021-12-14 08:25:13.807000,9.10045,9.09788,1000000,1500000
2021-12-14 08:25:13.958000,9.10085,9.09788,1120000,1500000
2021-12-14 08:25:14.210000,9.10094,9.09788,1500000,1500000
2021-12-14 08:25:14.468000,9.10108,9.0981,1500000,1500000
2021-12-14 08:25:14.569000,9.10099,9.09803,1000000,1500000
2021-12-14 08:25:14.888000,9.1007,9.09804,1000000,1500000
2021-12-14 08:25:15.600000,9.10071,9.0981,1000000,1500000
2021-12-14 08:25:15.650000,9.10072,9.09805,1250000,1750000
2021-12-14 08:25:15.769000,9.10063,9.0981,1000000,1500000
2021-12-14 08:25:15.962000,9.10063,9.0981,1000000,1500000
2021-12-14 08:25:16.251000,9.10094,9.0981,1000000,1500000
2021-12-14 08:25:17.019000,9.10105,9.09813,1500000,1500000
2021-12-14 08:25:17.069000,9.10105,9.09813,1000000,1500000
2021-12-14 08:25:17.170000,9.10105,9.09819,1000000,1500000
2021-12-14 08:25:17.404000,9.10105,9.09828,1250000,1750000
2021-12-14 08:25:17.628000,9.10107,9.09823,1250000,1750000
2021-12-14 08:25:17.821000,9.10107,9.09823,1750000,1750000
2021-12-14 08:25:17.922000,9.10081,9.09816,1000000,1500000
2021-12-14 08:25:18.023000,9.10081,9.09816,1500000,1500000
2021-12-14 08:25:18.224000,9.10081,9.09815,1500000,1500000
2021-12-14 08:25:18.977000,9.10063,9.09781,1500000,1500000
2021-12-14 08:25:19.671000,9.1007,9.09774,1500000,1500000
2021-12-14 08:25:19.872000,9.10062,9.09761,1750000,1750000
2021-12-14 08:25:20.828000,9.10055,9.09762,1250000,1750000
2021-12-14 08:25:21.413000,9.10054,9.09761,1250000,1750000
2021-12-14 08:25:21.722000,9.10058,9.09777,1000000,1500000
2021-12-14 08:25:21.893000,9.10058,9.09777,1000000,1500000
2021-12-14 08:25:21.994000,9.10061,9.09777,1250000,1750000
2021-12-14 08:25:22.145000,9.10061,9.09787,1250000,1750000
2021-12-14 08:25:23.212000,9.10061,9.09787,1250000,1750000
2021-12-14 08:25:23.349000,9.10058,9.09788,1250000,1750000
2021-12-14 08:25:23.450000,9.10059,9.09777,1000000,1500000
2021-12-14 08:25:23.600000,9.10033,9.09777,1000000,1500000
2021-12-14 08:25:23.651000,9.10032,9.09778,1000000,1500000
2021-12-14 08:25:23.852000,9.10033,9.09782,1000000,1500000
2021-12-14 08:25:23.961000,9.1004,9.09782,1000000,1500000
2021-12-14 08:25:24.462000,9.1005,9.09782,1000000,1500000
2021-12-14 08:25:24.676000,9.10058,9.09792,1500000,1500000
2021-12-14 08:25:25.070000,9.10048,9.09793,1000000,1500000
2021-12-14 08:25:25.141000,9.10049,9.09792,1120000,1500000
2021-12-14 08:25:25.519000,9.10049,9.09793,1500000,1500000
2021-12-14 08:25:26.971000,9.10058,9.09781,1500000,1500000
2021-12-14 08:25:29.165000,9.10061,9.09787,1000000,1500000
2021-12-14 08:25:29.375000,9.10061,9.09787,1000000,1500000
2021-12-14 08:25:29.849000,9.10072,9.09802,1120000,1500000
2021-12-14 08:25:30.060000,9.10072,9.09802,1000000,1500000
2021-12-14 08:25:30.568000,9.10067,9.09802,1000000,1500000
2021-12-14 08:25:31.203000,9.10056,9.09791,1000000,1500000
2021-12-14 08:25:31.304000,9.10056,9.09791,1000000,1500000
2021-12-14 08:25:31.405000,9.10056,9.09791,1000000,1500000
2021-12-14 08:25:31.657000,9.10056,9.09791,1500000,1500000
2021-12-14 08:25:31.782000,9.10038,9.09791,1000000,1500000
2021-12-14 08:25:31.885000,9.10038,9.09787,1500000,1500000
2021-12-14 08:25:32.086000,9.10038,9.09719,1750000,1750000
2021-12-14 08:25:32.854000,9.09997,9.09719,1250000,1750000
2021-12-14 08:25:32.904000,9.09997,9.09719,1000000,1500000
2021-12-14 08:25:33.156000,9.09997,9.09734,1500000,1500000
2021-12-14 08:25:33.358000,9.09997,9.09734,1500000,1500000
2021-12-14 08:25:33.875000,9.09971,9.09734,1000000,1500000
2021-12-14 08:25:34.143000,9.09978,9.09734,1000000,1500000
2021-12-14 08:25:34.304000,9.09978,9.09709,1000000,1500000
2021-12-14 08:25:34.917000,9.09978,9.09709,1000000,1500000
2021-12-14 08:25:35.120000,9.09978,9.09706,1000000,1500000
2021-12-14 08:25:35.221000,9.09978,9.097,1500000,1500000
2021-12-14 08:25:35.271000,9.09973,9.097,1000000,1500000
2021-12-14 08:25:35.605000,9.0997,9.097,1000000,1500000
2021-12-14 08:25:36.105000,9.09973,9.097,1000000,1500000
2021-12-14 08:25:36.233000,9.09972,9.09704,1000000,1500000
2021-12-14 08:25:36.796000,9.09972,9.09704,1000000,1500000
2021-12-14 08:25:37.096000,9.09972,9.09704,1000000,1500000
2021-12-14 08:25:39.716000,9.09975,9.09702,1250000,1500000
2021-12-14 08:25:39.766000,9.09975,9.09702,1000000,1500000
2021-12-14 08:25:39.921000,9.09976,9.09701,1000000,1500000
2021-12-14 08:25:42.592000,9.09975,9.09729,1000000,1500000
2021-12-14 08:25:42.692000,9.10002,9.09728,1500000,1500000
2021-12-14 08:25:44.032000,9.10009,9.09728,1750000,1750000
2021-12-14 08:25:44.213000,9.10009,9.09727,1250000,1750000
2021-12-14 08:25:44.792000,9.10011,9.09743,1250000,1750000
2021-12-14 08:25:44.984000,9.10028,9.09744,1000000,1500000
2021-12-14 08:25:45.084000,9.10038,9.09784,1250000,1750000
2021-12-14 08:25:45.135000,9.10044,9.09784,1000000,1500000
2021-12-14 08:25:45.286000,9.10044,9.09773,1000000,1500000
2021-12-14 08:25:45.678000,9.10059,9.09773,1000000,1500000
2021-12-14 08:25:46.040000,9.10058,9.09775,1000000,1500000
2021-12-14 08:25:46.226000,9.10059,9.09774,1500000,1500000
2021-12-14 08:25:47.330000,9.10059,9.09759,1250000,1000000
2021-12-14 08:25:47.901000,9.10059,9.09764,1500000,1500000
2021-12-14 08:25:48.315000,9.10051,9.09751,1250000,1750000
2021-12-14 08:25:48.592000,9.10052,9.09751,1250000,1750000
2021-12-14 08:25:48.814000,9.1002,9.09751,1250000,1750000
2021-12-14 08:25:49.268000,9.10019,9.09752,1250000,1750000
2021-12-14 08:25:49.322000,9.10059,9.09751,1250000,1750000
2021-12-14 08:25:49.441000,9.10059,9.09751,1250000,1750000
2021-12-14 08:25:51.060000,9.10059,9.09751,1250000,1750000
2021-12-14 08:25:51.331000,9.10059,9.09751,1250000,1750000
2021-12-14 08:25:51.487000,9.10059,9.09751,1250000,1750000
2021-12-14 08:25:51.670000,9.10059,9.09751,1250000,1750000
2021-12-14 08:25:52.187000,9.10059,9.09751,1750000,1750000
2021-12-14 08:25:52.288000,9.10034,9.09748,1000000,1000000
2021-12-14 08:25:52.389000,9.10034,9.09738,1750000,1000000
2021-12-14 08:25:52.910000,9.10026,9.09729,1750000,1250000
2021-12-14 08:25:52.960000,9.1,9.09729,1250000,1250000
2021-12-14 08:25:53.225000,9.1,9.09737,1000000,1500000
2021-12-14 08:25:53.580000,9.1,9.09737,1500000,1500000
2021-12-14 08:25:53.686000,9.09955,9.09737,1000000,1500000
2021-12-14 08:25:54.190000,9.09962,9.09738,1250000,1500000
2021-12-14 08:25:54.372000,9.09963,9.09714,1000000,1500000
2021-12-14 08:25:54.423000,9.09942,9.09714,1000000,1500000
2021-12-14 08:25:54.524000,9.099,9.09647,1000000,1500000
2021-12-14 08:25:54.574000,9.099,9.09647,1000000,1500000
2021-12-14 08:25:54.625000,9.09893,9.09647,1000000,1500000
2021-12-14 08:25:54.726000,9.09896,9.09579,1500000,1500000
2021-12-14 08:25:54.928000,9.0985,9.09579,1500000,1500000
2021-12-14 08:25:55.146000,9.0985,9.09588,1500000,1500000
2021-12-14 08:25:57.170000,9.09836,9.09561,1500000,1500000
2021-12-14 08:25:58.789000,9.09837,9.0956,1500000,1500000
2021-12-14 08:25:59.053000,9.09836,9.0956,1500000,1500000
2021-12-14 08:25:59.154000,9.0977,9.09549,1000000,1500000
2021-12-14 08:25:59.305000,9.0977,9.09496,1000000,1500000
2021-12-14 08:25:59.406000,9.0975,9.09474,1000000,1500000
2021-12-14 08:25:59.506000,9.09733,9.09497,1000000,1500000
2021-12-14 08:25:59.805000,9.0973,9.09474,1250000,1500000
2021-12-14 08:25:59.956000,9.09729,9.09475,1250000,1500000
2021-12-14 08:26:00.128000,9.09722,9.09449,1250000,1850000
2021-12-14 08:26:00.178000,9.09722,9.09449,1250000,1850000
2021-12-14 08:26:00.229000,9.09725,9.09527,1250000,1250000
2021-12-14 08:26:00.329000,9.0974,9.09543,1000000,1000000
2021-12-14 08:26:00.430000,9.09776,9.09543,1500000,1000000
2021-12-14 08:26:00.531000,9.0977,9.09504,1500000,1500000
2021-12-14 08:26:00.631000,9.0977,9.09504,1500000,1500000
2021-12-14 08:26:00.732000,9.09759,9.09459,1000000,1500000
2021-12-14 08:26:00.782000,9.09759,9.09459,1750000,1750000
2021-12-14 08:26:00.833000,9.09745,9.0946,1250000,1750000
2021-12-14 08:26:00.983000,9.09746,9.09454,1250000,1750000
2021-12-14 08:26:01.198000,9.09746,9.09454,1250000,1750000
2021-12-14 08:26:01.299000,9.09736,9.09446,1250000,1850000
2021-12-14 08:26:01.465000,9.09729,9.09444,1250000,1850000
2021-12-14 08:26:01.616000,9.09744,9.09444,2500000,1850000
2021-12-14 08:26:01.717000,9.09726,9.09434,1250000,1850000
2021-12-14 08:26:01.868000,9.09717,9.09425,1250000,1850000
2021-12-14 08:26:01.918000,9.09718,9.09424,1250000,1850000
2021-12-14 08:26:02.116000,9.09718,9.09424,1250000,1850000
2021-12-14 08:26:02.333000,9.09718,9.09414,1250000,1850000
2021-12-14 08:26:02.534000,9.09718,9.09414,1250000,1850000
2021-12-14 08:26:02.735000,9.09718,9.09407,1250000,1850000
2021-12-14 08:26:02.878000,9.09716,9.09404,1250000,1850000
2021-12-14 08:26:02.929000,9.09716,9.09404,1250000,1850000
2021-12-14 08:26:03.070000,9.09713,9.09403,1250000,1850000
2021-12-14 08:26:03.184000,9.09713,9.09404,1250000,1850000
2021-12-14 08:26:03.235000,9.09689,9.09393,1250000,1850000
2021-12-14 08:26:03.385000,9.09689,9.09384,1250000,1850000
2021-12-14 08:26:03.546000,9.09675,9.09386,1250000,1850000
2021-12-14 08:26:03.657000,9.0964,9.0939,1000000,1000000
2021-12-14 08:26:03.708000,9.0967,9.09374,1000000,1500000
2021-12-14 08:26:03.785000,9.0967,9.09374,1000000,1500000
2021-12-14 08:26:03.886000,9.09654,9.09369,1250000,1750000
2021-12-14 08:26:04.615000,9.09654,9.09398,1000000,1500000
2021-12-14 08:26:04.789000,9.09654,9.09398,1000000,1500000
2021-12-14 08:26:05.560000,9.09654,9.09398,1000000,1500000
2021-12-14 08:26:05.883000,9.09566,9.09398,1250000,1500000
2021-12-14 08:26:05.984000,9.09561,9.09381,1250000,1750000
2021-12-14 08:26:06.035000,9.09586,9.09354,1250000,3000000
2021-12-14 08:26:06.135000,9.09647,9.09357,1000000,1000000
2021-12-14 08:26:06.236000,9.09648,9.09374,1000000,1500000
2021-12-14 08:26:06.387000,9.09636,9.09384,1000000,1500000
2021-12-14 08:26:06.629000,9.09634,9.09374,1000000,1500000
2021-12-14 08:26:06.951000,9.09644,9.09374,1000000,1500000
2021-12-14 08:26:07.001000,9.09656,9.09384,1250000,1750000
2021-12-14 08:26:07.113000,9.0966,9.09394,1250000,1750000
2021-12-14 08:26:07.500000,9.0966,9.09384,1250000,1750000
2021-12-14 08:26:08.114000,9.0966,9.09406,1000000,1500000
2021-12-14 08:26:08.316000,9.0966,9.09406,1000000,1500000
2021-12-14 08:26:08.527000,9.0966,9.09394,1000000,1500000
2021-12-14 08:26:09.294000,9.0966,9.09394,1250000,1750000
2021-12-14 08:26:09.437000,9.0966,9.09384,1250000,2940000
2021-12-14 08:26:09.601000,9.0966,9.09384,1000000,2750000
2021-12-14 08:26:09.909000,9.0966,9.09384,1000000,2750000
2021-12-14 08:26:10.537000,9.0966,9.09383,1000000,1500000
2021-12-14 08:26:12.600000,9.0966,9.09385,1000000,1500000
2021-12-14 08:26:13.084000,9.0966,9.09385,2250000,1500000
2021-12-14 08:26:13.858000,9.0966,9.09395,1000000,1500000
2021-12-14 08:26:14.636000,9.0966,9.09385,1000000,1500000
2021-12-14 08:26:14.827000,9.0966,9.09385,1000000,1500000
2021-12-14 08:26:14.878000,9.09643,9.09385,1000000,1500000
2021-12-14 08:26:14.979000,9.09635,9.09382,1250000,1500000
2021-12-14 08:26:15.029000,9.09635,9.09382,1000000,1500000
2021-12-14 08:26:15.827000,9.09635,9.09382,1000000,1500000
2021-12-14 08:26:16.078000,9.09635,9.09382,1000000,1500000
2021-12-14 08:26:17.115000,9.09635,9.09378,1000000,1500000
2021-12-14 08:26:17.217000,9.09626,9.09378,1000000,1500000
2021-12-14 08:26:17.306000,9.09626,9.09378,1000000,1500000
2021-12-14 08:26:17.407000,9.09619,9.09378,1250000,1500000
2021-12-14 08:26:17.558000,9.09619,9.09378,1000000,1500000
2021-12-14 08:26:17.761000,9.09619,9.09378,1000000,1500000
2021-12-14 08:26:18.057000,9.09619,9.09378,1000000,1500000
2021-12-14 08:26:18.258000,9.09619,9.09378,1000000,1500000
2021-12-14 08:26:18.460000,9.09619,9.09378,1000000,1500000
2021-12-14 08:26:19.593000,9.09619,9.09375,1000000,1500000
2021-12-14 08:26:20.043000,9.09627,9.09375,1000000,1500000
2021-12-14 08:26:22.554000,9.09627,9.09367,1000000,1500000
2021-12-14 08:26:22.869000,9.09627,9.09372,1000000,1500000
2021-12-14 08:26:23.077000,9.09627,9.09372,1000000,1500000
2021-12-14 08:26:23.605000,9.09626,9.09372,1000000,1500000
2021-12-14 08:26:23.943000,9.09626,9.09372,1000000,1500000
2021-12-14 08:26:24.115000,9.09616,9.09372,1000000,1500000
2021-12-14 08:26:24.165000,9.09616,9.09372,1000000,1500000
2021-12-14 08:26:25.169000,9.09616,9.09349,1000000,1500000
2021-12-14 08:26:25.371000,9.09595,9.09349,1000000,1500000
2021-12-14 08:26:25.421000,9.09611,9.09349,1000000,1500000
2021-12-14 08:26:25.522000,9.09606,9.09349,1000000,1500000
2021-12-14 08:26:25.723000,9.09606,9.09349,1000000,1500000
2021-12-14 08:26:26.078000,9.09613,9.09349,1250000,1500000
2021-12-14 08:26:26.152000,9.09613,9.09349,1250000,1500000
2021-12-14 08:26:26.356000,9.09611,9.09349,1250000,1500000
2021-12-14 08:26:26.563000,9.09606,9.09349,1000000,1500000
2021-12-14 08:26:28.507000,9.09606,9.09335,1000000,1500000
2021-12-14 08:26:28.657000,9.09606,9.09343,1000000,1500000
2021-12-14 08:26:28.708000,9.09611,9.09343,1000000,1500000
2021-12-14 08:26:28.759000,9.09619,9.09375,2250000,1500000
2021-12-14 08:26:28.809000,9.09619,9.09375,2250000,1500000
2021-12-14 08:26:28.990000,9.09619,9.09346,1500000,2000000
2021-12-14 08:26:29.229000,9.09619,9.09355,2250000,1500000
2021-12-14 08:26:29.401000,9.09645,9.09376,1000000,1500000
2021-12-14 08:26:29.501000,9.09674,9.09396,2250000,1500000
2021-12-14 08:26:29.552000,9.0968,9.09416,1000000,1500000
2021-12-14 08:26:29.703000,9.0968,9.09435,1000000,1500000
2021-12-14 08:26:29.804000,9.0968,9.09435,1000000,1500000
2021-12-14 08:26:30.006000,9.0968,9.09446,1000000,1500000
2021-12-14 08:26:30.057000,9.09743,9.09443,1250000,1750000
2021-12-14 08:26:30.208000,9.09742,9.09476,1000000,1500000
2021-12-14 08:26:30.409000,9.09743,9.09397,1750000,1750000
2021-12-14 08:26:30.510000,9.09731,9.09404,1000000,1500000
2021-12-14 08:26:30.942000,9.09728,9.09414,1000000,1500000
2021-12-14 08:26:31.117000,9.09728,9.09418,1000000,1500000
2021-12-14 08:26:31.330000,9.09723,9.09418,1500000,1500000
2021-12-14 08:26:32.345000,9.09711,9.09394,1000000,1500000
2021-12-14 08:26:33.541000,9.09705,9.09404,1000000,1500000
2021-12-14 08:26:33.642000,9.09705,9.09404,1000000,1500000
2021-12-14 08:26:33.793000,9.09705,9.09404,1000000,1500000
2021-12-14 08:26:33.944000,9.09678,9.09404,1000000,1500000
2021-12-14 08:26:34.045000,9.09678,9.09404,1000000,1500000
2021-12-14 08:26:34.616000,9.09678,9.09384,1000000,1500000
2021-12-14 08:26:37.046000,9.09678,9.09383,1000000,1500000
2021-12-14 08:26:37.248000,9.09678,9.09399,1000000,1500000
2021-12-14 08:26:37.592000,9.09678,9.09399,1000000,1500000
2021-12-14 08:26:37.795000,9.09678,9.09379,1000000,1500000
2021-12-14 08:26:37.996000,9.09678,9.09379,1000000,1500000
2021-12-14 08:26:38.049000,9.09688,9.09379,1500000,1500000
2021-12-14 08:26:38.200000,9.09667,9.09348,1000000,1500000
2021-12-14 08:26:38.596000,9.09666,9.09348,1000000,1500000
2021-12-14 08:26:38.696000,9.09667,9.09347,1000000,1500000
2021-12-14 08:26:38.974000,9.09667,9.09334,1000000,2750000
2021-12-14 08:26:39.144000,9.09666,9.09339,1000000,1500000
2021-12-14 08:26:39.245000,9.09664,9.09337,1000000,1500000
2021-12-14 08:26:39.446000,9.09664,9.09334,1000000,1620000
2021-12-14 08:26:40.157000,9.09663,9.09332,1000000,1500000
2021-12-14 08:26:40.207000,9.09649,9.09332,1000000,1500000
2021-12-14 08:26:40.474000,9.09645,9.09331,1000000,1500000
2021-12-14 08:26:40.787000,9.09644,9.09331,1000000,1500000
2021-12-14 08:26:41.052000,9.09648,9.09331,1000000,1500000
2021-12-14 08:26:41.364000,9.0965,9.09331,1000000,1500000
2021-12-14 08:26:41.681000,9.0965,9.09331,1000000,1500000
2021-12-14 08:26:42.106000,9.09643,9.09331,1000000,1500000
2021-12-14 08:26:42.682000,9.09642,9.09331,1000000,1500000
2021-12-14 08:26:42.833000,9.09642,9.09327,1000000,1000000
2021-12-14 08:26:43.215000,9.09653,9.09323,1000000,1000000
2021-12-14 08:26:43.366000,9.09653,9.09319,1000000,1500000
2021-12-14 08:26:43.416000,9.09653,9.09319,1000000,1500000
2021-12-14 08:26:43.714000,9.09653,9.09325,1000000,1500000
2021-12-14 08:26:43.765000,9.09663,9.09325,1000000,1500000
2021-12-14 08:26:43.867000,9.09662,9.09337,1000000,1000000
2021-12-14 08:26:43.970000,9.09655,9.09346,1000000,1500000
2021-12-14 08:26:44.140000,9.09647,9.09346,1000000,1500000
2021-12-14 08:26:44.342000,9.09647,9.09335,1000000,1500000
2021-12-14 08:26:44.831000,9.09647,9.09335,1000000,1500000
2021-12-14 08:26:45.394000,9.09647,9.09323,1000000,1000000
2021-12-14 08:26:45.850000,9.09647,9.09323,1000000,1000000
2021-12-14 08:26:45.998000,9.09655,9.09323,2250000,1000000
2021-12-14 08:26:46.048000,9.09655,9.09349,1000000,1500000
2021-12-14 08:26:46.250000,9.09655,9.0936,1000000,1500000
2021-12-14 08:26:46.464000,9.09655,9.09344,1000000,1000000
2021-12-14 08:26:46.564000,9.09663,9.09342,1000000,1500000
2021-12-14 08:26:46.665000,9.09663,9.09336,1000000,1000000
2021-12-14 08:26:46.858000,9.09663,9.09336,1000000,1000000
2021-12-14 08:26:47.072000,9.09651,9.09334,1000000,1000000
2021-12-14 08:26:47.173000,9.09646,9.09324,1000000,1000000
2021-12-14 08:26:47.334000,9.09646,9.09323,1000000,1000000
2021-12-14 08:26:47.649000,9.09646,9.09318,1000000,1500000
2021-12-14 08:26:47.834000,9.0964,9.09315,1000000,1500000
2021-12-14 08:26:48.088000,9.0964,9.09315,1000000,1500000
2021-12-14 08:26:48.346000,9.09641,9.09313,1000000,1500000
2021-12-14 08:26:48.554000,9.09633,9.09303,1000000,1000000
2021-12-14 08:26:48.604000,9.09643,9.09302,1250000,1750000
2021-12-14 08:26:48.769000,9.09609,9.09282,1000000,1620000
2021-12-14 08:26:48.870000,9.09609,9.09282,1000000,1500000
2021-12-14 08:26:49.109000,9.09609,9.09284,1000000,1000000
2021-12-14 08:26:49.260000,9.09605,9.09295,1000000,1000000
2021-12-14 08:26:49.879000,9.09605,9.09283,1000000,1000000
2021-12-14 08:26:50.005000,9.09597,9.09285,1000000,1500000
2021-12-14 08:26:50.055000,9.09597,9.09285,1000000,1500000
2021-12-14 08:26:50.169000,9.09597,9.09286,1000000,1500000
2021-12-14 08:26:50.864000,9.09597,9.09284,1000000,1000000
2021-12-14 08:26:51.013000,9.09589,9.09268,1000000,1500000
2021-12-14 08:26:51.114000,9.09552,9.09257,1000000,1500000
2021-12-14 08:26:51.215000,9.0954,9.09258,1000000,1500000
2021-12-14 08:26:51.316000,9.09512,9.09199,1000000,1000000
2021-12-14 08:26:51.367000,9.0951,9.09196,1000000,1500000
2021-12-14 08:26:51.467000,9.0951,9.09196,1000000,1000000
2021-12-14 08:26:51.569000,9.0951,9.09197,1000000,1000000
2021-12-14 08:26:51.839000,9.0951,9.09197,1000000,1500000
2021-12-14 08:26:51.940000,9.0951,9.09197,1000000,1500000
2021-12-14 08:26:52.041000,9.0951,9.09197,1000000,1500000
2021-12-14 08:26:52.246000,9.0951,9.09197,1000000,1000000
2021-12-14 08:26:52.297000,9.09492,9.09197,1000000,1000000
2021-12-14 08:26:52.448000,9.09492,9.09162,2250000,1000000
2021-12-14 08:26:52.498000,9.09485,9.09159,1000000,1000000
2021-12-14 08:26:52.600000,9.09462,9.09158,1000000,1000000
2021-12-14 08:26:52.701000,9.09405,9.09125,1000000,1000000
2021-12-14 08:26:52.752000,9.09452,9.09125,1000000,1000000
2021-12-14 08:26:52.802000,9.09452,9.09125,1200000,1000000
2021-12-14 08:26:52.903000,9.09452,9.09125,1000000,1000000
2021-12-14 08:26:53.003000,9.09429,9.09125,1000000,1000000
2021-12-14 08:26:53.432000,9.09429,9.09125,1000000,1500000
2021-12-14 08:26:53.633000,9.09429,9.09125,1000000,1500000
2021-12-14 08:26:53.684000,9.09424,9.09126,1000000,1500000
2021-12-14 08:26:53.820000,9.09425,9.09125,1000000,1500000
2021-12-14 08:26:54.074000,9.09425,9.09125,1000000,1000000
2021-12-14 08:26:54.174000,9.0942,9.09078,1000000,1000000
2021-12-14 08:26:54.225000,9.09409,9.09078,1000000,1000000
2021-12-14 08:26:54.326000,9.09409,9.09078,1000000,1500000
2021-12-14 08:26:54.449000,9.09406,9.09064,1000000,1500000
2021-12-14 08:26:54.629000,9.09393,9.09064,1000000,1500000
2021-12-14 08:26:55.107000,9.09392,9.09064,1000000,1500000
2021-12-14 08:26:55.208000,9.09391,9.09065,1000000,1500000
2021-12-14 08:26:56.097000,9.09385,9.09064,1000000,1500000
2021-12-14 08:26:56.197000,9.09385,9.09064,1000000,1500000
2021-12-14 08:26:56.406000,9.09385,9.09064,1000000,1500000
2021-12-14 08:26:56.636000,9.09368,9.09064,1000000,1000000
2021-12-14 08:26:56.687000,9.09368,9.09037,1000000,1000000
2021-12-14 08:26:56.838000,9.0937,9.09037,1000000,1500000
2021-12-14 08:26:56.989000,9.0937,9.09041,1000000,1500000
2021-12-14 08:26:57.104000,9.09371,9.09041,1000000,1500000
2021-12-14 08:26:57.205000,9.09389,9.09061,1000000,1500000
2021-12-14 08:26:57.306000,9.0939,9.0906,1000000,1500000
2021-12-14 08:26:57.658000,9.0939,9.09018,1000000,2750000
2021-12-14 08:26:57.829000,9.0939,9.09018,1000000,1500000
2021-12-14 08:26:58.026000,9.0939,9.09018,1000000,1500000
2021-12-14 08:26:58.131000,9.09363,9.09018,1000000,1500000
2021-12-14 08:26:58.181000,9.09371,9.09005,1000000,1500000
2021-12-14 08:26:58.282000,9.09392,9.09001,1000000,1500000
2021-12-14 08:26:58.382000,9.09393,9.09018,1000000,1500000
2021-12-14 08:26:58.483000,9.09409,9.09024,2500000,1750000
2021-12-14 08:26:59.254000,9.09408,9.09023,2500000,1750000
2021-12-14 08:26:59.554000,9.09409,9.09022,2500000,1750000
2021-12-14 08:27:00.568000,9.09409,9.09037,2500000,1750000
2021-12-14 08:27:00.719000,9.09409,9.09037,2500000,1750000
2021-12-14 08:27:01.245000,9.09409,9.09037,1250000,1750000
2021-12-14 08:27:02.221000,9.09409,9.09037,1250000,1750000
2021-12-14 08:27:03.267000,9.09409,9.09027,1250000,1750000
2021-12-14 08:27:03.333000,9.09409,9.09027,1250000,1750000
2021-12-14 08:27:08.044000,9.09408,9.0903,1250000,1750000
2021-12-14 08:27:08.195000,9.09409,9.09045,1000000,1500000
2021-12-14 08:27:08.245000,9.09409,9.09045,1000000,1500000
2021-12-14 08:27:08.346000,9.09415,9.09045,1250000,1750000
2021-12-14 08:27:08.447000,9.09416,9.09045,1250000,1750000
2021-12-14 08:27:08.548000,9.09417,9.09049,1250000,1750000
2021-12-14 08:27:08.749000,9.09425,9.09055,1250000,1750000
2021-12-14 08:27:09.682000,9.09442,9.09059,1250000,1750000
2021-12-14 08:27:12.498000,9.09442,9.0908,1250000,1750000
2021-12-14 08:27:13.040000,9.09442,9.09069,1250000,1750000
2021-12-14 08:27:13.141000,9.09428,9.09069,1250000,1750000
2021-12-14 08:27:13.294000,9.09406,9.0903,1000000,1500000
2021-12-14 08:27:13.395000,9.09406,9.0903,1000000,1500000
2021-12-14 08:27:13.496000,9.09426,9.09055,1000000,1500000
2021-12-14 08:27:13.547000,9.09426,9.09055,1000000,1500000
2021-12-14 08:27:13.720000,9.09434,9.09055,1250000,1750000
2021-12-14 08:27:13.820000,9.09435,9.09055,1250000,1750000
2021-12-14 08:27:13.901000,9.09431,9.09055,1000000,1500000
2021-12-14 08:27:14.002000,9.09425,9.09055,1000000,1500000
2021-12-14 08:27:14.102000,9.09413,9.09055,1000000,1500000
2021-12-14 08:27:14.203000,9.09413,9.09039,1000000,1500000
2021-12-14 08:27:14.253000,9.0941,9.0904,1000000,1500000
2021-12-14 08:27:14.354000,9.09356,9.09039,1000000,1500000
2021-12-14 08:27:14.555000,9.09356,9.09039,1000000,1500000
2021-12-14 08:27:14.806000,9.09356,9.09039,1000000,1500000
2021-12-14 08:27:15.453000,9.09356,9.09039,1000000,1500000
2021-12-14 08:27:15.504000,9.09339,9.0904,1000000,1500000
2021-12-14 08:27:15.654000,9.09236,9.09039,1000000,1000000
2021-12-14 08:27:15.705000,9.09206,9.08945,1250000,1750000
2021-12-14 08:27:15.805000,9.09179,9.08884,1250000,1750000
2021-12-14 08:27:15.856000,9.09179,9.08884,1250000,1250000
2021-12-14 08:27:15.956000,9.09212,9.08885,2500000,1250000
2021-12-14 08:27:16.007000,9.09212,9.08885,1000000,1000000
2021-12-14 08:27:16.057000,9.09212,9.08896,1000000,1500000
2021-12-14 08:27:16.314000,9.09212,9.08896,1000000,1500000
2021-12-14 08:27:16.473000,9.09212,9.08903,1000000,1500000
2021-12-14 08:27:16.675000,9.09225,9.08892,1000000,1000000
2021-12-14 08:27:16.725000,9.09198,9.08863,1000000,1100000
2021-12-14 08:27:16.826000,9.0918,9.08839,1000000,1600000
2021-12-14 08:27:16.976000,9.09135,9.08822,1000000,1100000
2021-12-14 08:27:17.077000,9.09129,9.08822,1000000,1100000
2021-12-14 08:27:17.395000,9.09131,9.08803,1000000,1600000
2021-12-14 08:27:17.496000,9.09133,9.08803,1000000,1100000
2021-12-14 08:27:17.546000,9.09131,9.08803,1000000,1100000
2021-12-14 08:27:17.795000,9.09128,9.08797,1000000,1100000
2021-12-14 08:27:17.845000,9.0913,9.08797,1000000,1600000
2021-12-14 08:27:17.896000,9.09125,9.08797,1000000,1600000
2021-12-14 08:27:18.014000,9.09115,9.08797,1000000,1600000
2021-12-14 08:27:18.115000,9.09112,9.08775,1000000,1600000
2021-12-14 08:27:18.216000,9.09113,9.08775,1000000,1600000
2021-12-14 08:27:18.367000,9.0911,9.08775,1000000,1600000
2021-12-14 08:27:18.518000,9.09104,9.08775,1000000,1600000
2021-12-14 08:27:18.668000,9.09097,9.08763,1000000,1600000
2021-12-14 08:27:18.893000,9.09097,9.08748,1000000,1600000
2021-12-14 08:27:19.044000,9.09066,9.0873,1000000,1600000
2021-12-14 08:27:19.094000,9.09061,9.08725,1000000,1500000
2021-12-14 08:27:19.195000,9.0905,9.08725,1000000,1500000
2021-12-14 08:27:19.245000,9.09047,9.08725,1000000,1500000
2021-12-14 08:27:19.346000,9.09044,9.08775,1000000,1500000
2021-12-14 08:27:19.447000,9.09042,9.08775,1000000,1120000
2021-12-14 08:27:19.497000,9.09037,9.08775,1000000,1120000
2021-12-14 08:27:19.628000,9.09033,9.08775,1000000,1120000
2021-12-14 08:27:19.850000,9.09032,9.08775,1000000,1000000
2021-12-14 08:27:19.966000,9.09031,9.08775,1000000,1000000
2021-12-14 08:27:20.017000,9.09034,9.08775,1000000,1000000
2021-12-14 08:27:20.068000,9.09036,9.08775,1000000,1000000
2021-12-14 08:27:20.169000,9.09042,9.08775,1000000,1000000
2021-12-14 08:27:20.269000,9.09046,9.08775,1000000,1000000
2021-12-14 08:27:20.370000,9.09047,9.08776,1000000,1000000
2021-12-14 08:27:20.471000,9.09047,9.08785,1000000,1000000
2021-12-14 08:27:20.622000,9.09044,9.08785,1000000,1000000
2021-12-14 08:27:20.723000,9.09042,9.08785,1000000,1000000
2021-12-14 08:27:21.040000,9.09037,9.08785,1000000,1000000
2021-12-14 08:27:21.408000,9.09035,9.08785,1000000,1000000
2021-12-14 08:27:21.464000,9.09037,9.08785,1000000,1000000
2021-12-14 08:27:21.979000,9.09034,9.08785,1000000,1000000
2021-12-14 08:27:22.080000,9.09037,9.08775,1000000,1000000
2021-12-14 08:27:22.131000,9.0905,9.08775,1000000,1000000
2021-12-14 08:27:22.693000,9.0905,9.08795,1000000,1000000
2021-12-14 08:27:24.045000,9.09066,9.08795,1000000,1000000
2021-12-14 08:27:24.145000,9.09074,9.08795,1000000,1000000
2021-12-14 08:27:24.310000,9.09082,9.08775,1000000,1000000
2021-12-14 08:27:24.422000,9.09085,9.08776,1000000,1000000
2021-12-14 08:27:24.592000,9.09,9.08775,1000000,1000000
2021-12-14 08:27:24.758000,9.09,9.08785,1000000,1000000
2021-12-14 08:27:24.876000,9.09,9.08785,1000000,1500000
2021-12-14 08:27:24.977000,9.09068,9.08795,2250000,1000000
2021-12-14 08:27:25.078000,9.0907,9.08795,1000000,1000000
2021-12-14 08:27:25.128000,9.0907,9.08795,1000000,1500000
2021-12-14 08:27:25.259000,9.0907,9.08845,1000000,1000000
2021-12-14 08:27:25.462000,9.09113,9.08845,1000000,1000000
2021-12-14 08:27:25.562000,9.09129,9.08845,1000000,1000000
2021-12-14 08:27:25.727000,9.09134,9.08845,1000000,1000000
2021-12-14 08:27:25.778000,9.09133,9.08836,1000000,1500000
2021-12-14 08:27:25.828000,9.09133,9.08836,1000000,1500000
2021-12-14 08:27:25.879000,9.09141,9.08836,1000000,1500000
2021-12-14 08:27:26.066000,9.09142,9.08815,1000000,1500000
2021-12-14 08:27:27.137000,9.09142,9.08845,1000000,1500000
2021-12-14 08:27:29.385000,9.09133,9.08854,1000000,1500000
2021-12-14 08:27:29.926000,9.09141,9.08858,1000000,1500000
2021-12-14 08:27:30.323000,9.09142,9.08857,1000000,1500000
2021-12-14 08:27:30.540000,9.09142,9.08909,1000000,1000000
2021-12-14 08:27:30.646000,9.09142,9.08887,1000000,1500000
2021-12-14 08:27:31.405000,9.09142,9.0887,1000000,1500000
2021-12-14 08:27:31.522000,9.09179,9.08879,1000000,1500000
2021-12-14 08:27:31.623000,9.09178,9.08879,1000000,1500000
2021-12-14 08:27:31.812000,9.0919,9.08879,1000000,1500000
2021-12-14 08:27:31.893000,9.09189,9.0888,1000000,1500000
2021-12-14 08:27:32.197000,9.0918,9.08886,1000000,1500000
2021-12-14 08:27:33.197000,9.0919,9.08887,1000000,1500000
2021-12-14 08:27:33.765000,9.0919,9.08887,1000000,1500000
2021-12-14 08:27:35.100000,9.09219,9.08906,1600000,1500000
2021-12-14 08:27:35.201000,9.09237,9.08906,1100000,1500000
2021-12-14 08:27:35.332000,9.09238,9.08905,1100000,1500000
2021-12-14 08:27:35.433000,9.09273,9.0888,1100000,1500000
2021-12-14 08:27:35.534000,9.09283,9.0888,2250000,1500000
2021-12-14 08:27:35.735000,9.09283,9.08919,1000000,1500000
2021-12-14 08:27:35.949000,9.09283,9.08916,1000000,1500000
2021-12-14 08:27:36.460000,9.0925,9.08919,1000000,1500000
2021-12-14 08:27:36.921000,9.0926,9.08925,1000000,1500000
2021-12-14 08:27:37.435000,9.09282,9.08929,1000000,1500000
2021-12-14 08:27:39.489000,9.09283,9.08904,1000000,1500000
2021-12-14 08:27:39.823000,9.0924,9.08904,1000000,1500000
2021-12-14 08:27:40.320000,9.0923,9.08904,1000000,1500000
2021-12-14 08:27:40.501000,9.0923,9.089,1000000,1500000
2021-12-14 08:27:40.727000,9.0923,9.08903,1000000,1500000
2021-12-14 08:27:40.830000,9.09223,9.08903,1000000,1500000
2021-12-14 08:27:40.880000,9.09283,9.08903,1120000,1500000
2021-12-14 08:27:43.017000,9.09305,9.09083,1500000,1000000
2021-12-14 08:27:43.067000,9.09357,9.08818,1250000,2750000
2021-12-14 08:27:43.118000,9.09367,9.09226,1500000,1000000
2021-12-14 08:27:43.168000,9.09413,9.09235,1000000,1000000
2021-12-14 08:27:43.219000,9.09456,9.09235,1000000,1000000
2021-12-14 08:27:43.319000,9.09532,9.09215,1500000,1000000
2021-12-14 08:27:43.370000,9.09548,9.09215,1000000,1000000
2021-12-14 08:27:43.521000,9.09548,9.09266,1000000,1000000
2021-12-14 08:27:43.572000,9.09581,9.09266,1000000,1000000
2021-12-14 08:27:43.796000,9.09459,9.09256,1000000,1000000
2021-12-14 08:27:43.947000,9.0946,9.09274,1000000,1000000
2021-12-14 08:27:43.998000,9.0946,9.09255,1000000,1000000
2021-12-14 08:27:44.253000,9.0945,9.09255,1000000,1000000
2021-12-14 08:27:44.303000,9.0945,9.09235,1000000,1000000
2021-12-14 08:27:44.786000,9.09518,9.09226,1000000,1000000
2021-12-14 08:27:44.886000,9.09543,9.09225,1000000,1000000
2021-12-14 08:27:44.987000,9.09542,9.09168,1000000,1500000
2021-12-14 08:27:45.037000,9.0954,9.09162,1000000,1500000
2021-12-14 08:27:45.517000,9.09539,9.09163,1000000,1500000
2021-12-14 08:27:45.795000,9.09542,9.09173,1000000,1500000
2021-12-14 08:27:46.043000,9.09543,9.09173,1000000,1500000
2021-12-14 08:27:46.094000,9.09552,9.09173,1000000,1500000
2021-12-14 08:27:46.245000,9.0956,9.09182,1000000,1500000
2021-12-14 08:27:46.295000,9.0956,9.09182,1000000,1500000
2021-12-14 08:27:46.345000,9.09567,9.09182,1000000,1500000
2021-12-14 08:27:46.496000,9.09567,9.09182,1000000,1500000
2021-12-14 08:27:46.829000,9.09567,9.09182,1000000,1500000
2021-12-14 08:27:46.930000,9.09567,9.09182,1000000,1500000
2021-12-14 08:27:47.031000,9.09563,9.09174,1000000,1500000
2021-12-14 08:27:47.132000,9.09561,9.09174,1000000,1500000
2021-12-14 08:27:47.283000,9.09518,9.09174,1000000,1500000
2021-12-14 08:27:47.400000,9.09518,9.09174,1000000,1500000
2021-12-14 08:27:47.521000,9.09511,9.09176,1000000,1500000
2021-12-14 08:27:47.735000,9.09511,9.09176,1000000,1500000
2021-12-14 08:27:47.836000,9.09507,9.09186,1000000,1500000
2021-12-14 08:27:47.937000,9.09508,9.09186,1000000,1500000
2021-12-14 08:27:47.987000,9.09504,9.09186,1000000,1500000
2021-12-14 08:27:48.088000,9.09499,9.09186,1000000,1500000
2021-12-14 08:27:48.138000,9.09498,9.09186,1000000,1500000
2021-12-14 08:27:48.253000,9.0954,9.09186,1500000,1500000
2021-12-14 08:27:48.354000,9.09538,9.09186,1500000,1500000
2021-12-14 08:27:52.111000,9.09536,9.09186,1500000,1500000
2021-12-14 08:27:52.249000,9.0945,9.09186,1000000,1500000
2021-12-14 08:27:52.985000,9.0945,9.09186,1000000,1500000
2021-12-14 08:27:53.187000,9.0945,9.09186,1000000,1500000
2021-12-14 08:27:53.251000,9.09506,9.09186,1000000,1500000
2021-12-14 08:27:53.302000,9.09525,9.09186,1000000,1500000
2021-12-14 08:27:53.522000,9.09524,9.09171,1500000,1500000
2021-12-14 08:27:53.672000,9.09514,9.09117,1000000,1500000
2021-12-14 08:27:53.723000,9.09507,9.09117,1000000,1500000
2021-12-14 08:27:53.773000,9.09502,9.09117,1000000,1500000
2021-12-14 08:27:53.894000,9.09473,9.09117,1000000,1500000
2021-12-14 08:27:54.203000,9.09473,9.09085,1000000,1500000
2021-12-14 08:27:54.814000,9.09473,9.09078,1000000,1500000
2021-12-14 08:27:55.240000,9.09473,9.09076,1500000,1500000
2021-12-14 08:27:55.291000,9.09469,9.09076,1000000,1500000
2021-12-14 08:27:55.429000,9.09469,9.09076,1000000,1500000
2021-12-14 08:27:55.580000,9.09464,9.09073,1000000,1500000
2021-12-14 08:27:55.681000,9.09379,9.09074,1000000,1500000
2021-12-14 08:27:56.053000,9.0938,9.09073,1000000,1500000
2021-12-14 08:27:56.154000,9.0939,9.09073,1000000,1500000
2021-12-14 08:27:56.649000,9.09458,9.0907,2250000,1500000
2021-12-14 08:27:56.700000,9.09466,9.0907,1000000,1500000
2021-12-14 08:27:56.768000,9.09464,9.0907,1000000,1500000
2021-12-14 08:27:56.872000,9.09463,9.0907,1000000,1500000
2021-12-14 08:27:57.336000,9.09467,9.0907,1000000,1500000
2021-12-14 08:27:57.664000,9.09466,9.09079,1000000,1500000
2021-12-14 08:27:58.231000,9.09467,9.09079,1000000,1500000
2021-12-14 08:27:59.103000,9.09468,9.09091,1000000,1500000
2021-12-14 08:27:59.154000,9.09478,9.09091,1000000,1500000
2021-12-14 08:27:59.305000,9.09478,9.09091,1000000,1500000
2021-12-14 08:27:59.406000,9.09496,9.09091,1500000,1500000
2021-12-14 08:27:59.539000,9.09451,9.09091,1000000,1500000
2021-12-14 08:27:59.791000,9.0945,9.09091,1000000,1500000
2021-12-14 08:27:59.892000,9.09449,9.09105,1000000,1500000
2021-12-14 08:27:59.942000,9.09439,9.09105,1000000,1500000
2021-12-14 08:27:59.993000,9.09435,9.09105,1000000,1500000
2021-12-14 08:28:00.043000,9.09433,9.09094,1000000,1500000
2021-12-14 08:28:00.175000,9.09412,9.09094,1000000,1500000
2021-12-14 08:28:00.354000,9.09412,9.09067,1000000,1500000
2021-12-14 08:28:00.455000,9.09411,9.09067,1000000,1500000
2021-12-14 08:28:00.506000,9.09411,9.09067,1000000,1500000
2021-12-14 08:28:00.610000,9.09456,9.09067,1500000,1500000
2021-12-14 08:28:00.822000,9.09453,9.09067,1500000,1500000
2021-12-14 08:28:01.370000,9.09459,9.09076,1500000,1500000
2021-12-14 08:28:01.528000,9.09459,9.09076,1500000,1500000
2021-12-14 08:28:02.548000,9.0947,9.09099,1500000,1500000
2021-12-14 08:28:03.150000,9.09473,9.09101,2750000,1500000
2021-12-14 08:28:03.251000,9.09486,9.0912,1500000,1500000
2021-12-14 08:28:03.405000,9.09451,9.0912,1000000,1500000
2021-12-14 08:28:03.768000,9.0941,9.0912,1000000,1500000
2021-12-14 08:28:04.271000,9.09466,9.0912,1000000,1500000
2021-12-14 08:28:04.412000,9.09485,9.09121,1500000,1500000
2021-12-14 08:28:04.680000,9.09486,9.0912,1500000,1500000
2021-12-14 08:28:04.849000,9.09486,9.09106,1500000,1500000
2021-12-14 08:28:06.077000,9.09486,9.09115,1500000,1500000
2021-12-14 08:28:06.657000,9.09492,9.09126,1500000,1500000
2021-12-14 08:28:07.357000,9.0947,9.0912,1500000,1500000
2021-12-14 08:28:07.956000,9.094,9.09119,1000000,1500000
2021-12-14 08:28:08.182000,9.094,9.09119,1000000,1500000
2021-12-14 08:28:08.953000,9.09444,9.09104,1500000,1500000
2021-12-14 08:28:10.005000,9.09474,9.09099,2750000,1500000
2021-12-14 08:28:10.351000,9.09435,9.09118,1000000,1500000
2021-12-14 08:28:10.552000,9.09435,9.09118,1000000,1500000
2021-12-14 08:28:10.603000,9.09456,9.09105,1500000,1500000
2021-12-14 08:28:10.906000,9.09458,9.09104,1500000,1000000
2021-12-14 08:28:11.212000,9.09458,9.09104,1500000,2620000
2021-12-14 08:28:11.504000,9.09458,9.09104,1500000,2750000
2021-12-14 08:28:11.759000,9.09457,9.09113,1500000,1000000
2021-12-14 08:28:12.107000,9.09382,9.09113,1000000,1000000
2021-12-14 08:28:12.608000,9.0939,9.09112,1000000,1000000
2021-12-14 08:28:13.112000,9.094,9.09112,1000000,2250000
2021-12-14 08:28:13.250000,9.0946,9.09112,1500000,2250000
2021-12-14 08:28:13.903000,9.0946,9.09115,1500000,1000000
2021-12-14 08:28:14.004000,9.0947,9.09165,1500000,1000000
2021-12-14 08:28:14.105000,9.09469,9.0917,1500000,1000000
2021-12-14 08:28:14.155000,9.09469,9.0917,1000000,1000000
2021-12-14 08:28:14.256000,9.0947,9.09205,1000000,1000000
2021-12-14 08:28:14.408000,9.09516,9.09205,1500000,1000000
2021-12-14 08:28:14.784000,9.09522,9.09225,1500000,1000000
2021-12-14 08:28:15.010000,9.09522,9.09225,1500000,1000000
2021-12-14 08:28:15.167000,9.09522,9.09225,1500000,1000000
2021-12-14 08:28:15.271000,9.09522,9.09215,1500000,1000000
2021-12-14 08:28:15.365000,9.09522,9.09215,1500000,1000000
2021-12-14 08:28:15.566000,9.09522,9.09225,1500000,1000000
2021-12-14 08:28:15.728000,9.09533,9.09215,1500000,1000000
2021-12-14 08:28:15.828000,9.09533,9.09215,1500000,1000000
2021-12-14 08:28:15.929000,9.0946,9.09215,1000000,1000000
2021-12-14 08:28:16.355000,9.0946,9.09205,1000000,1000000
2021-12-14 08:28:16.406000,9.09453,9.09205,1000000,1000000
2021-12-14 08:28:16.883000,9.09494,9.09206,1500000,1000000
2021-12-14 08:28:17.141000,9.09516,9.09205,1500000,1000000
2021-12-14 08:28:17.254000,9.09516,9.09215,1500000,1000000
2021-12-14 08:28:17.501000,9.09524,9.09225,1500000,1000000
2021-12-14 08:28:17.790000,9.09533,9.09235,1500000,1000000
2021-12-14 08:28:18.055000,9.09533,9.09189,1500000,1500000
2021-12-14 08:28:18.948000,9.09533,9.09189,1500000,1000000
2021-12-14 08:28:20.061000,9.09533,9.09189,1500000,1000000
2021-12-14 08:28:20.119000,9.09463,9.09189,1000000,1000000
2021-12-14 08:28:20.618000,9.0947,9.09189,1000000,1000000
2021-12-14 08:28:21.118000,9.09512,9.09189,1500000,1000000
2021-12-14 08:28:21.560000,9.09533,9.09189,1500000,1500000
2021-12-14 08:28:22.496000,9.0954,9.09182,1500000,1500000
2021-12-14 08:28:22.652000,9.09537,9.09182,1000000,1500000
2021-12-14 08:28:22.753000,9.09539,9.09182,1000000,1500000
2021-12-14 08:28:22.947000,9.09539,9.09182,1500000,1500000
2021-12-14 08:28:24.465000,9.09513,9.09193,1000000,1500000
2021-12-14 08:28:24.566000,9.09513,9.09193,1500000,1500000
2021-12-14 08:28:24.697000,9.09513,9.09193,1500000,1500000
2021-12-14 08:28:25.745000,9.09449,9.09194,1000000,1500000
2021-12-14 08:28:26.745000,9.09512,9.09194,1750000,1750000
2021-12-14 08:28:26.819000,9.09512,9.09194,1750000,1750000
2021-12-14 08:28:27.561000,9.0952,9.09167,1500000,1500000
2021-12-14 08:28:29.827000,9.09518,9.09167,1500000,1500000
2021-12-14 08:28:30.029000,9.09478,9.0913,1000000,1500000
2021-12-14 08:28:30.079000,9.09475,9.0913,1000000,1500000
2021-12-14 08:28:30.180000,9.09466,9.0913,1000000,1500000
2021-12-14 08:28:30.230000,9.09462,9.09085,1000000,1500000
2021-12-14 08:28:30.281000,9.09458,9.09085,1000000,1500000
2021-12-14 08:28:30.423000,9.09456,9.09081,1000000,1500000
2021-12-14 08:28:30.618000,9.09454,9.09082,1250000,1500000
2021-12-14 08:28:30.840000,9.09454,9.09081,1250000,1500000
2021-12-14 08:28:30.891000,9.09454,9.09081,1500000,1500000
2021-12-14 08:28:30.992000,9.09446,9.0906,1000000,1500000
2021-12-14 08:28:31.042000,9.09433,9.0906,1000000,1500000
2021-12-14 08:28:31.162000,9.09425,9.0906,1000000,1500000
2021-12-14 08:28:31.213000,9.09424,9.0906,1000000,1500000
2021-12-14 08:28:31.368000,9.0934,9.0906,1000000,1500000
2021-12-14 08:28:31.896000,9.0938,9.0906,1000000,1500000
2021-12-14 08:28:31.997000,9.09376,9.0906,1000000,1500000
2021-12-14 08:28:32.047000,9.09375,9.0906,1000000,1500000
2021-12-14 08:28:32.148000,9.09374,9.0906,1000000,1500000
2021-12-14 08:28:32.249000,9.09373,9.0906,1000000,1500000
2021-12-14 08:28:32.299000,9.09371,9.0906,1000000,1500000
2021-12-14 08:28:32.369000,9.09403,9.0906,1000000,1500000
2021-12-14 08:28:32.420000,9.09398,9.09034,1000000,1500000
2021-12-14 08:28:32.571000,9.09394,9.09034,1000000,1500000
2021-12-14 08:28:32.875000,9.09395,9.09034,1000000,1500000
2021-12-14 08:28:32.926000,9.09402,9.09034,1000000,1500000
2021-12-14 08:28:32.976000,9.09389,9.09017,1000000,1500000
2021-12-14 08:28:33.091000,9.09389,9.09017,1000000,1500000
2021-12-14 08:28:33.141000,9.09386,9.09008,1000000,1500000
2021-12-14 08:28:33.242000,9.0938,9.09013,1250000,1750000
2021-12-14 08:28:33.343000,9.09373,9.09013,1250000,1750000
2021-12-14 08:28:33.483000,9.09375,9.09013,1250000,1750000
2021-12-14 08:28:33.634000,9.09373,9.09013,1250000,1750000
2021-12-14 08:28:33.830000,9.09371,9.09013,1250000,1750000
2021-12-14 08:28:33.986000,9.09368,9.09013,1250000,1750000
2021-12-14 08:28:34.087000,9.09372,9.09013,1250000,1250000
2021-12-14 08:28:34.340000,9.0937,9.09013,1250000,1250000
2021-12-14 08:28:34.491000,9.09363,9.09013,1250000,1250000
2021-12-14 08:28:34.961000,9.09362,9.09013,1250000,1250000
2021-12-14 08:28:35.183000,9.09361,9.09006,1000000,1000000
2021-12-14 08:28:35.233000,9.09359,9.09006,1000000,1000000
2021-12-14 08:28:35.334000,9.09352,9.09006,1000000,1000000
2021-12-14 08:28:35.435000,9.09349,9.09006,1000000,1000000
2021-12-14 08:28:35.540000,9.09348,9.09006,1000000,1000000
2021-12-14 08:28:35.591000,9.09344,9.08991,1000000,1000000
2021-12-14 08:28:36.159000,9.09345,9.08991,1000000,1000000
2021-12-14 08:28:36.393000,9.09345,9.08968,1250000,1250000
2021-12-14 08:28:36.494000,9.09343,9.08969,1250000,1250000
2021-12-14 08:28:36.645000,9.09334,9.08968,1250000,1250000
2021-12-14 08:28:36.795000,9.09329,9.08968,1250000,1250000
2021-12-14 08:28:36.961000,9.09327,9.08968,1250000,1250000
2021-12-14 08:28:37.092000,9.09326,9.08927,1000000,1000000
2021-12-14 08:28:37.192000,9.09264,9.08916,1000000,1000000
2021-12-14 08:28:37.293000,9.09263,9.08922,1000000,1000000
2021-12-14 08:28:37.424000,9.09261,9.08922,1000000,1000000
2021-12-14 08:28:37.525000,9.09259,9.08923,1000000,1000000
2021-12-14 08:28:37.626000,9.09259,9.08922,1000000,1000000
2021-12-14 08:28:37.777000,9.09253,9.08923,1000000,1000000
2021-12-14 08:28:37.928000,9.09251,9.08922,1000000,1000000
2021-12-14 08:28:38.079000,9.09246,9.08922,1000000,1000000
2021-12-14 08:28:38.135000,9.09294,9.08923,1250000,1250000
2021-12-14 08:28:38.235000,9.09295,9.08922,1250000,1250000
2021-12-14 08:28:38.286000,9.09295,9.08902,1250000,1250000
2021-12-14 08:28:40.532000,9.09264,9.08902,1000000,1000000
2021-12-14 08:28:40.983000,9.09264,9.08884,1000000,1000000
2021-12-14 08:28:41.259000,9.09264,9.08876,1000000,1000000
2021-12-14 08:28:41.677000,9.09264,9.08863,1000000,1000000
2021-12-14 08:28:41.773000,9.09249,9.08863,1000000,1000000
2021-12-14 08:28:41.984000,9.09215,9.08863,1000000,1000000
2021-12-14 08:28:42.134000,9.09216,9.08863,1000000,1000000
2021-12-14 08:28:42.302000,9.09217,9.08863,1000000,1000000
2021-12-14 08:28:42.403000,9.09216,9.08863,1000000,1000000
2021-12-14 08:28:42.531000,9.09217,9.08863,1000000,1000000
2021-12-14 08:28:42.701000,9.09215,9.08863,1000000,1000000
2021-12-14 08:28:42.957000,9.09249,9.08863,1000000,1000000
2021-12-14 08:28:43.271000,9.09249,9.08858,1000000,1000000
2021-12-14 08:28:43.893000,9.09249,9.08859,1000000,1000000
2021-12-14 08:28:44.019000,9.09249,9.08859,1000000,1500000
2021-12-14 08:28:44.255000,9.09248,9.0886,1000000,1000000
2021-12-14 08:28:44.489000,9.09249,9.08858,1000000,1000000
2021-12-14 08:28:44.590000,9.09249,9.08858,1000000,1500000
2021-12-14 08:28:44.741000,9.09244,9.08859,1250000,1750000
2021-12-14 08:28:44.892000,9.09245,9.08859,1250000,1750000
2021-12-14 08:28:45.265000,9.09247,9.08877,1250000,1750000
2021-12-14 08:28:45.416000,9.09247,9.08868,1500000,1500000
2021-12-14 08:28:45.617000,9.09256,9.08866,1000000,1000000
2021-12-14 08:28:45.668000,9.09256,9.08881,1000000,1000000
2021-12-14 08:28:45.718000,9.09266,9.08884,1000000,1000000
2021-12-14 08:28:45.818000,9.09266,9.08885,1000000,1500000
2021-12-14 08:28:45.869000,9.0927,9.08896,1000000,1000000
2021-12-14 08:28:45.919000,9.09285,9.08913,1000000,1000000
2021-12-14 08:28:46.020000,9.09183,9.08913,1000000,1500000
2021-12-14 08:28:46.250000,9.09183,9.08913,1000000,1500000
2021-12-14 08:28:46.451000,9.09242,9.08914,1000000,1500000
2021-12-14 08:28:46.552000,9.09244,9.08913,1000000,1500000
2021-12-14 08:28:46.920000,9.09288,9.08913,2750000,1500000
2021-12-14 08:28:47.227000,9.09286,9.0891,1500000,1000000
2021-12-14 08:28:48.277000,9.09277,9.0891,1000000,1000000
2021-12-14 08:28:49.268000,9.09276,9.0891,1000000,1000000
2021-12-14 08:28:49.368000,9.09276,9.08883,1500000,1500000
2021-12-14 08:28:49.520000,9.09258,9.08882,1000000,1500000
2021-12-14 08:28:49.785000,9.09257,9.08882,1000000,1500000
2021-12-14 08:28:49.835000,9.09263,9.08883,1500000,1500000
2021-12-14 08:28:50.187000,9.09262,9.0887,1000000,1500000
2021-12-14 08:28:50.337000,9.09263,9.08868,1120000,1500000
2021-12-14 08:28:50.388000,9.09173,9.08868,1000000,1500000
2021-12-14 08:28:51.412000,9.09263,9.08873,1000000,1500000
2021-12-14 08:28:51.508000,9.09262,9.08874,1500000,1500000
2021-12-14 08:28:51.712000,9.09263,9.08873,1000000,1500000
2021-12-14 08:28:52.193000,9.09266,9.08878,1000000,1500000
2021-12-14 08:28:52.293000,9.09269,9.08878,1000000,1500000
2021-12-14 08:28:52.344000,9.09269,9.08878,1500000,1500000
2021-12-14 08:28:52.494000,9.09262,9.08876,1000000,2750000
2021-12-14 08:28:52.595000,9.09269,9.08893,1750000,1750000
2021-12-14 08:28:52.749000,9.09278,9.08902,1250000,1250000
2021-12-14 08:28:52.871000,9.09277,9.08903,1000000,1000000
2021-12-14 08:28:53.914000,9.09286,9.08906,1000000,1500000
2021-12-14 08:28:53.964000,9.0929,9.08915,1000000,1000000
2021-12-14 08:28:55.128000,9.09295,9.08915,1750000,1250000
2021-12-14 08:28:55.188000,9.09295,9.08915,1250000,1250000
2021-12-14 08:28:56.070000,9.09296,9.08915,1250000,1750000
2021-12-14 08:28:56.304000,9.09252,9.08915,1000000,1500000
2021-12-14 08:28:56.477000,9.09252,9.08915,1000000,1000000
2021-12-14 08:28:56.655000,9.09251,9.08917,1000000,1500000
2021-12-14 08:28:56.706000,9.09254,9.08917,1000000,1500000
2021-12-14 08:28:56.808000,9.09213,9.08917,1000000,1500000
2021-12-14 08:28:56.909000,9.09212,9.08918,1000000,1500000
2021-12-14 08:28:57.299000,9.09269,9.08926,1000000,1500000
2021-12-14 08:28:57.350000,9.09305,9.08926,1750000,1750000
2021-12-14 08:28:57.540000,9.09305,9.08926,1250000,1250000
2021-12-14 08:28:57.709000,9.09305,9.08926,1750000,1750000
2021-12-14 08:28:58.488000,9.09305,9.08926,1250000,1250000
2021-12-14 08:28:59.976000,9.09215,9.08926,1000000,1000000
2021-12-14 08:29:00.077000,9.0922,9.08926,1000000,1500000
2021-12-14 08:29:00.178000,9.09223,9.08971,1250000,1250000
2021-12-14 08:29:00.228000,9.09223,9.08965,1000000,1000000
2021-12-14 08:29:00.278000,9.09223,9.08984,1000000,1000000
2021-12-14 08:29:00.462000,9.09331,9.09039,1250000,1250000
2021-12-14 08:29:00.563000,9.09331,9.0904,1250000,1250000
2021-12-14 08:29:00.713000,9.09338,9.09081,1250000,1250000
2021-12-14 08:29:00.923000,9.09339,9.09111,1250000,1250000
2021-12-14 08:29:01.024000,9.09339,9.09138,1250000,1250000
2021-12-14 08:29:01.074000,9.09339,9.09134,1250000,1250000
2021-12-14 08:29:01.125000,9.09339,9.09111,1250000,1250000
2021-12-14 08:29:01.381000,9.09339,9.09154,1250000,1250000
2021-12-14 08:29:01.532000,9.09339,9.09154,1000000,1000000
2021-12-14 08:29:01.634000,9.09339,9.09155,1250000,1250000
2021-12-14 08:29:01.684000,9.0935,9.09168,1250000,1250000
2021-12-14 08:29:01.735000,9.09347,9.09177,1000000,1000000
2021-12-14 08:29:01.835000,9.09495,9.09263,1250000,1250000
2021-12-14 08:29:01.986000,9.09495,9.09299,1250000,1250000
2021-12-14 08:29:02.137000,9.09494,9.093,1000000,1000000
2021-12-14 08:29:02.188000,9.09568,9.0932,1000000,1000000
2021-12-14 08:29:02.288000,9.09622,9.09319,1000000,1000000
2021-12-14 08:29:02.339000,9.09652,9.09319,1000000,1000000
2021-12-14 08:29:02.439000,9.09693,9.09407,1000000,1000000
2021-12-14 08:29:02.490000,9.09695,9.09407,1000000,1000000
2021-12-14 08:29:02.590000,9.09701,9.09407,1000000,1000000
2021-12-14 08:29:02.641000,9.09687,9.09378,1000000,1000000
2021-12-14 08:29:02.741000,9.09692,9.09369,1000000,1000000
2021-12-14 08:29:02.792000,9.09672,9.09369,1000000,1000000
2021-12-14 08:29:02.943000,9.09674,9.09391,1000000,1000000
2021-12-14 08:29:03.093000,9.09647,9.09391,1000000,1000000
2021-12-14 08:29:03.144000,9.0965,9.09391,1000000,1000000
2021-12-14 08:29:03.194000,9.09636,9.09391,1000000,1000000
2021-12-14 08:29:03.244000,9.09638,9.09391,1000000,1000000
2021-12-14 08:29:03.295000,9.09626,9.09391,1000000,1000000
2021-12-14 08:29:03.345000,9.09658,9.09353,1000000,1000000
2021-12-14 08:29:03.396000,9.09639,9.09353,1000000,1000000
2021-12-14 08:29:03.446000,9.09647,9.09353,1000000,1000000
2021-12-14 08:29:03.497000,9.0965,9.09353,1000000,1000000
2021-12-14 08:29:03.547000,9.09627,9.09353,1000000,1000000
2021-12-14 08:29:03.648000,9.09639,9.09353,1000000,1000000
2021-12-14 08:29:03.748000,9.09643,9.09353,1000000,1000000
2021-12-14 08:29:03.799000,9.09641,9.09353,1000000,1000000
2021-12-14 08:29:03.849000,9.09642,9.09354,1000000,1000000
2021-12-14 08:29:03.900000,9.09654,9.09353,1000000,1000000
2021-12-14 08:29:03.950000,9.09649,9.09353,1000000,1000000
2021-12-14 08:29:04,9.09686,9.09353,1000000,1000000
2021-12-14 08:29:04.051000,9.09675,9.09353,1000000,1000000
2021-12-14 08:29:04.151000,9.0969,9.09353,1000000,1000000
2021-12-14 08:29:04.202000,9.09653,9.09353,1000000,1000000
2021-12-14 08:29:04.353000,9.09644,9.09353,1000000,1000000
2021-12-14 08:29:04.403000,9.09655,9.09353,1000000,1000000
2021-12-14 08:29:04.504000,9.09653,9.09353,1000000,1000000
2021-12-14 08:29:04.655000,9.09651,9.09353,1000000,1000000
2021-12-14 08:29:04.805000,9.09636,9.09353,1000000,1000000
2021-12-14 08:29:04.856000,9.09671,9.09353,1000000,1000000
2021-12-14 08:29:04.906000,9.09669,9.09353,1000000,1000000
2021-12-14 08:29:04.957000,9.09687,9.09354,1000000,1000000
2021-12-14 08:29:05.059000,9.09728,9.09353,1000000,1000000
2021-12-14 08:29:05.110000,9.09732,9.09353,1000000,1000000
2021-12-14 08:29:05.160000,9.09708,9.09353,1000000,1000000
2021-12-14 08:29:05.210000,9.09718,9.09353,1000000,1000000
2021-12-14 08:29:05.261000,9.09709,9.0939,1000000,1000000
2021-12-14 08:29:05.361000,9.09729,9.0939,1000000,1000000
2021-12-14 08:29:05.412000,9.09704,9.0939,1000000,1000000
2021-12-14 08:29:05.513000,9.09702,9.0939,1000000,1000000
2021-12-14 08:29:05.616000,9.09689,9.0939,1000000,1000000
2021-12-14 08:29:05.716000,9.09686,9.09366,1000000,1000000
2021-12-14 08:29:05.766000,9.09673,9.09367,1000000,1000000
2021-12-14 08:29:05.917000,9.09675,9.09366,1000000,1000000
2021-12-14 08:29:06.018000,9.09668,9.09367,1000000,1000000
2021-12-14 08:29:06.169000,9.09663,9.09366,1000000,1000000
2021-12-14 08:29:06.320000,9.09655,9.09366,1000000,1000000
2021-12-14 08:29:06.470000,9.09649,9.09366,1000000,1000000
2021-12-14 08:29:06.571000,9.09665,9.09347,1000000,1000000
2021-12-14 08:29:06.622000,9.09683,9.09346,1000000,1000000
2021-12-14 08:29:06.723000,9.09659,9.09346,1000000,1000000
2021-12-14 08:29:06.773000,9.09697,9.09356,1000000,1000000
2021-12-14 08:29:06.824000,9.09675,9.09355,1000000,1000000
2021-12-14 08:29:06.924000,9.09725,9.09355,1500000,1000000
2021-12-14 08:29:07.025000,9.09725,9.09355,1000000,1000000
2021-12-14 08:29:07.075000,9.09681,9.09355,1000000,1000000
2021-12-14 08:29:07.176000,9.09691,9.09355,2250000,1000000
2021-12-14 08:29:07.226000,9.09687,9.09355,1000000,1000000
2021-12-14 08:29:07.277000,9.0969,9.09355,1000000,1000000
2021-12-14 08:29:07.327000,9.09687,9.09355,1000000,1000000
2021-12-14 08:29:07.428000,9.09687,9.09356,1000000,1000000
2021-12-14 08:29:07.528000,9.09722,9.09388,1000000,1000000
2021-12-14 08:29:07.579000,9.09718,9.09388,1000000,1000000
2021-12-14 08:29:07.629000,9.09722,9.09388,1000000,1000000
2021-12-14 08:29:07.730000,9.0977,9.09388,1000000,1000000
2021-12-14 08:29:07.830000,9.09779,9.09388,1000000,1000000
2021-12-14 08:29:07.881000,9.09779,9.09359,1000000,1000000
2021-12-14 08:29:07.981000,9.09718,9.09338,1000000,1000000
2021-12-14 08:29:08.082000,9.09706,9.09334,1000000,1000000
2021-12-14 08:29:08.132000,9.09711,9.09334,1000000,1000000
2021-12-14 08:29:08.183000,9.09707,9.09334,1000000,1000000
2021-12-14 08:29:08.283000,9.09702,9.09324,1000000,1000000
2021-12-14 08:29:08.334000,9.09694,9.09324,1000000,1000000
2021-12-14 08:29:08.384000,9.09752,9.09324,1500000,1000000
2021-12-14 08:29:08.484000,9.09699,9.09325,1000000,1000000
2021-12-14 08:29:08.585000,9.09695,9.09324,1000000,1000000
2021-12-14 08:29:08.636000,9.09697,9.09324,1000000,1000000
2021-12-14 08:29:08.686000,9.09691,9.09324,1000000,1000000
2021-12-14 08:29:08.787000,9.09748,9.09324,1000000,1000000
2021-12-14 08:29:08.837000,9.09687,9.09325,1000000,1000000
2021-12-14 08:29:08.888000,9.09692,9.09324,1000000,1000000
2021-12-14 08:29:08.988000,9.09691,9.09314,1000000,1000000
2021-12-14 08:29:09.089000,9.09695,9.09314,1000000,1000000
2021-12-14 08:29:09.189000,9.09701,9.09314,1000000,1000000
2021-12-14 08:29:09.240000,9.09702,9.09335,1000000,1000000
2021-12-14 08:29:09.290000,9.09706,9.09335,1000000,1000000
2021-12-14 08:29:09.391000,9.09749,9.09335,1500000,1000000
2021-12-14 08:29:09.441000,9.09702,9.09335,1000000,1000000
2021-12-14 08:29:09.492000,9.09687,9.09314,1000000,1000000
2021-12-14 08:29:09.593000,9.09722,9.09334,1000000,1000000
2021-12-14 08:29:09.694000,9.09715,9.09334,1000000,1000000
2021-12-14 08:29:09.844000,9.09689,9.09305,1000000,1000000
2021-12-14 08:29:09.895000,9.09708,9.09311,1000000,1000000
2021-12-14 08:29:09.995000,9.09694,9.09311,1000000,1000000
2021-12-14 08:29:10.046000,9.09731,9.0934,1000000,1000000
2021-12-14 08:29:10.097000,9.09746,9.09332,1000000,1000000
2021-12-14 08:29:10.197000,9.09808,9.09391,1000000,1000000
2021-12-14 08:29:10.248000,9.09776,9.09391,1000000,1000000
2021-12-14 08:29:10.298000,9.09777,9.09392,1000000,1000000
2021-12-14 08:29:10.350000,9.09776,9.09391,1000000,1000000
2021-12-14 08:29:10.454000,9.09765,9.09391,1000000,1000000
2021-12-14 08:29:10.554000,9.09765,9.0938,1000000,1000000
2021-12-14 08:29:10.605000,9.09769,9.0938,1000000,1000000
2021-12-14 08:29:11.145000,9.09769,9.09388,1000000,1000000
2021-12-14 08:29:12.084000,9.09769,9.09384,1000000,1000000
2021-12-14 08:29:12.235000,9.09766,9.09384,1000000,1000000
2021-12-14 08:29:12.336000,9.09763,9.09384,1000000,1000000
2021-12-14 08:29:12.498000,9.09761,9.09384,1000000,1000000
2021-12-14 08:29:12.548000,9.09758,9.09373,1000000,1000000
2021-12-14 08:29:12.599000,9.09746,9.09372,1000000,1000000
2021-12-14 08:29:12.649000,9.0979,9.09372,1000000,1000000
2021-12-14 08:29:12.699000,9.09779,9.09372,1000000,1000000
2021-12-14 08:29:12.800000,9.09767,9.09372,1250000,1250000
2021-12-14 08:29:12.850000,9.09764,9.09372,1000000,1000000
2021-12-14 08:29:12.951000,9.09762,9.09372,1000000,1000000
2021-12-14 08:29:13.425000,9.09765,9.09372,1000000,1000000
2021-12-14 08:29:13.526000,9.09762,9.09365,1000000,1000000
2021-12-14 08:29:13.576000,9.0976,9.09365,1000000,1000000
2021-12-14 08:29:13.727000,9.09755,9.09365,1000000,1000000
2021-12-14 08:29:13.828000,9.09753,9.09365,1000000,1000000
2021-12-14 08:29:14.461000,9.0975,9.09365,1000000,1000000
2021-12-14 08:29:14.512000,9.09749,9.09353,1000000,1000000
2021-12-14 08:29:14.578000,9.09748,9.09347,1250000,1250000
2021-12-14 08:29:14.729000,9.09733,9.09347,1000000,1000000
2021-12-14 08:29:14.779000,9.09736,9.09347,2250000,1000000
2021-12-14 08:29:15.131000,9.09735,9.09343,1000000,1000000
2021-12-14 08:29:15.181000,9.09703,9.09334,1000000,1000000
2021-12-14 08:29:15.232000,9.09716,9.09334,1000000,1000000
2021-12-14 08:29:15.332000,9.09722,9.09334,1000000,1000000
2021-12-14 08:29:15.383000,9.09707,9.09334,1000000,1000000
2021-12-14 08:29:15.433000,9.09736,9.09327,1000000,1000000
2021-12-14 08:29:15.534000,9.09731,9.09328,1000000,1000000
2021-12-14 08:29:15.667000,9.09731,9.09327,1000000,1000000
2021-12-14 08:29:15.818000,9.0973,9.09327,1000000,1000000
2021-12-14 08:29:16.021000,9.09731,9.09327,1000000,1000000
2021-12-14 08:29:16.158000,9.09732,9.09327,1000000,1000000
2021-12-14 08:29:16.308000,9.09729,9.09327,1000000,1000000
2021-12-14 08:29:16.359000,9.09728,9.09321,1000000,1000000
2021-12-14 08:29:16.682000,9.09728,9.0932,1000000,1000000
2021-12-14 08:29:16.783000,9.09726,9.0932,1000000,1000000
2021-12-14 08:29:17.337000,9.09726,9.09325,1000000,1000000
2021-12-14 08:29:17.551000,9.09725,9.09325,1000000,1000000
2021-12-14 08:29:17.892000,9.09723,9.09325,1000000,1000000
2021-12-14 08:29:18.339000,9.09723,9.09305,1000000,1000000
2021-12-14 08:29:18.389000,9.09721,9.09305,1000000,1000000
2021-12-14 08:29:18.506000,9.0972,9.09305,1000000,1000000
2021-12-14 08:29:19.495000,9.0972,9.09292,1000000,1000000
2021-12-14 08:29:19.602000,9.09719,9.09291,1000000,1000000
2021-12-14 08:29:20.201000,9.09722,9.09291,1000000,1000000
2021-12-14 08:29:20.542000,9.0972,9.09291,1000000,1000000
2021-12-14 08:29:20.683000,9.09722,9.09291,1000000,1000000
2021-12-14 08:29:20.784000,9.0972,9.09291,1000000,1000000
2021-12-14 08:29:20.834000,9.09716,9.09283,1000000,1000000
2021-12-14 08:29:20.885000,9.09697,9.09284,1000000,1000000
2021-12-14 08:29:20.989000,9.09696,9.09283,1000000,1000000
2021-12-14 08:29:21.140000,9.09698,9.09283,1000000,1000000
2021-12-14 08:29:21.291000,9.09702,9.09283,1000000,1000000
2021-12-14 08:29:21.392000,9.0971,9.09265,1000000,1000000
2021-12-14 08:29:21.442000,9.09707,9.09265,1000000,1000000
2021-12-14 08:29:21.593000,9.09678,9.09265,1000000,1000000
2021-12-14 08:29:21.834000,9.09677,9.09265,1000000,1000000
2021-12-14 08:29:21.935000,9.09676,9.09265,1000000,1000000
2021-12-14 08:29:22.079000,9.09674,9.09265,1000000,1000000
2021-12-14 08:29:22.425000,9.09674,9.09266,1000000,1000000
2021-12-14 08:29:22.476000,9.09677,9.09266,1000000,1000000
2021-12-14 08:29:22.526000,9.09674,9.09265,1000000,1000000
2021-12-14 08:29:23.062000,9.09673,9.09265,1250000,1250000
2021-12-14 08:29:23.421000,9.09674,9.09265,1250000,1250000
2021-12-14 08:29:23.529000,9.09675,9.09265,1250000,1250000
2021-12-14 08:29:23.580000,9.09678,9.09265,1250000,1250000
2021-12-14 08:29:23.680000,9.09678,9.09265,1250000,1250000
2021-12-14 08:29:23.789000,9.09677,9.09265,1250000,1250000
2021-12-14 08:29:23.969000,9.09675,9.09265,1250000,1250000
2021-12-14 08:29:24.094000,9.09677,9.09265,1250000,1250000
2021-12-14 08:29:24.774000,9.09677,9.09265,1250000,1250000
2021-12-14 08:29:25.335000,9.09674,9.09254,1250000,1250000
2021-12-14 08:29:25.486000,9.09663,9.09252,1250000,1250000
2021-12-14 08:29:25.587000,9.09659,9.09252,1250000,1250000
2021-12-14 08:29:25.862000,9.09663,9.09252,2440000,1250000
2021-12-14 08:29:25.962000,9.09675,9.09252,1250000,1250000
2021-12-14 08:29:26.013000,9.09673,9.09252,1250000,1250000
2021-12-14 08:29:26.119000,9.09674,9.09252,1250000,1250000
2021-12-14 08:29:26.238000,9.09675,9.09252,1250000,1250000
2021-12-14 08:29:26.550000,9.09672,9.09252,1250000,1250000
2021-12-14 08:29:26.651000,9.09672,9.09253,1250000,1250000
2021-12-14 08:29:26.833000,9.0967,9.09257,1250000,1250000
2021-12-14 08:29:26.883000,9.09673,9.09257,1250000,1250000
2021-12-14 08:29:27,9.09672,9.09236,1000000,1000000
2021-12-14 08:29:27.051000,9.09674,9.09236,1000000,1000000
2021-12-14 08:29:27.172000,9.09676,9.09236,2250000,1000000
2021-12-14 08:29:27.725000,9.09675,9.09236,1000000,1000000
2021-12-14 08:29:27.829000,9.09675,9.09239,2250000,1000000
2021-12-14 08:29:28.421000,9.09676,9.09262,2250000,1000000
2021-12-14 08:29:28.472000,9.09689,9.09262,1000000,1000000
2021-12-14 08:29:28.572000,9.09686,9.09262,1000000,1000000
2021-12-14 08:29:28.673000,9.09685,9.09262,1000000,1000000
2021-12-14 08:29:29.171000,9.09687,9.09262,1000000,1000000
2021-12-14 08:29:30.028000,9.0969,9.09262,1000000,1000000
2021-12-14 08:29:30.128000,9.09803,9.09262,1000000,1000000
2021-12-14 08:29:30.179000,9.09806,9.09262,1000000,1000000
2021-12-14 08:29:30.229000,9.09807,9.09262,2750000,1000000
2021-12-14 08:29:30.330000,9.09823,9.09313,1000000,1000000
2021-12-14 08:29:30.380000,9.09872,9.09326,1000000,1000000
2021-12-14 08:29:30.431000,9.09872,9.09334,1000000,1000000
2021-12-14 08:29:30.582000,9.09883,9.09414,1000000,1000000
2021-12-14 08:29:30.735000,9.09883,9.09435,1000000,1000000
2021-12-14 08:29:30.785000,9.09954,9.09443,1000000,1000000
2021-12-14 08:29:30.835000,9.0997,9.09466,1000000,1000000
2021-12-14 08:29:30.936000,9.0997,9.0948,1000000,1000000
2021-12-14 08:29:31.038000,9.0997,9.09482,1000000,1000000
2021-12-14 08:29:31.088000,9.1003,9.09483,1000000,1000000
2021-12-14 08:29:31.911000,9.10043,9.09488,1000000,1000000
2021-12-14 08:29:32.310000,9.10042,9.09503,1000000,1000000
2021-12-14 08:29:32.411000,9.10041,9.09502,1000000,1000000
2021-12-14 08:29:32.562000,9.10038,9.09502,1000000,1000000
2021-12-14 08:29:32.753000,9.1004,9.09502,1000000,1000000
2021-12-14 08:29:32.904000,9.10038,9.09515,1000000,1000000
2021-12-14 08:29:32.955000,9.10038,9.09502,1000000,1000000
2021-12-14 08:29:33.005000,9.10039,9.09502,1250000,1250000
2021-12-14 08:29:33.158000,9.10032,9.09502,1250000,1250000
2021-12-14 08:29:33.865000,9.10064,9.09521,1500000,1000000
2021-12-14 08:29:33.965000,9.0994,9.09521,1000000,1000000
2021-12-14 08:29:35.983000,9.09939,9.09512,1000000,1000000
2021-12-14 08:29:40.306000,9.0994,9.09514,1000000,1000000
2021-12-14 08:29:41.929000,9.09939,9.09504,1000000,1000000
2021-12-14 08:29:41.979000,9.09931,9.09503,1000000,1000000
2021-12-14 08:29:42.750000,9.0994,9.09503,1000000,1000000
2021-12-14 08:29:43.017000,9.0994,9.09498,1000000,1000000
2021-12-14 08:29:43.157000,9.09939,9.09498,1000000,1000000
2021-12-14 08:29:43.376000,9.09968,9.09498,1000000,1000000
2021-12-14 08:29:43.427000,9.09894,9.09726,1000000,750000
2021-12-14 08:29:43.477000,9.09739,9.09617,1250000,1250000
2021-12-14 08:29:43.528000,9.09795,9.09538,1000000,1000000
2021-12-14 08:29:43.629000,9.09779,9.09388,1000000,1000000
2021-12-14 08:29:43.729000,9.09926,9.0924,1000000,1000000
2021-12-14 08:29:43.780000,9.09917,9.09164,1000000,1100000
2021-12-14 08:29:43.880000,9.10059,9.09074,1250000,1350000
2021-12-14 08:29:43.931000,9.09995,9.08988,1250000,1350000
2021-12-14 08:29:43.981000,9.10052,9.08935,1000000,2540000
2021-12-14 08:29:44.082000,9.10125,9.08938,1250000,1350000
2021-12-14 08:29:44.183000,9.10125,9.08943,1000000,1350000
2021-12-14 08:29:44.233000,9.10125,9.08943,1000000,1350000
2021-12-14 08:29:44.283000,9.1012,9.08943,1000000,1350000
2021-12-14 08:29:44.334000,9.1011,9.08943,1000000,1350000
2021-12-14 08:29:44.384000,9.10095,9.08935,1000000,2540000
2021-12-14 08:29:44.435000,9.10117,9.08941,940000,1350000
2021-12-14 08:29:44.485000,9.10122,9.08947,1000000,1350000
2021-12-14 08:29:44.536000,9.10123,9.08947,1000000,1350000
2021-12-14 08:29:44.659000,9.10125,9.08957,1000000,1100000
2021-12-14 08:29:44.764000,9.10124,9.08948,1000000,1350000
2021-12-14 08:29:44.922000,9.10125,9.08947,750000,1100000
2021-12-14 08:29:45.073000,9.10195,9.09036,1000000,1350000
2021-12-14 08:29:45.233000,9.10202,9.08985,1000000,1350000
2021-12-14 08:29:45.284000,9.10128,9.08947,750000,1100000
2021-12-14 08:29:45.421000,9.10024,9.08958,1000000,1100000
2021-12-14 08:29:45.526000,9.10024,9.08957,1000000,1100000
2021-12-14 08:29:45.903000,9.10015,9.08973,1000000,1100000
2021-12-14 08:29:46.037000,9.10013,9.08974,1000000,1100000
2021-12-14 08:29:46.383000,9.10085,9.08973,1000000,1100000
2021-12-14 08:29:46.483000,9.1015,9.08973,1000000,1100000
2021-12-14 08:29:46.873000,9.10082,9.08973,1000000,1100000
2021-12-14 08:29:47.100000,9.10066,9.0896,1000000,1100000
2021-12-14 08:29:47.201000,9.10016,9.08958,1000000,1100000
2021-12-14 08:29:47.251000,9.1007,9.08957,1000000,1100000
2021-12-14 08:29:47.302000,9.10058,9.08957,1000000,1100000
2021-12-14 08:29:47.352000,9.10102,9.08957,1000000,1100000
2021-12-14 08:29:47.472000,9.10132,9.08957,1000000,1100000
2021-12-14 08:29:47.573000,9.10138,9.08961,2250000,1100000
2021-12-14 08:29:47.673000,9.10148,9.08961,1000000,1100000
2021-12-14 08:29:47.774000,9.10162,9.08961,1000000,1100000
2021-12-14 08:29:48.589000,9.10162,9.08974,1000000,1350000
2021-12-14 08:29:48.746000,9.10088,9.08988,1000000,1100000
2021-12-14 08:29:48.875000,9.10116,9.08974,1000000,1350000
2021-12-14 08:29:49.018000,9.10112,9.09006,1000000,1100000
2021-12-14 08:29:49.119000,9.10084,9.09006,1250000,1350000
2021-12-14 08:29:49.169000,9.10119,9.09006,1250000,1350000
2021-12-14 08:29:49.219000,9.10127,9.09006,1000000,1350000
2021-12-14 08:29:50.163000,9.10082,9.09006,1250000,1350000
2021-12-14 08:29:50.567000,9.10062,9.09006,1000000,1100000
2021-12-14 08:29:50.668000,9.10034,9.09006,1250000,1350000
2021-12-14 08:29:52.074000,9.10058,9.09006,1250000,1350000
2021-12-14 08:29:52.175000,9.1012,9.09007,1250000,1350000
2021-12-14 08:29:52.275000,9.10272,9.09006,1000000,1100000
2021-12-14 08:29:52.326000,9.10255,9.09006,1250000,1350000
2021-12-14 08:29:52.435000,9.10135,9.09006,1250000,1350000
2021-12-14 08:29:52.536000,9.10173,9.09006,1250000,1350000
2021-12-14 08:29:52.636000,9.10226,9.09006,1250000,1350000
2021-12-14 08:29:53.603000,9.1025,9.09006,1000000,1100000
2021-12-14 08:29:54.019000,9.10241,9.09006,1000000,1100000
2021-12-14 08:29:54.185000,9.1025,9.09006,1000000,1100000
2021-12-14 08:29:54.336000,9.10188,9.09006,1250000,1350000
2021-12-14 08:29:54.436000,9.10219,9.09006,1250000,1350000
2021-12-14 08:29:54.487000,9.10258,9.09006,1000000,1100000
2021-12-14 08:29:54.537000,9.1025,9.09006,1000000,1100000
2021-12-14 08:29:54.991000,9.10279,9.09006,1250000,1350000
2021-12-14 08:29:55.146000,9.10241,9.09006,1250000,1350000
2021-12-14 08:29:55.276000,9.10197,9.09006,1000000,1100000
2021-12-14 08:29:55.399000,9.10237,9.09006,1250000,1350000
2021-12-14 08:29:55.494000,9.10159,9.09006,1000000,1100000
2021-12-14 08:29:55.595000,9.10124,9.09006,1000000,1100000
2021-12-14 08:29:56.023000,9.10114,9.09006,1000000,1100000
2021-12-14 08:29:56.488000,9.10169,9.09006,2500000,1350000
2021-12-14 08:29:56.589000,9.10222,9.09074,1000000,1100000
2021-12-14 08:29:56.784000,9.10257,9.09075,1250000,1350000
2021-12-14 08:29:57.014000,9.10242,9.09074,1000000,1100000
2021-12-14 08:29:57.286000,9.10122,9.09074,1250000,1350000
2021-12-14 08:29:57.561000,9.10053,9.09074,1250000,1350000
2021-12-14 08:29:58.072000,9.10065,9.09074,1250000,1350000
2021-12-14 08:29:58.122000,9.10133,9.09074,1000000,1100000
2021-12-14 08:29:58.173000,9.10149,9.09075,1250000,1350000
2021-12-14 08:29:58.273000,9.10085,9.09074,1000000,1100000
2021-12-14 08:29:58.324000,9.10151,9.09074,1000000,1100000
2021-12-14 08:29:58.424000,9.10262,9.09074,1000000,1100000
2021-12-14 08:29:58.475000,9.10214,9.09074,1250000,1350000
2021-12-14 08:29:59.547000,9.10214,9.09074,1250000,1350000
2021-12-14 08:29:59.697000,9.10159,9.09044,1250000,1350000
2021-12-14 08:29:59.828000,9.10175,9.08974,1250000,2600000
2021-12-14 08:30:00.193000,9.10147,9.08974,1250000,2600000
2021-12-14 08:30:00.840000,9.10015,9.09006,1250000,1350000
2021-12-14 08:30:00.891000,9.10052,9.09007,1000000,1100000
2021-12-14 08:30:00.941000,9.10004,9.09006,1000000,1100000
2021-12-14 08:30:01.055000,9.10782,9.09006,2250000,1100000
2021-12-14 08:30:01.256000,9.09082,9.08806,1250000,1250000
2021-12-14 08:30:01.406000,9.09053,9.08795,1000000,1000000
2021-12-14 08:30:01.694000,9.09066,9.08795,1100000,1100000
2021-12-14 08:30:01.895000,9.09053,9.08795,1000000,1000000
2021-12-14 08:30:02.096000,9.09132,9.08951,4500000,1000000
2021-12-14 08:30:02.146000,9.09295,9.08966,2500000,1000000
2021-12-14 08:30:02.197000,9.09299,9.08953,2500000,1000000
2021-12-14 08:30:02.297000,9.09341,9.08853,1250000,2500000
2021-12-14 08:30:02.348000,9.0943,9.08931,2500000,1000000
2021-12-14 08:30:02.398000,9.09452,9.08966,1000000,1000000
2021-12-14 08:30:02.449000,9.09561,9.09042,1000000,1000000
2021-12-14 08:30:02.549000,9.09672,9.09104,1000000,1000000
2021-12-14 08:30:02.600000,9.09633,9.09104,1000000,1000000
2021-12-14 08:30:02.650000,9.09648,9.09065,1000000,1000000
2021-12-14 08:30:02.750000,9.09668,9.0892,1000000,1000000
2021-12-14 08:30:02.801000,9.0973,9.08876,1000000,1000000
2021-12-14 08:30:02.901000,9.09915,9.08858,1000000,1000000
2021-12-14 08:30:02.952000,9.09903,9.08861,1000000,1000000
2021-12-14 08:30:03.002000,9.10025,9.08856,1000000,1000000
2021-12-14 08:30:03.052000,9.10052,9.08938,1000000,1000000
2021-12-14 08:30:03.103000,9.10162,9.08938,1500000,1000000
2021-12-14 08:30:03.153000,9.10054,9.08939,1000000,1000000
2021-12-14 08:30:03.203000,9.1012,9.08939,1000000,1000000
2021-12-14 08:30:03.254000,9.10172,9.08856,1000000,1500000
2021-12-14 08:30:03.304000,9.10155,9.08856,1000000,1500000
2021-12-14 08:30:03.405000,9.10133,9.08856,1500000,1500000
2021-12-14 08:30:04.311000,9.09897,9.08795,1000000,1500000
2021-12-14 08:30:04.412000,9.09872,9.09078,1000000,1120000
2021-12-14 08:30:04.462000,9.09882,9.08968,1000000,1000000
2021-12-14 08:30:04.513000,9.09987,9.08947,1000000,1000000
2021-12-14 08:30:04.613000,9.10042,9.08876,750000,1500000
2021-12-14 08:30:04.714000,9.10142,9.08785,1000000,1500000
2021-12-14 08:30:04.823000,9.10149,9.08765,1000000,2750000
2021-12-14 08:30:04.955000,9.10149,9.08898,1250000,1750000
2021-12-14 08:30:05.105000,9.10206,9.08966,1000000,1000000
2021-12-14 08:30:05.156000,9.10295,9.08966,750000,1000000
2021-12-14 08:30:05.206000,9.10335,9.08966,1000000,1250000
2021-12-14 08:30:05.281000,9.1028,9.08966,1000000,1250000
2021-12-14 08:30:05.332000,9.10335,9.08966,750000,1000000
2021-12-14 08:30:05.382000,9.10257,9.08966,1000000,1000000
2021-12-14 08:30:05.433000,9.10296,9.08966,1000000,1000000
2021-12-14 08:30:05.483000,9.10383,9.08966,1000000,1250000
2021-12-14 08:30:05.534000,9.10308,9.08967,1000000,1000000
2021-12-14 08:30:05.635000,9.10334,9.08966,1000000,1000000
2021-12-14 08:30:05.786000,9.10281,9.08966,1000000,1000000
2021-12-14 08:30:05.937000,9.10169,9.08966,1000000,1000000
2021-12-14 08:30:06.065000,9.1014,9.08966,1000000,1000000
2021-12-14 08:30:06.115000,9.10196,9.08966,1000000,1000000
2021-12-14 08:30:06.166000,9.1012,9.08966,1000000,1000000
2021-12-14 08:30:06.216000,9.10186,9.08966,1000000,1000000
2021-12-14 08:30:06.267000,9.10232,9.08966,1000000,1250000
2021-12-14 08:30:06.317000,9.10228,9.08966,1000000,1250000
2021-12-14 08:30:06.469000,9.10155,9.08966,1000000,1250000
2021-12-14 08:30:06.519000,9.10142,9.08966,750000,1000000
2021-12-14 08:30:06.570000,9.10242,9.08966,1000000,1250000
2021-12-14 08:30:06.620000,9.10129,9.08966,1000000,1000000
2021-12-14 08:30:06.671000,9.10245,9.08966,1000000,1000000
2021-12-14 08:30:06.839000,9.1029,9.08966,1000000,1250000
2021-12-14 08:30:06.939000,9.10365,9.08779,1000000,1750000
2021-12-14 08:30:07.040000,9.10365,9.08821,1000000,1750000
2021-12-14 08:30:07.158000,9.10379,9.08774,750000,1500000
2021-12-14 08:30:07.208000,9.10353,9.08775,1000000,1500000
2021-12-14 08:30:07.359000,9.10256,9.08747,1000000,1500000
2021-12-14 08:30:07.410000,9.10344,9.08747,1000000,1500000
2021-12-14 08:30:07.460000,9.10201,9.08747,1000000,1500000
2021-12-14 08:30:07.687000,9.10112,9.08925,1250000,1750000
2021-12-14 08:30:07.788000,9.10112,9.08956,1000000,1000000
2021-12-14 08:30:07.939000,9.10082,9.08956,1000000,1250000
2021-12-14 08:30:08.089000,9.10067,9.08956,1000000,1250000
2021-12-14 08:30:08.140000,9.10044,9.08846,1000000,1250000
2021-12-14 08:30:08.240000,9.10077,9.08759,1000000,1250000
2021-12-14 08:30:08.345000,9.10105,9.0871,1000000,1250000
2021-12-14 08:30:08.396000,9.10181,9.0871,1000000,1500000
2021-12-14 08:30:08.496000,9.10091,9.08711,1000000,1250000
2021-12-14 08:30:08.547000,9.10011,9.0871,1000000,1250000
2021-12-14 08:30:08.597000,9.10039,9.0871,1000000,1250000
2021-12-14 08:30:08.647000,9.10022,9.08696,1250000,1500000
2021-12-14 08:30:08.698000,9.10059,9.08711,1000000,1250000
2021-12-14 08:30:08.748000,9.09989,9.08711,1000000,1250000
2021-12-14 08:30:08.849000,9.10071,9.0882,1000000,1250000
2021-12-14 08:30:08.949000,9.10071,9.08905,1000000,1000000
2021-12-14 08:30:09.050000,9.1016,9.08915,1000000,1000000
2021-12-14 08:30:09.101000,9.10041,9.08916,1000000,1000000
2021-12-14 08:30:09.201000,9.10135,9.08935,750000,1000000
2021-12-14 08:30:09.252000,9.10212,9.08935,750000,1000000
2021-12-14 08:30:09.302000,9.10156,9.08935,1000000,1250000
2021-12-14 08:30:09.353000,9.10231,9.08926,750000,1000000
2021-12-14 08:30:09.403000,9.10242,9.08945,1000000,1250000
2021-12-14 08:30:09.504000,9.10158,9.08927,1000000,1250000
2021-12-14 08:30:09.555000,9.10158,9.08895,1000000,1250000
2021-12-14 08:30:09.605000,9.10158,9.08965,1000000,1250000
2021-12-14 08:30:09.656000,9.10158,9.08929,1000000,1250000
2021-12-14 08:30:09.757000,9.10108,9.08926,1000000,1000000
2021-12-14 08:30:09.807000,9.10155,9.08975,1000000,1000000
2021-12-14 08:30:09.858000,9.1025,9.08975,1000000,1250000
2021-12-14 08:30:09.908000,9.10112,9.08976,1000000,1000000
2021-12-14 08:30:10.009000,9.10113,9.0893,1000000,1000000
2021-12-14 08:30:10.110000,9.10113,9.08965,1000000,1000000
2021-12-14 08:30:10.261000,9.09952,9.08965,1000000,1000000
2021-12-14 08:30:10.412000,9.09755,9.08927,1000000,1250000
2021-12-14 08:30:10.591000,9.09756,9.08926,1000000,1250000
2021-12-14 08:30:11.031000,9.09549,9.08926,1000000,1250000
2021-12-14 08:30:11.132000,9.09536,9.08926,2750000,1500000
2021-12-14 08:30:11.183000,9.09545,9.08869,2750000,1500000
2021-12-14 08:30:11.234000,9.09554,9.08818,2750000,1500000
2021-12-14 08:30:11.348000,9.09567,9.08814,1250000,1500000
2021-12-14 08:30:11.459000,9.09617,9.08814,1250000,1500000
2021-12-14 08:30:11.560000,9.09717,9.08814,1250000,1500000
2021-12-14 08:30:11.660000,9.0976,9.08898,1250000,1000000
2021-12-14 08:30:11.864000,9.09756,9.08899,1250000,1000000
2021-12-14 08:30:11.914000,9.09746,9.08944,1250000,1250000
2021-12-14 08:30:11.965000,9.09788,9.08956,1250000,1250000
2021-12-14 08:30:12.065000,9.09768,9.08956,1250000,1250000
2021-12-14 08:30:12.166000,9.09765,9.08956,1250000,1250000
2021-12-14 08:30:12.468000,9.09695,9.08956,1250000,1250000
2021-12-14 08:30:12.721000,9.09705,9.08956,1250000,1250000
2021-12-14 08:30:12.772000,9.09755,9.08956,1250000,1250000
2021-12-14 08:30:12.822000,9.09665,9.08956,1250000,1250000
2021-12-14 08:30:14.955000,9.09722,9.09034,1000000,1000000
2021-12-14 08:30:15.005000,9.09732,9.09035,1000000,1000000
2021-12-14 08:30:15.106000,9.09732,9.09001,1000000,1000000
2021-12-14 08:30:15.206000,9.09831,9.09054,1250000,1250000
2021-12-14 08:30:15.257000,9.0978,9.09054,1000000,1000000
2021-12-14 08:30:15.307000,9.0978,9.0896,1250000,1250000
2021-12-14 08:30:15.572000,9.0978,9.09054,1000000,1000000
2021-12-14 08:30:15.672000,9.0978,9.08976,1000000,1000000
2021-12-14 08:30:15.812000,9.09711,9.08956,1250000,1250000
2021-12-14 08:30:15.913000,9.09802,9.09054,1000000,1000000
2021-12-14 08:30:16.013000,9.09827,9.08976,1000000,1000000
2021-12-14 08:30:16.486000,9.0973,9.09074,1000000,1000000
2021-12-14 08:30:16.536000,9.0974,9.09074,1000000,1000000
2021-12-14 08:30:16.637000,9.09785,9.09074,1000000,1000000
2021-12-14 08:30:16.687000,9.09771,9.09074,1000000,1000000
2021-12-14 08:30:16.788000,9.09723,9.09074,1250000,1250000
2021-12-14 08:30:16.888000,9.09764,9.09074,1000000,1000000
2021-12-14 08:30:16.939000,9.09827,9.09074,1000000,1000000
2021-12-14 08:30:17.039000,9.09736,9.09104,1000000,1000000
2021-12-14 08:30:17.090000,9.09807,9.09114,1000000,1000000
2021-12-14 08:30:17.190000,9.09819,9.09114,1000000,1000000
2021-12-14 08:30:17.291000,9.09819,9.09054,1250000,1250000
2021-12-14 08:30:17.391000,9.09879,9.09196,1000000,1000000
2021-12-14 08:30:17.542000,9.0979,9.09196,1000000,1000000
2021-12-14 08:30:17.643000,9.09844,9.09196,1000000,1000000
2021-12-14 08:30:17.746000,9.09849,9.09196,1000000,1000000
2021-12-14 08:30:17.949000,9.09783,9.09197,1000000,1000000
2021-12-14 08:30:18.150000,9.09784,9.09185,1000000,1000000
2021-12-14 08:30:18.559000,9.0985,9.09185,1000000,1000000
2021-12-14 08:30:18.811000,9.0985,9.09196,1000000,1000000
2021-12-14 08:30:18.981000,9.09787,9.09196,1000000,1000000
2021-12-14 08:30:19.082000,9.09646,9.09246,1250000,1250000
2021-12-14 08:30:19.132000,9.09592,9.09218,1250000,1250000
2021-12-14 08:30:19.183000,9.09557,9.09196,1250000,1250000
2021-12-14 08:30:19.334000,9.0955,9.09101,1250000,1250000
2021-12-14 08:30:19.385000,9.0955,9.09071,1250000,1250000
2021-12-14 08:30:19.486000,9.09519,9.09054,1000000,1000000
2021-12-14 08:30:19.587000,9.09496,9.0895,1000000,1000000
2021-12-14 08:30:19.688000,9.09496,9.08906,1000000,1000000
2021-12-14 08:30:19.789000,9.09496,9.08955,1000000,1000000
2021-12-14 08:30:19.940000,9.09468,9.08956,1000000,1000000
2021-12-14 08:30:20.059000,9.09469,9.08966,1000000,1000000
2021-12-14 08:30:20.160000,9.09473,9.08966,1000000,1000000
2021-12-14 08:30:20.210000,9.09473,9.08975,1000000,1000000
2021-12-14 08:30:20.361000,9.09483,9.08975,1000000,1000000
2021-12-14 08:30:20.412000,9.09445,9.08975,1000000,1000000
2021-12-14 08:30:20.462000,9.09454,9.08976,1000000,1000000
2021-12-14 08:30:20.513000,9.09475,9.08975,1000000,1000000
2021-12-14 08:30:20.564000,9.09499,9.08975,1000000,1000000
2021-12-14 08:30:20.681000,9.09513,9.08975,1000000,1000000
2021-12-14 08:30:20.782000,9.09514,9.09015,1000000,1000000
2021-12-14 08:30:20.942000,9.09506,9.09015,1000000,1000000
2021-12-14 08:30:21.087000,9.09506,9.09025,1000000,1000000
2021-12-14 08:30:21.257000,9.09506,9.09015,1000000,1000000
2021-12-14 08:30:21.495000,9.09506,9.09036,1000000,1000000
2021-12-14 08:30:21.668000,9.09491,9.09045,1000000,1000000
2021-12-14 08:30:21.875000,9.09491,9.09016,1000000,1000000
2021-12-14 08:30:21.982000,9.09491,9.09015,1000000,1000000
2021-12-14 08:30:22.111000,9.09519,9.09015,1000000,1000000
2021-12-14 08:30:22.262000,9.09219,9.09015,2500000,1000000
2021-12-14 08:30:22.363000,9.09167,9.08986,2500000,1000000
2021-12-14 08:30:22.463000,9.09195,9.08875,1000000,1000000
2021-12-14 08:30:22.614000,9.09289,9.09005,1000000,1000000
2021-12-14 08:30:22.665000,9.09331,9.09005,1000000,1000000
2021-12-14 08:30:22.766000,9.0939,9.09005,1000000,1000000
2021-12-14 08:30:22.866000,9.09445,9.09005,1250000,1250000
2021-12-14 08:30:23.438000,9.0943,9.08995,1250000,1250000
2021-12-14 08:30:23.698000,9.09356,9.08985,2250000,1000000
2021-12-14 08:30:23.849000,9.09383,9.08985,1000000,1000000
2021-12-14 08:30:24.013000,9.09383,9.08975,1000000,1000000
2021-12-14 08:30:24.326000,9.09352,9.08976,1000000,1000000
2021-12-14 08:30:24.888000,9.09353,9.08985,1000000,1000000
2021-12-14 08:30:25.461000,9.09353,9.08975,1000000,1000000
2021-12-14 08:30:25.898000,9.09308,9.08975,1250000,1250000
2021-12-14 08:30:26.099000,9.09278,9.08915,1250000,1250000
2021-12-14 08:30:26.150000,9.09255,9.08915,1000000,1000000
2021-12-14 08:30:26.438000,9.09239,9.08915,1000000,1000000
2021-12-14 08:30:26.539000,9.09214,9.08906,1000000,1000000
2021-12-14 08:30:26.590000,9.09228,9.08905,1000000,1000000
2021-12-14 08:30:26.738000,9.09212,9.08865,1000000,1000000
2021-12-14 08:30:27.106000,9.09204,9.08845,1000000,1000000
2021-12-14 08:30:27.395000,9.09219,9.08866,1000000,1000000
2021-12-14 08:30:27.601000,9.0922,9.08875,1000000,1000000
2021-12-14 08:30:27.768000,9.09208,9.08875,1000000,1000000
2021-12-14 08:30:27.818000,9.09219,9.08887,1000000,1000000
2021-12-14 08:30:28.058000,9.0922,9.08895,1000000,1000000
2021-12-14 08:30:28.109000,9.09256,9.08895,1000000,1000000
2021-12-14 08:30:28.209000,9.09272,9.08895,1000000,1000000
2021-12-14 08:30:28.360000,9.09272,9.08955,1000000,1000000
2021-12-14 08:30:28.461000,9.09285,9.08955,1000000,1000000
2021-12-14 08:30:29.464000,9.09291,9.08995,1000000,1000000
2021-12-14 08:30:29.514000,9.09318,9.08996,1000000,1000000
2021-12-14 08:30:29.659000,9.09319,9.09005,1000000,1000000
2021-12-14 08:30:30.293000,9.09306,9.09005,1000000,1000000
2021-12-14 08:30:30.396000,9.09287,9.09005,1000000,1000000
2021-12-14 08:30:30.497000,9.09287,9.08985,1000000,1000000
2021-12-14 08:30:30.763000,9.09287,9.08966,1000000,1000000
2021-12-14 08:30:30.864000,9.09287,9.08966,1500000,1500000
2021-12-14 08:30:31.070000,9.09287,9.08975,1500000,1500000
2021-12-14 08:30:31.401000,9.09287,9.08975,1500000,1500000
2021-12-14 08:30:31.642000,9.09286,9.08935,2750000,1500000
2021-12-14 08:30:33.589000,9.09225,9.08916,1000000,1500000
2021-12-14 08:30:33.780000,9.09225,9.08954,1000000,1500000
2021-12-14 08:30:33.830000,9.09225,9.09004,1000000,1000000
2021-12-14 08:30:33.981000,9.09225,9.09014,1000000,1000000
2021-12-14 08:30:34.082000,9.09245,9.09016,1000000,1000000
2021-12-14 08:30:34.855000,9.09254,9.09016,1000000,1000000
2021-12-14 08:30:35.875000,9.09255,9.09016,1000000,1000000
2021-12-14 08:30:36.286000,9.09254,9.09016,1000000,1000000
2021-12-14 08:30:36.431000,9.09254,9.09116,1000000,1000000
2021-12-14 08:30:36.532000,9.09351,9.09132,1000000,1000000
2021-12-14 08:30:36.633000,9.09455,9.09172,1000000,1000000
2021-12-14 08:30:36.733000,9.09546,9.09191,1750000,1250000
2021-12-14 08:30:36.834000,9.09602,9.09224,1250000,1250000
2021-12-14 08:30:36.884000,9.0962,9.09279,1250000,1250000
2021-12-14 08:30:36.985000,9.09655,9.0929,1750000,1250000
2021-12-14 08:30:37.036000,9.09675,9.09317,1250000,1250000
2021-12-14 08:30:37.137000,9.09675,9.0933,1250000,1250000
2021-12-14 08:30:37.187000,9.09705,9.09351,1250000,1250000
2021-12-14 08:30:37.289000,9.09705,9.09383,1000000,1000000
2021-12-14 08:30:37.390000,9.09751,9.09399,1000000,1000000
2021-12-14 08:30:37.541000,9.09749,9.094,1000000,1000000
2021-12-14 08:30:37.641000,9.09755,9.09395,1000000,1000000
2021-12-14 08:30:37.742000,9.09755,9.09404,1000000,1000000
2021-12-14 08:30:37.793000,9.09755,9.09376,1000000,1000000
2021-12-14 08:30:37.893000,9.09773,9.09389,1000000,1000000
2021-12-14 08:30:37.994000,9.09791,9.09388,1000000,1000000
2021-12-14 08:30:38.059000,9.09755,9.09384,1000000,1000000
2021-12-14 08:30:38.424000,9.09755,9.09394,1000000,1000000
2021-12-14 08:30:38.598000,9.09765,9.09409,1000000,1000000
2021-12-14 08:30:38.699000,9.09765,9.09411,1000000,1000000
2021-12-14 08:30:38.892000,9.09765,9.09418,1000000,1000000
2021-12-14 08:30:39.153000,9.09765,9.09419,1500000,1000000
2021-12-14 08:30:39.368000,9.09764,9.09417,1500000,1000000
2021-12-14 08:30:39.569000,9.09765,9.09417,1500000,1000000
2021-12-14 08:30:39.619000,9.09764,9.09427,1500000,1000000
2021-12-14 08:30:40.113000,9.09765,9.09424,1500000,1000000
2021-12-14 08:30:40.602000,9.09765,9.09424,1500000,1000000
2021-12-14 08:30:40.866000,9.09765,9.09429,1500000,1000000
2021-12-14 08:30:40.979000,9.09765,9.0946,1500000,1000000
2021-12-14 08:30:41.130000,9.09765,9.0946,1000000,1000000
2021-12-14 08:30:41.307000,9.09765,9.0946,1500000,1000000
2021-12-14 08:30:41.720000,9.09783,9.09457,1500000,1000000
2021-12-14 08:30:42.144000,9.09784,9.09456,1500000,1000000
2021-12-14 08:30:42.648000,9.09784,9.09443,1500000,1000000
2021-12-14 08:30:42.890000,9.09712,9.09444,1000000,1000000
2021-12-14 08:30:42.991000,9.09671,9.0944,2870000,1250000
2021-12-14 08:30:43.092000,9.09688,9.09411,1500000,1000000
2021-12-14 08:30:43.193000,9.0975,9.09403,1500000,1000000
2021-12-14 08:30:43.294000,9.09787,9.09425,1500000,1000000
2021-12-14 08:30:43.394000,9.09788,9.09434,1500000,1000000
2021-12-14 08:30:43.445000,9.09792,9.0943,1500000,1000000
2021-12-14 08:30:43.699000,9.09794,9.09435,1500000,1000000
2021-12-14 08:30:43.869000,9.09794,9.09443,2750000,1000000
2021-12-14 08:30:44.003000,9.09795,9.09456,1500000,1000000
2021-12-14 08:30:45.738000,9.0981,9.09453,1500000,1000000
2021-12-14 08:30:45.890000,9.09824,9.09455,1750000,1250000
2021-12-14 08:30:45.940000,9.09831,9.09452,1500000,1000000
2021-12-14 08:30:46.041000,9.09816,9.09452,1500000,1000000
2021-12-14 08:30:46.242000,9.09829,9.09451,1500000,1000000
2021-12-14 08:30:46.292000,9.09835,9.09457,1500000,1000000
2021-12-14 08:30:46.450000,9.09841,9.09457,2750000,1000000
2021-12-14 08:30:46.551000,9.09841,9.09466,2750000,1000000
2021-12-14 08:30:46.651000,9.0984,9.09466,1500000,1000000
2021-12-14 08:30:46.802000,9.09849,9.09459,1750000,1250000
2021-12-14 08:30:46.903000,9.09862,9.09478,1500000,1000000
2021-12-14 08:30:46.954000,9.09862,9.09478,1250000,1250000
2021-12-14 08:30:47.004000,9.09831,9.09483,1000000,1000000
2021-12-14 08:30:47.105000,9.09817,9.09484,1000000,1000000
2021-12-14 08:30:47.155000,9.09833,9.09489,1000000,1000000
2021-12-14 08:30:47.205000,9.09834,9.09491,1000000,1000000
2021-12-14 08:30:47.306000,9.09834,9.09491,1500000,1000000
2021-12-14 08:30:47.407000,9.09834,9.09492,1500000,1000000
2021-12-14 08:30:47.703000,9.09877,9.09538,1500000,1000000
2021-12-14 08:30:47.753000,9.09878,9.09552,1500000,1000000
2021-12-14 08:30:47.904000,9.09958,9.09608,1500000,1000000
2021-12-14 08:30:47.954000,9.09976,9.09642,1500000,1000000
2021-12-14 08:30:48.055000,9.10023,9.09718,1750000,1250000
2021-12-14 08:30:48.105000,9.10044,9.09705,1250000,1250000
2021-12-14 08:30:48.155000,9.10046,9.09743,1250000,1250000
2021-12-14 08:30:48.291000,9.10045,9.09709,1250000,1250000
2021-12-14 08:30:48.342000,9.10045,9.09728,1250000,1250000
2021-12-14 08:30:48.392000,9.10047,9.09726,1250000,1250000
2021-12-14 08:30:48.443000,9.10047,9.09771,1250000,1250000
2021-12-14 08:30:48.493000,9.10047,9.09734,1250000,1250000
2021-12-14 08:30:48.594000,9.10047,9.09759,1250000,1250000
2021-12-14 08:30:48.644000,9.10046,9.09721,1250000,1250000
2021-12-14 08:30:48.695000,9.10047,9.0975,1250000,1250000
2021-12-14 08:30:48.795000,9.10047,9.09724,1250000,1250000
2021-12-14 08:30:48.846000,9.10046,9.09747,1250000,1250000
2021-12-14 08:30:48.896000,9.10047,9.09728,1250000,1250000
2021-12-14 08:30:48.997000,9.10045,9.09689,1250000,1250000
2021-12-14 08:30:49.097000,9.10045,9.0965,1250000,1250000
2021-12-14 08:30:49.199000,9.10045,9.09685,1250000,1250000
2021-12-14 08:30:49.249000,9.10045,9.09657,1250000,1250000
2021-12-14 08:30:49.300000,9.10045,9.09646,1250000,1250000
2021-12-14 08:30:49.457000,9.10045,9.09684,1250000,1250000
2021-12-14 08:30:49.793000,9.10045,9.09658,1250000,1250000
2021-12-14 08:30:49.844000,9.10045,9.09702,1250000,1250000
2021-12-14 08:30:49.995000,9.10047,9.09719,1250000,1250000
2021-12-14 08:30:50.145000,9.10047,9.09849,1000000,1000000
2021-12-14 08:30:50.196000,9.10089,9.09816,1000000,1000000
2021-12-14 08:30:50.296000,9.10097,9.09733,1000000,1000000
2021-12-14 08:30:50.347000,9.1009,9.09793,1000000,1000000
2021-12-14 08:30:50.448000,9.10075,9.09761,1000000,1000000
2021-12-14 08:30:50.548000,9.10107,9.09734,1500000,1000000
2021-12-14 08:30:50.649000,9.10097,9.09723,1000000,1000000
2021-12-14 08:30:50.699000,9.10088,9.09753,1000000,1000000
2021-12-14 08:30:50.750000,9.10102,9.09753,1500000,1000000
2021-12-14 08:30:50.851000,9.10107,9.0969,1500000,1000000
2021-12-14 08:30:50.951000,9.10127,9.09733,1500000,1000000
2021-12-14 08:30:51.002000,9.10127,9.09693,2750000,1000000
2021-12-14 08:30:51.102000,9.10127,9.09704,1500000,1000000
2021-12-14 08:30:51.153000,9.10127,9.09689,1500000,1000000
2021-12-14 08:30:51.253000,9.10122,9.09736,1500000,1000000
2021-12-14 08:30:51.304000,9.10108,9.09689,1500000,1000000
2021-12-14 08:30:51.354000,9.10122,9.09733,1500000,1000000
2021-12-14 08:30:51.455000,9.10133,9.09739,1750000,1250000
2021-12-14 08:30:51.505000,9.10132,9.09753,1000000,1000000
2021-12-14 08:30:51.610000,9.10133,9.09774,1000000,1000000
2021-12-14 08:30:51.661000,9.10124,9.09723,1000000,1000000
2021-12-14 08:30:51.784000,9.10124,9.0972,1000000,1000000
2021-12-14 08:30:51.935000,9.10119,9.0972,1000000,1000000
2021-12-14 08:30:52.125000,9.10119,9.0972,1500000,1000000
2021-12-14 08:30:52.350000,9.10141,9.09748,1500000,1000000
2021-12-14 08:30:52.462000,9.1013,9.09806,1000000,1000000
2021-12-14 08:30:52.513000,9.1013,9.09724,1000000,1000000
2021-12-14 08:30:52.563000,9.10129,9.09697,1500000,1000000
2021-12-14 08:30:52.665000,9.10063,9.09731,1000000,1000000
2021-12-14 08:30:52.715000,9.10063,9.09708,1000000,1000000
2021-12-14 08:30:52.815000,9.10063,9.09734,1000000,1000000
2021-12-14 08:30:52.884000,9.10074,9.09734,1000000,1000000
2021-12-14 08:30:52.984000,9.10074,9.09758,1000000,1000000
2021-12-14 08:30:53.035000,9.10081,9.09739,1000000,1000000
2021-12-14 08:30:53.094000,9.10093,9.09739,1500000,1000000
2021-12-14 08:30:53.350000,9.10093,9.09739,1000000,1000000
2021-12-14 08:30:53.400000,9.10093,9.09753,1000000,1000000
2021-12-14 08:30:53.501000,9.10143,9.09794,1500000,1000000
2021-12-14 08:30:53.551000,9.10143,9.09794,1000000,1000000
2021-12-14 08:30:53.652000,9.10142,9.09792,1000000,1000000
2021-12-14 08:30:53.752000,9.10144,9.09824,1120000,1000000
2021-12-14 08:30:53.866000,9.1017,9.09838,1500000,1000000
2021-12-14 08:30:53.917000,9.10138,9.09814,1000000,1000000
2021-12-14 08:30:54.018000,9.10197,9.09829,1500000,1000000
2021-12-14 08:30:54.119000,9.10197,9.09844,1500000,1000000
2021-12-14 08:30:54.169000,9.10197,9.09844,1500000,1000000
2021-12-14 08:30:54.421000,9.10197,9.09844,1500000,1000000
2021-12-14 08:30:55.059000,9.10206,9.09838,1500000,1000000
2021-12-14 08:30:55.160000,9.10181,9.09835,1500000,1000000
2021-12-14 08:30:55.474000,9.10181,9.09831,1500000,1000000
2021-12-14 08:30:55.526000,9.10182,9.0983,1500000,1000000
2021-12-14 08:30:55.779000,9.1018,9.0981,1500000,1000000
2021-12-14 08:30:56.020000,9.10163,9.09803,1500000,1000000
2021-12-14 08:30:56.232000,9.10157,9.09798,1500000,1000000
2021-12-14 08:30:56.367000,9.10157,9.09798,1500000,1000000
2021-12-14 08:30:56.570000,9.10154,9.09798,1500000,1000000
2021-12-14 08:30:56.671000,9.10154,9.09797,1500000,1000000
2021-12-14 08:30:56.961000,9.10144,9.09788,1500000,1000000
2021-12-14 08:30:57.033000,9.10144,9.09788,1500000,1000000
2021-12-14 08:30:57.250000,9.10195,9.09785,1750000,1250000
2021-12-14 08:30:57.505000,9.10188,9.09794,1500000,1000000
2021-12-14 08:30:57.606000,9.10201,9.09815,1500000,1000000
2021-12-14 08:30:57.707000,9.10191,9.09841,1500000,1000000
2021-12-14 08:30:57.857000,9.10191,9.0982,1750000,1250000
2021-12-14 08:30:57.908000,9.10215,9.09806,1750000,2500000
2021-12-14 08:30:58.009000,9.10011,9.09809,1250000,1250000
2021-12-14 08:30:58.110000,9.09979,9.09779,1750000,1250000
2021-12-14 08:30:58.160000,9.09955,9.0967,1750000,1250000
2021-12-14 08:30:58.211000,9.09971,9.09643,1500000,1000000
2021-12-14 08:30:58.261000,9.09971,9.09638,1500000,1000000
2021-12-14 08:30:58.362000,9.09944,9.09637,1500000,1000000
2021-12-14 08:30:58.463000,9.09944,9.09637,1500000,1000000
2021-12-14 08:30:58.664000,9.09955,9.09582,1500000,1000000
2021-12-14 08:30:58.768000,9.09955,9.09582,1500000,1000000
2021-12-14 08:30:58.869000,9.09944,9.09591,1500000,1000000
2021-12-14 08:30:59.146000,9.09943,9.09594,1500000,1000000
2021-12-14 08:30:59.352000,9.09944,9.09593,1500000,1000000
2021-12-14 08:30:59.402000,9.09944,9.09596,1500000,1000000
2021-12-14 08:30:59.553000,9.09943,9.09597,1500000,1000000
2021-12-14 08:30:59.704000,9.09964,9.09582,1500000,1000000
2021-12-14 08:30:59.754000,9.09985,9.09637,2750000,1000000
2021-12-14 08:30:59.905000,9.10043,9.09646,1500000,1000000
2021-12-14 08:30:59.956000,9.10074,9.09668,1500000,1000000
2021-12-14 08:31:00.057000,9.10075,9.09674,1000000,1000000
2021-12-14 08:31:00.107000,9.10122,9.09903,1500000,1000000
2021-12-14 08:31:00.208000,9.10193,9.09904,1500000,1000000
2021-12-14 08:31:00.359000,9.10248,9.09903,1500000,1000000
2021-12-14 08:31:00.561000,9.10265,9.09903,1500000,1000000
2021-12-14 08:31:00.743000,9.10265,9.09903,1500000,1000000
2021-12-14 08:31:01.002000,9.10265,9.09903,1500000,1000000
2021-12-14 08:31:01.218000,9.10225,9.09903,1000000,1000000
2021-12-14 08:31:01.430000,9.10265,9.09903,1500000,1000000
2021-12-14 08:31:01.898000,9.10244,9.09903,1000000,1000000
2021-12-14 08:31:02.100000,9.10274,9.09904,1500000,1000000
2021-12-14 08:31:02.560000,9.10265,9.09903,1500000,1000000
2021-12-14 08:31:02.761000,9.10255,9.09903,1500000,1000000
2021-12-14 08:31:03.129000,9.10265,9.09905,1500000,2250000
2021-12-14 08:31:03.331000,9.10236,9.09905,1000000,2250000
2021-12-14 08:31:03.432000,9.10255,9.09905,1500000,2250000
2021-12-14 08:31:03.683000,9.10272,9.09905,1500000,2250000
2021-12-14 08:31:03.884000,9.10272,9.09905,1500000,2250000
2021-12-14 08:31:04.091000,9.10285,9.09906,1750000,2440000
2021-12-14 08:31:04.312000,9.10267,9.09909,1750000,1250000
2021-12-14 08:31:04.363000,9.10267,9.09909,1750000,1250000
2021-12-14 08:31:04.463000,9.10266,9.09905,1500000,1000000
2021-12-14 08:31:04.514000,9.10309,9.09909,1750000,1250000
2021-12-14 08:31:04.564000,9.10309,9.09909,1750000,1250000
2021-12-14 08:31:05.199000,9.10301,9.09905,1500000,1000000
2021-12-14 08:31:05.928000,9.10249,9.09905,1500000,1000000
2021-12-14 08:31:06.133000,9.10252,9.09905,1500000,1000000
2021-12-14 08:31:06.911000,9.10257,9.09905,1500000,1000000
2021-12-14 08:31:07.012000,9.10257,9.0992,1500000,1000000
2021-12-14 08:31:07.272000,9.10256,9.09905,1500000,1000000
2021-12-14 08:31:07.323000,9.10246,9.09905,1500000,1000000
2021-12-14 08:31:07.573000,9.10246,9.09914,1500000,1000000
2021-12-14 08:31:08.336000,9.1028,9.09914,1750000,1250000
2021-12-14 08:31:08.804000,9.10216,9.09905,1500000,1000000
2021-12-14 08:31:09.271000,9.10216,9.09905,1000000,1000000
2021-12-14 08:31:09.422000,9.1025,9.09905,1500000,1000000
2021-12-14 08:31:09.523000,9.10196,9.09905,1000000,1000000
2021-12-14 08:31:09.573000,9.10216,9.09905,1500000,1000000
2021-12-14 08:31:09.624000,9.10226,9.09905,1500000,1000000
2021-12-14 08:31:10.027000,9.10226,9.09905,1000000,1000000
2021-12-14 08:31:10.128000,9.10224,9.09905,1000000,1000000
2021-12-14 08:31:10.279000,9.10224,9.09992,1500000,1000000
2021-12-14 08:31:10.329000,9.1024,9.09905,1500000,1000000
2021-12-14 08:31:10.430000,9.10265,9.09914,1500000,1000000
2021-12-14 08:31:10.534000,9.10277,9.09918,1500000,1000000
2021-12-14 08:31:10.721000,9.10277,9.09918,1500000,1000000
2021-12-14 08:31:11.098000,9.10303,9.09955,1500000,1000000
2021-12-14 08:31:11.149000,9.1031,9.09947,1750000,1250000
2021-12-14 08:31:11.200000,9.10311,9.09944,1750000,1250000
2021-12-14 08:31:11.353000,9.10311,9.09944,1750000,1250000
2021-12-14 08:31:11.716000,9.10311,9.09944,1750000,1250000
2021-12-14 08:31:11.917000,9.10332,9.09944,1750000,1250000
2021-12-14 08:31:12.068000,9.10332,9.09953,1750000,1250000
2021-12-14 08:31:12.169000,9.10332,9.09953,1750000,1250000
2021-12-14 08:31:12.298000,9.10323,9.09953,1750000,1250000
2021-12-14 08:31:12.399000,9.10334,9.09974,1750000,1250000
2021-12-14 08:31:13.293000,9.10334,9.09965,1750000,1250000
2021-12-14 08:31:13.344000,9.10334,9.09965,1750000,1250000
2021-12-14 08:31:13.394000,9.10339,9.09965,1750000,1250000
2021-12-14 08:31:13.553000,9.10339,9.09984,1750000,1250000
2021-12-14 08:31:13.724000,9.10296,9.09984,1750000,1250000
2021-12-14 08:31:14.417000,9.10276,9.09984,1250000,1250000
2021-12-14 08:31:14.468000,9.10276,9.09967,1250000,1250000
2021-12-14 08:31:14.571000,9.10285,9.09967,1250000,1250000
2021-12-14 08:31:14.905000,9.10244,9.09967,1250000,1250000
2021-12-14 08:31:15.881000,9.10255,9.09967,1750000,1250000
2021-12-14 08:31:16.613000,9.10244,9.09967,1250000,1250000
2021-12-14 08:31:17.797000,9.10244,9.09999,1000000,1000000
2021-12-14 08:31:17.898000,9.10244,9.10006,1250000,1250000
2021-12-14 08:31:17.998000,9.10305,9.10014,1250000,1250000
2021-12-14 08:31:18.108000,9.10305,9.10014,1250000,1250000
2021-12-14 08:31:18.307000,9.10315,9.10029,1750000,1250000
2021-12-14 08:31:18.357000,9.10315,9.10029,1250000,1250000
2021-12-14 08:31:18.603000,9.10334,9.10055,1000000,1000000
2021-12-14 08:31:18.824000,9.10318,9.10055,1000000,1000000
2021-12-14 08:31:19.083000,9.10303,9.10055,1500000,1000000
2021-12-14 08:31:19.134000,9.10302,9.10027,1500000,1000000
2021-12-14 08:31:19.235000,9.10302,9.09986,1500000,1000000
2021-12-14 08:31:19.285000,9.10273,9.09985,1500000,1000000
2021-12-14 08:31:19.336000,9.10273,9.09958,1500000,1000000
2021-12-14 08:31:19.461000,9.10294,9.09943,1500000,1000000
2021-12-14 08:31:19.511000,9.10294,9.09943,1500000,1000000
2021-12-14 08:31:19.882000,9.10277,9.09944,1500000,1000000
2021-12-14 08:31:19.983000,9.10272,9.09944,1000000,1000000
2021-12-14 08:31:20.084000,9.10272,9.10035,1000000,1000000
2021-12-14 08:31:20.197000,9.10254,9.10035,1000000,1000000
2021-12-14 08:31:20.247000,9.10309,9.10035,1500000,1000000
2021-12-14 08:31:20.298000,9.10294,9.0997,1500000,1000000
2021-12-14 08:31:20.558000,9.10294,9.09985,1500000,1000000
2021-12-14 08:31:20.810000,9.10294,9.0997,1500000,1000000
2021-12-14 08:31:21.165000,9.10292,9.09965,1500000,2250000
2021-12-14 08:31:21.316000,9.10292,9.09975,1500000,1000000
2021-12-14 08:31:21.562000,9.10295,9.09965,1500000,1000000
2021-12-14 08:31:21.663000,9.10293,9.09965,1500000,1000000
2021-12-14 08:31:21.865000,9.10293,9.09948,1500000,1000000
2021-12-14 08:31:22.165000,9.10271,9.09949,1500000,1000000
2021-12-14 08:31:22.216000,9.10285,9.09954,1120000,1000000
2021-12-14 08:31:22.336000,9.10285,9.09949,1120000,2250000
2021-12-14 08:31:22.387000,9.10285,9.09952,1120000,1000000
2021-12-14 08:31:22.488000,9.10285,9.09952,1500000,1000000
2021-12-14 08:31:22.667000,9.10275,9.09948,1000000,1000000
2021-12-14 08:31:22.818000,9.10275,9.09942,1000000,1000000
2021-12-14 08:31:22.869000,9.10275,9.09942,1500000,1000000
2021-12-14 08:31:23.209000,9.10265,9.09942,1500000,1000000
2021-12-14 08:31:23.592000,9.10272,9.09942,1000000,1000000
2021-12-14 08:31:23.793000,9.10265,9.09942,1000000,1000000
2021-12-14 08:31:25.190000,9.10274,9.09943,1000000,1000000
2021-12-14 08:31:25.443000,9.10271,9.09943,1000000,1000000
2021-12-14 08:31:25.743000,9.10275,9.09934,1000000,1000000
2021-12-14 08:31:25.844000,9.10275,9.09924,1750000,1250000
2021-12-14 08:31:25.894000,9.10274,9.09928,1500000,2250000
2021-12-14 08:31:26.251000,9.10249,9.09934,1500000,1000000
2021-12-14 08:31:26.937000,9.10242,9.09934,1000000,1000000
2021-12-14 08:31:27.138000,9.10242,9.09928,1000000,1000000
2021-12-14 08:31:27.289000,9.10255,9.09928,1500000,1000000
2021-12-14 08:31:27.758000,9.10236,9.09934,1000000,1000000
2021-12-14 08:31:28.060000,9.1024,9.09943,1000000,1000000
2021-12-14 08:31:28.347000,9.10248,9.09928,1000000,1000000
2021-12-14 08:31:28.397000,9.10248,9.09928,1500000,1000000
2021-12-14 08:31:29.158000,9.10258,9.09931,1500000,1000000
2021-12-14 08:31:29.316000,9.10238,9.09931,1500000,1000000
2021-12-14 08:31:29.493000,9.10238,9.09931,1000000,1000000
2021-12-14 08:31:29.644000,9.10247,9.09928,1500000,1000000
2021-12-14 08:31:29.695000,9.10247,9.09928,1500000,1000000
2021-12-14 08:31:30.642000,9.10285,9.0994,1500000,1000000
2021-12-14 08:31:30.692000,9.10285,9.0994,1500000,1000000
2021-12-14 08:31:30.915000,9.10296,9.0994,1500000,1000000
2021-12-14 08:31:31.119000,9.10268,9.09941,1000000,1000000
2021-12-14 08:31:31.282000,9.10269,9.09944,1000000,1000000
2021-12-14 08:31:31.551000,9.10269,9.09943,1000000,1000000
2021-12-14 08:31:31.609000,9.10298,9.09943,1500000,1000000
2021-12-14 08:31:31.660000,9.10301,9.09935,1750000,2500000
2021-12-14 08:31:31.710000,9.10301,9.09935,1750000,2500000
2021-12-14 08:31:31.912000,9.10304,9.09953,1750000,1250000
2021-12-14 08:31:32.750000,9.10291,9.09959,1120000,1000000
2021-12-14 08:31:32.852000,9.1029,9.0996,1500000,1000000
2021-12-14 08:31:32.953000,9.10285,9.09953,1750000,1250000
2021-12-14 08:31:33.054000,9.10285,9.09953,1750000,1250000
2021-12-14 08:31:33.205000,9.10285,9.09953,1750000,1250000
2021-12-14 08:31:33.377000,9.10298,9.09953,1750000,1250000
2021-12-14 08:31:33.578000,9.10296,9.09953,1750000,1250000
2021-12-14 08:31:33.769000,9.10296,9.09953,1750000,1250000
2021-12-14 08:31:33.820000,9.10296,9.09964,1500000,1000000
2021-12-14 08:31:33.926000,9.10333,9.09983,1500000,1000000
2021-12-14 08:31:33.977000,9.10333,9.09983,1500000,1000000
2021-12-14 08:31:34.514000,9.10333,9.09983,1500000,1000000
2021-12-14 08:31:34.718000,9.10333,9.09983,1500000,1000000
2021-12-14 08:31:34.869000,9.10328,9.09985,1500000,1000000
2021-12-14 08:31:34.920000,9.10328,9.09985,1500000,1000000
2021-12-14 08:31:35.082000,9.10327,9.09995,1500000,1000000
2021-12-14 08:31:35.337000,9.10335,9.09994,1500000,1000000
