time,ask,bid,ask_volume,bid_volume
2017-06-15 10:55:00.013000,3.51241,3.51216,1000000,1000000
2017-06-15 10:55:00.064000,3.51239,3.51212,1000000,1000000
2017-06-15 10:55:02.742000,3.51236,3.51209,1000000,1000000
2017-06-15 10:55:12.032000,3.51236,3.51211,1000000,1000000
2017-06-15 10:55:12.083000,3.51238,3.51211,1000000,1500000
2017-06-15 10:55:15.492000,3.51232,3.51211,1000000,1500000
2017-06-15 10:55:15.694000,3.51222,3.512,1000000,1000000
2017-06-15 10:55:15.745000,3.51219,3.512,1000000,1000000
2017-06-15 10:55:15.898000,3.51194,3.51174,1000000,1500000
2017-06-15 10:55:16.105000,3.51194,3.5117,1000000,1500000
2017-06-15 10:55:17.050000,3.5119,3.5117,1000000,1500000
2017-06-15 10:55:17.101000,3.51193,3.5117,1000000,1500000
2017-06-15 10:55:17.152000,3.51191,3.51175,1000000,1000000
2017-06-15 10:55:17.431000,3.5119,3.51173,1000000,1000000
2017-06-15 10:55:17.482000,3.5119,3.51167,1000000,1000000
2017-06-15 10:55:17.534000,3.51192,3.51167,1000000,1000000
2017-06-15 10:55:17.585000,3.5119,3.51168,1000000,1000000
2017-06-15 10:55:18.261000,3.51191,3.51167,1000000,1000000
2017-06-15 10:55:18.605000,3.51175,3.51156,1000000,1000000
2017-06-15 10:55:18.910000,3.5116,3.51146,1000000,1000000
2017-06-15 10:55:18.961000,3.51163,3.51146,1000000,1000000
2017-06-15 10:55:19.012000,3.51161,3.51146,1000000,1000000
2017-06-15 10:55:19.114000,3.51158,3.51139,1000000,1500000
2017-06-15 10:55:19.215000,3.51158,3.51136,1000000,1000000
2017-06-15 10:55:19.317000,3.51154,3.51134,1000000,1000000
2017-06-15 10:55:19.520000,3.51146,3.51119,1000000,1000000
2017-06-15 10:55:19.571000,3.51142,3.51119,1000000,1000000
2017-06-15 10:55:19.622000,3.5114,3.51116,1000000,1000000
2017-06-15 10:55:19.770000,3.51137,3.51116,1000000,1000000
2017-06-15 10:55:19.922000,3.51134,3.51112,1000000,1500000
2017-06-15 10:55:21.061000,3.5114,3.51112,1000000,1000000
2017-06-15 10:55:21.112000,3.51139,3.51114,1000000,1000000
2017-06-15 10:55:21.417000,3.51138,3.51132,1000000,1500000
2017-06-15 10:55:21.519000,3.51138,3.51111,1000000,1000000
2017-06-15 10:55:21.570000,3.51138,3.51118,1000000,1000000
2017-06-15 10:55:21.622000,3.51142,3.51119,1000000,1000000
2017-06-15 10:55:21.774000,3.51146,3.51119,1000000,1000000
2017-06-15 10:55:21.875000,3.51146,3.51122,1000000,1000000
2017-06-15 10:55:21.927000,3.5115,3.51125,1000000,1000000
2017-06-15 10:55:22.028000,3.51155,3.51128,1000000,1000000
2017-06-15 10:55:22.079000,3.51155,3.5114,1000000,1000000
2017-06-15 10:55:22.130000,3.5116,3.51142,1000000,1000000
2017-06-15 10:55:22.333000,3.51164,3.51142,1000000,1000000
2017-06-15 10:55:22.486000,3.51164,3.51144,1000000,1000000
2017-06-15 10:55:22.796000,3.51158,3.51144,1000000,1500000
2017-06-15 10:55:23.121000,3.5115,3.51134,1000000,1000000
2017-06-15 10:55:23.173000,3.51146,3.51134,1000000,1000000
2017-06-15 10:55:23.426000,3.5114,3.51127,1000000,1500000
2017-06-15 10:55:23.528000,3.51139,3.51123,1000000,1500000
2017-06-15 10:55:24.403000,3.51152,3.51123,1500000,1500000
2017-06-15 10:55:25.561000,3.51152,3.51145,1000000,1000000
2017-06-15 10:55:25.613000,3.51173,3.51146,1120000,1000000
2017-06-15 10:55:26.170000,3.51173,3.51149,1000000,1000000
2017-06-15 10:55:26.222000,3.51178,3.51151,1000000,1000000
2017-06-15 10:55:26.273000,3.51178,3.51153,1000000,1000000
2017-06-15 10:55:26.325000,3.51182,3.51155,1000000,1000000
2017-06-15 10:55:26.562000,3.51178,3.51155,1000000,1000000
2017-06-15 10:55:26.815000,3.51157,3.51128,1500000,1500000
2017-06-15 10:55:26.987000,3.51157,3.51131,1000000,1000000
2017-06-15 10:55:27.038000,3.5116,3.51133,1000000,1000000
2017-06-15 10:55:27.352000,3.51156,3.51133,1000000,1000000
2017-06-15 10:55:27.454000,3.51156,3.51127,1500000,1500000
2017-06-15 10:55:27.656000,3.51154,3.51127,1000000,1000000
2017-06-15 10:55:28.004000,3.51152,3.51137,1000000,1000000
2017-06-15 10:55:28.157000,3.51159,3.51137,1000000,1500000
2017-06-15 10:55:28.208000,3.51163,3.51154,1000000,1000000
2017-06-15 10:55:28.259000,3.51165,3.51154,1000000,1000000
2017-06-15 10:55:28.310000,3.51168,3.51157,1000000,1000000
2017-06-15 10:55:28.515000,3.5118,3.51164,1000000,1000000
2017-06-15 10:55:28.617000,3.51185,3.51171,1000000,1000000
2017-06-15 10:55:28.719000,3.51193,3.51171,1500000,1000000
2017-06-15 10:55:28.821000,3.512,3.51173,1000000,1000000
2017-06-15 10:55:29.683000,3.512,3.51176,1000000,1000000
2017-06-15 10:55:29.734000,3.51204,3.51177,1000000,1000000
2017-06-15 10:55:30.170000,3.51201,3.51177,1000000,1000000
2017-06-15 10:55:30.221000,3.512,3.51173,1000000,1000000
2017-06-15 10:55:30.378000,3.512,3.51177,1000000,1000000
2017-06-15 10:55:30.429000,3.51206,3.51177,1500000,1500000
2017-06-15 10:55:30.480000,3.51206,3.51179,1000000,1000000
2017-06-15 10:55:30.531000,3.51208,3.51179,1500000,1500000
2017-06-15 10:55:30.632000,3.51208,3.51181,1000000,1000000
2017-06-15 10:55:30.734000,3.51205,3.51176,1000000,1000000
2017-06-15 10:55:30.984000,3.51205,3.51181,1000000,1000000
2017-06-15 10:55:31.035000,3.51209,3.51182,1000000,17250000
2017-06-15 10:55:33.135000,3.51209,3.51185,1000000,1000000
2017-06-15 10:55:33.236000,3.51214,3.51185,1500000,1500000
2017-06-15 10:55:33.388000,3.51212,3.51186,1000000,1000000
2017-06-15 10:55:33.440000,3.51211,3.51182,1000000,1000000
2017-06-15 10:55:33.592000,3.51211,3.51188,1000000,1000000
2017-06-15 10:55:33.643000,3.51216,3.51189,1000000,1000000
2017-06-15 10:55:33.744000,3.5122,3.51191,1000000,1000000
2017-06-15 10:55:33.896000,3.5122,3.51193,1000000,1000000
2017-06-15 10:55:33.947000,3.51223,3.51194,1000000,1000000
2017-06-15 10:55:34.049000,3.51223,3.51196,1000000,1000000
2017-06-15 10:55:34.396000,3.51223,3.512,1000000,1000000
2017-06-15 10:55:34.447000,3.5123,3.51201,1000000,1000000
2017-06-15 10:55:34.498000,3.51225,3.51201,1000000,1000000
2017-06-15 10:55:34.548000,3.51223,3.51196,1000000,1000000
2017-06-15 10:55:38.361000,3.51202,3.51189,1000000,2500000
2017-06-15 10:55:38.463000,3.51183,3.51174,1000000,1000000
2017-06-15 10:55:38.564000,3.51183,3.51171,1000000,1000000
2017-06-15 10:55:38.616000,3.51186,3.51171,1000000,1000000
2017-06-15 10:55:38.667000,3.51183,3.51164,1000000,1000000
2017-06-15 10:55:39.563000,3.51178,3.51164,1000000,1000000
2017-06-15 10:55:39.868000,3.51164,3.51151,1000000,1000000
2017-06-15 10:55:40.020000,3.51166,3.5115,1000000,1000000
2017-06-15 10:55:40.173000,3.51167,3.51153,1000000,1000000
2017-06-15 10:55:40.647000,3.51166,3.51151,1000000,1000000
2017-06-15 10:55:40.970000,3.51166,3.51148,1000000,1000000
2017-06-15 10:55:41.021000,3.51162,3.51148,1000000,1000000
2017-06-15 10:55:41.123000,3.5117,3.51148,1000000,1000000
2017-06-15 10:55:41.174000,3.51169,3.51146,1000000,1000000
2017-06-15 10:55:41.276000,3.51167,3.51142,1000000,1000000
2017-06-15 10:55:41.378000,3.5117,3.51145,1000000,1000000
2017-06-15 10:55:41.682000,3.51173,3.51157,1000000,1000000
2017-06-15 10:55:42.232000,3.51172,3.51157,1000000,1000000
2017-06-15 10:55:42.642000,3.51169,3.51157,1000000,1000000
2017-06-15 10:55:43.592000,3.51172,3.51157,1000000,1000000
2017-06-15 10:55:43.694000,3.51174,3.51157,1000000,1000000
2017-06-15 10:55:48.343000,3.5118,3.51157,1000000,1000000
2017-06-15 10:55:48.394000,3.5118,3.5116,1000000,1000000
2017-06-15 10:55:48.698000,3.51224,3.51205,1000000,1000000
2017-06-15 10:55:49.002000,3.5123,3.51211,1000000,1500000
2017-06-15 10:55:50.853000,3.51231,3.51211,1000000,1500000
2017-06-15 10:55:51.158000,3.51231,3.51216,1000000,1000000
2017-06-15 10:55:52.812000,3.51224,3.51216,1000000,1000000
2017-06-15 10:55:52.863000,3.51233,3.51216,1000000,1000000
2017-06-15 10:55:52.915000,3.51226,3.51208,1000000,1000000
2017-06-15 10:55:53.067000,3.51228,3.51207,1500000,1000000
2017-06-15 10:55:53.118000,3.51216,3.51199,1000000,1500000
2017-06-15 10:55:53.273000,3.51215,3.51194,1000000,1000000
2017-06-15 10:55:53.374000,3.51215,3.51196,1000000,1000000
2017-06-15 10:55:53.524000,3.51215,3.51194,1000000,1000000
2017-06-15 10:55:53.816000,3.51216,3.51208,1000000,1000000
2017-06-15 10:55:54.071000,3.51216,3.51194,1000000,1000000
2017-06-15 10:55:54.123000,3.51216,3.512,1000000,1000000
2017-06-15 10:55:54.276000,3.51216,3.51196,1000000,1000000
2017-06-15 10:55:54.327000,3.51216,3.512,1000000,1000000
2017-06-15 10:55:54.765000,3.5122,3.512,1000000,1500000
2017-06-15 10:55:55.015000,3.51222,3.51203,1000000,1000000
2017-06-15 10:55:55.363000,3.51222,3.51207,1000000,1000000
2017-06-15 10:55:58.268000,3.5122,3.51207,1000000,1000000
2017-06-15 10:55:58.320000,3.5122,3.51204,1000000,1000000
2017-06-15 10:55:58.371000,3.51212,3.51204,1000000,1000000
2017-06-15 10:55:58.422000,3.51214,3.512,1000000,1500000
2017-06-15 10:55:58.473000,3.51211,3.512,1000000,1500000
2017-06-15 10:55:58.524000,3.5121,3.51197,1000000,1000000
2017-06-15 10:55:58.626000,3.51199,3.51189,1000000,1500000
2017-06-15 10:55:58.728000,3.51213,3.51193,1000000,1000000
2017-06-15 10:55:58.829000,3.51194,3.51188,1000000,1500000
2017-06-15 10:55:58.880000,3.51198,3.51189,1000000,1500000
2017-06-15 10:55:58.931000,3.51199,3.51176,1000000,1000000
2017-06-15 10:55:59.033000,3.51199,3.51174,1000000,1000000
2017-06-15 10:55:59.134000,3.51197,3.51168,1000000,1000000
2017-06-15 10:55:59.664000,3.51196,3.51168,1000000,1000000
2017-06-15 10:55:59.862000,3.51186,3.51168,1000000,1000000
2017-06-15 10:56:00.016000,3.51182,3.51161,1000000,1000000
2017-06-15 10:56:00.118000,3.5117,3.51156,1000000,1000000
2017-06-15 10:56:00.219000,3.51165,3.51149,1000000,1000000
2017-06-15 10:56:00.322000,3.51163,3.51147,1000000,1000000
2017-06-15 10:56:00.373000,3.5117,3.51147,1000000,1000000
2017-06-15 10:56:00.424000,3.51163,3.51136,1000000,1000000
2017-06-15 10:56:00.525000,3.51165,3.51136,1000000,1000000
2017-06-15 10:56:00.884000,3.51162,3.51137,1000000,1500000
2017-06-15 10:56:00.936000,3.51166,3.51137,1500000,1500000
2017-06-15 10:56:01.191000,3.51163,3.51137,1000000,1000000
2017-06-15 10:56:01.496000,3.51157,3.51135,1000000,1000000
2017-06-15 10:56:01.548000,3.51157,3.51131,1000000,1500000
2017-06-15 10:56:01.599000,3.51152,3.51125,1000000,1000000
2017-06-15 10:56:01.741000,3.51149,3.51122,1000000,1000000
2017-06-15 10:56:03.317000,3.51143,3.51116,1000000,1000000
2017-06-15 10:56:04.030000,3.51147,3.51118,1500000,1500000
2017-06-15 10:56:04.132000,3.51142,3.51113,1000000,1000000
2017-06-15 10:56:04.473000,3.51149,3.51122,1000000,1000000
2017-06-15 10:56:04.524000,3.51154,3.51125,1000000,1000000
2017-06-15 10:56:04.626000,3.51158,3.51129,1500000,1500000
2017-06-15 10:56:05.008000,3.51155,3.51126,1000000,1000000
2017-06-15 10:56:05.362000,3.51155,3.51131,1000000,1000000
2017-06-15 10:56:05.413000,3.51169,3.5114,1500000,1500000
2017-06-15 10:56:05.515000,3.51172,3.51143,1500000,1500000
2017-06-15 10:56:05.867000,3.51183,3.51154,2250000,1500000
2017-06-15 10:56:06.172000,3.5118,3.51151,1000000,1000000
2017-06-15 10:56:06.476000,3.51174,3.51145,1500000,1500000
2017-06-15 10:56:06.780000,3.51162,3.51135,1000000,1000000
2017-06-15 10:56:07.135000,3.51162,3.51138,1000000,1000000
2017-06-15 10:56:07.287000,3.51162,3.51135,1000000,1500000
2017-06-15 10:56:10.311000,3.51169,3.5116,2500000,1000000
2017-06-15 10:56:10.362000,3.51193,3.5118,4120000,1000000
2017-06-15 10:56:10.413000,3.51219,3.51191,1000000,1000000
2017-06-15 10:56:10.464000,3.51217,3.5119,1000000,1000000
2017-06-15 10:56:10.515000,3.51221,3.51192,1500000,1500000
2017-06-15 10:56:10.658000,3.51212,3.51201,1000000,1000000
2017-06-15 10:56:10.760000,3.51196,3.51146,1000000,1000000
2017-06-15 10:56:10.811000,3.51193,3.51171,1500000,1000000
2017-06-15 10:56:10.963000,3.5118,3.51153,1000000,1000000
2017-06-15 10:56:11.014000,3.51173,3.51153,1000000,1000000
2017-06-15 10:56:11.065000,3.51173,3.51148,1500000,1000000
2017-06-15 10:56:11.167000,3.51177,3.51148,1500000,2250000
2017-06-15 10:56:11.218000,3.51174,3.51148,1500000,1000000
2017-06-15 10:56:11.872000,3.51174,3.51145,1500000,1500000
2017-06-15 10:56:11.923000,3.51171,3.51142,1000000,1000000
2017-06-15 10:56:13.563000,3.51174,3.51147,1000000,1000000
2017-06-15 10:56:15.517000,3.51174,3.51148,1000000,1000000
2017-06-15 10:56:17.545000,3.51216,3.51182,1000000,1000000
2017-06-15 10:56:17.596000,3.51218,3.51196,4120000,1000000
2017-06-15 10:56:17.801000,3.5123,3.51207,1000000,1000000
2017-06-15 10:56:17.852000,3.51245,3.51216,1000000,1000000
2017-06-15 10:56:17.954000,3.5124,3.51213,1000000,1000000
2017-06-15 10:56:18.055000,3.51231,3.51202,1500000,1500000
2017-06-15 10:56:18.157000,3.51219,3.51192,1000000,1500000
2017-06-15 10:56:18.463000,3.51215,3.5119,1000000,1000000
2017-06-15 10:56:18.873000,3.51213,3.5119,1000000,1000000
2017-06-15 10:56:19.095000,3.51213,3.51188,1000000,1000000
2017-06-15 10:56:19.146000,3.51213,3.51184,1000000,1500000
2017-06-15 10:56:19.450000,3.51209,3.51182,1000000,1000000
2017-06-15 10:56:19.654000,3.51199,3.5117,1500000,1500000
2017-06-15 10:56:19.756000,3.51189,3.51162,1000000,1000000
2017-06-15 10:56:20.066000,3.51186,3.51159,1000000,1500000
2017-06-15 10:56:21.176000,3.51185,3.51159,1000000,1000000
2017-06-15 10:56:21.865000,3.51185,3.51158,1000000,1000000
2017-06-15 10:56:22.169000,3.51183,3.51154,1500000,1870000
2017-06-15 10:56:22.427000,3.51183,3.51154,1500000,1500000
2017-06-15 10:56:23.150000,3.51183,3.51155,1500000,1000000
2017-06-15 10:56:24.509000,3.51179,3.51155,1000000,1000000
2017-06-15 10:56:26.141000,3.51179,3.51153,1000000,1000000
2017-06-15 10:56:28.276000,3.51179,3.51152,1000000,1000000
2017-06-15 10:56:28.377000,3.51183,3.51154,1500000,1500000
2017-06-15 10:56:31.479000,3.51179,3.51152,1000000,1000000
2017-06-15 10:56:34.458000,3.51174,3.51145,1500000,1500000
2017-06-15 10:56:37.363000,3.51168,3.51141,1000000,1000000
2017-06-15 10:56:37.667000,3.51172,3.51145,1000000,1000000
2017-06-15 10:56:39.400000,3.51172,3.51143,1500000,1500000
2017-06-15 10:56:39.502000,3.51175,3.51148,1000000,1000000
2017-06-15 10:56:39.603000,3.51168,3.51139,1500000,1500000
2017-06-15 10:56:39.806000,3.51171,3.51144,1000000,1000000
2017-06-15 10:56:41.003000,3.51176,3.51147,1500000,1500000
2017-06-15 10:56:41.512000,3.51175,3.51146,1000000,1000000
2017-06-15 10:56:49.084000,3.51176,3.5115,1000000,1000000
2017-06-15 10:56:49.135000,3.51179,3.5115,1000000,1000000
2017-06-15 10:56:49.186000,3.51183,3.51156,1000000,1000000
2017-06-15 10:56:49.388000,3.5119,3.51161,1500000,1500000
2017-06-15 10:56:50.392000,3.51193,3.51164,1000000,1000000
2017-06-15 10:56:51.515000,3.5119,3.51161,1500000,1500000
2017-06-15 10:56:56.412000,3.51185,3.51156,1500000,1500000
2017-06-15 10:56:56.717000,3.51161,3.51132,1000000,1000000
2017-06-15 10:56:57.021000,3.51158,3.51129,1500000,1500000
2017-06-15 10:56:57.430000,3.51149,3.51129,1000000,1500000
2017-06-15 10:56:57.967000,3.5115,3.5113,1000000,1500000
2017-06-15 10:56:58.272000,3.51146,3.5113,1000000,1500000
2017-06-15 10:56:58.763000,3.51154,3.5113,1000000,1500000
2017-06-15 10:57:00.572000,3.51153,3.5113,1000000,1500000
2017-06-15 10:57:00.623000,3.51156,3.5113,1000000,1500000
2017-06-15 10:57:01.166000,3.51156,3.51129,1000000,1000000
2017-06-15 10:57:01.684000,3.51157,3.51129,1000000,1000000
2017-06-15 10:57:04.731000,3.51158,3.51129,1000000,1000000
2017-06-15 10:57:06.317000,3.51154,3.51128,1000000,1000000
2017-06-15 10:57:06.950000,3.51154,3.51127,1000000,1000000
2017-06-15 10:57:11.964000,3.51149,3.51122,1000000,1000000
2017-06-15 10:57:14.088000,3.51147,3.51118,1500000,1500000
2017-06-15 10:57:14.139000,3.51147,3.51121,1000000,1000000
2017-06-15 10:57:14.190000,3.5115,3.51121,1000000,1000000
2017-06-15 10:57:14.515000,3.51146,3.5112,1000000,1000000
2017-06-15 10:57:14.566000,3.51146,3.51117,1000000,1000000
2017-06-15 10:57:15.332000,3.51142,3.51116,1000000,1000000
2017-06-15 10:57:15.484000,3.51138,3.51111,1000000,1000000
2017-06-15 10:57:15.535000,3.51128,3.5111,1000000,1000000
2017-06-15 10:57:15.586000,3.51128,3.51101,1000000,1000000
2017-06-15 10:57:15.636000,3.51129,3.51104,1000000,1000000
2017-06-15 10:57:15.688000,3.51133,3.51104,1500000,1500000
2017-06-15 10:57:15.739000,3.51131,3.51104,1000000,1500000
2017-06-15 10:57:16.055000,3.51139,3.51112,1000000,1000000
2017-06-15 10:57:16.157000,3.51144,3.51115,1000000,1000000
2017-06-15 10:57:16.319000,3.51145,3.51118,1000000,1000000
2017-06-15 10:57:16.370000,3.51147,3.51118,1000000,1000000
2017-06-15 10:57:16.724000,3.51148,3.51124,1000000,1000000
2017-06-15 10:57:16.775000,3.51151,3.51124,1000000,1000000
2017-06-15 10:57:16.826000,3.51146,3.51122,1000000,1000000
2017-06-15 10:57:16.878000,3.51146,3.51119,1000000,1000000
2017-06-15 10:57:16.929000,3.51144,3.51118,1000000,1000000
2017-06-15 10:57:16.980000,3.51144,3.51115,1000000,1000000
2017-06-15 10:57:17.032000,3.51141,3.51114,1000000,1000000
2017-06-15 10:57:17.083000,3.51141,3.51112,1000000,1000000
2017-06-15 10:57:17.134000,3.51138,3.51111,1000000,1000000
2017-06-15 10:57:17.185000,3.51138,3.51109,1500000,1500000
2017-06-15 10:57:18.643000,3.51135,3.51109,1000000,1000000
2017-06-15 10:57:18.694000,3.51135,3.51106,1000000,1000000
2017-06-15 10:57:18.846000,3.51136,3.51109,1000000,1000000
2017-06-15 10:57:18.898000,3.51138,3.51109,1500000,1500000
2017-06-15 10:57:18.949000,3.51142,3.51113,1500000,1500000
2017-06-15 10:57:19.267000,3.51144,3.51117,1000000,1000000
2017-06-15 10:57:19.822000,3.51141,3.51115,1000000,1000000
2017-06-15 10:57:19.873000,3.51141,3.51112,1500000,1500000
2017-06-15 10:57:19.924000,3.51141,3.51132,1000000,1000000
2017-06-15 10:57:19.975000,3.51159,3.51132,1000000,1000000
2017-06-15 10:57:20.963000,3.51163,3.51134,1500000,1500000
2017-06-15 10:57:21.065000,3.51179,3.51152,1000000,1000000
2017-06-15 10:57:21.629000,3.51184,3.51157,1000000,1000000
2017-06-15 10:57:21.952000,3.51181,3.51156,1000000,1000000
2017-06-15 10:57:22.003000,3.51181,3.51154,1000000,1000000
2017-06-15 10:57:23.828000,3.51177,3.51153,1000000,1000000
2017-06-15 10:57:23.880000,3.51177,3.5115,1000000,1000000
2017-06-15 10:57:23.931000,3.51174,3.51149,1000000,1000000
2017-06-15 10:57:23.982000,3.51174,3.51147,1000000,1000000
2017-06-15 10:57:24.033000,3.51172,3.51146,1000000,1000000
2017-06-15 10:57:24.084000,3.51172,3.51143,1000000,1000000
2017-06-15 10:57:25.643000,3.51158,3.51135,1500000,3250000
2017-06-15 10:57:25.744000,3.51153,3.51129,1500000,2500000
2017-06-15 10:57:25.795000,3.51152,3.51092,1500000,1000000
2017-06-15 10:57:26.516000,3.51145,3.51092,1000000,1120000
2017-06-15 10:57:26.567000,3.51148,3.51092,1000000,1120000
2017-06-15 10:57:26.618000,3.51143,3.51092,1000000,1120000
2017-06-15 10:57:26.669000,3.51148,3.51091,1000000,1370000
2017-06-15 10:57:26.821000,3.51152,3.51088,1500000,1500000
2017-06-15 10:57:26.872000,3.51149,3.51085,1500000,1750000
2017-06-15 10:57:26.923000,3.51148,3.51085,1500000,1000000
2017-06-15 10:57:27.127000,3.51146,3.51085,1000000,1000000
2017-06-15 10:57:27.812000,3.51143,3.51085,1500000,1000000
2017-06-15 10:57:28.603000,3.51142,3.51085,1000000,1000000
2017-06-15 10:57:28.811000,3.51145,3.51085,1000000,1000000
2017-06-15 10:57:28.863000,3.51144,3.5108,1000000,1000000
2017-06-15 10:57:29.511000,3.51145,3.5108,1500000,1000000
2017-06-15 10:57:29.562000,3.51097,3.5108,1000000,1000000
2017-06-15 10:57:29.614000,3.51097,3.51068,1500000,1500000
2017-06-15 10:57:29.665000,3.51091,3.51064,1000000,1000000
2017-06-15 10:57:41.175000,3.51089,3.51062,1000000,1000000
2017-06-15 10:57:44.441000,3.51089,3.51066,1000000,1000000
2017-06-15 10:57:44.797000,3.51089,3.51062,1000000,1000000
2017-06-15 10:57:44.949000,3.51086,3.51059,1000000,1000000
2017-06-15 10:57:48.113000,3.51085,3.51061,1000000,1000000
2017-06-15 10:57:48.735000,3.51085,3.51062,1000000,1000000
2017-06-15 10:57:51.862000,3.51086,3.51062,1000000,1000000
2017-06-15 10:57:52.383000,3.51085,3.51062,1000000,1000000
2017-06-15 10:57:53.232000,3.51086,3.51062,1000000,1000000
2017-06-15 10:57:54.793000,3.51089,3.51074,1000000,1000000
2017-06-15 10:57:55.097000,3.51123,3.51101,1500000,1000000
2017-06-15 10:57:55.214000,3.51146,3.51125,1500000,1000000
2017-06-15 10:57:55.268000,3.51154,3.51125,1500000,1500000
2017-06-15 10:57:55.319000,3.51154,3.51128,1000000,1000000
2017-06-15 10:57:55.371000,3.51157,3.5113,1000000,1000000
2017-06-15 10:57:55.524000,3.51157,3.51132,1000000,1000000
2017-06-15 10:57:55.575000,3.51161,3.51132,1500000,1500000
2017-06-15 10:57:56.801000,3.51157,3.51132,1000000,1500000
2017-06-15 10:57:56.903000,3.51157,3.5113,1500000,1000000
2017-06-15 10:57:56.954000,3.51151,3.5113,1000000,1000000
2017-06-15 10:57:57.005000,3.51151,3.51126,1000000,1000000
2017-06-15 10:57:57.156000,3.51151,3.5113,1000000,1500000
2017-06-15 10:57:58.812000,3.51142,3.5113,1000000,1000000
2017-06-15 10:57:58.863000,3.51142,3.51127,1000000,1000000
2017-06-15 10:57:59.067000,3.51143,3.51123,1500000,1000000
2017-06-15 10:57:59.119000,3.51143,3.5112,1500000,1500000
2017-06-15 10:57:59.727000,3.51142,3.5112,1000000,1500000
2017-06-15 10:58:00.267000,3.51143,3.51116,2250000,1000000
2017-06-15 10:58:00.555000,3.51141,3.51112,1000000,1000000
2017-06-15 10:58:01.118000,3.51141,3.51114,1000000,1000000
2017-06-15 10:58:01.563000,3.5113,3.51114,1000000,1000000
2017-06-15 10:58:01.716000,3.5113,3.51112,1000000,1000000
2017-06-15 10:58:01.768000,3.51131,3.5111,1500000,1500000
2017-06-15 10:58:02.317000,3.5113,3.51117,1000000,1000000
2017-06-15 10:58:02.843000,3.51131,3.51119,1500000,1000000
2017-06-15 10:58:03.562000,3.5113,3.51117,1000000,1000000
2017-06-15 10:58:03.663000,3.5113,3.51113,1000000,1000000
2017-06-15 10:58:04.913000,3.51126,3.51104,1000000,2500000
2017-06-15 10:58:04.964000,3.51126,3.51075,1000000,1000000
2017-06-15 10:58:05.066000,3.51126,3.51066,1000000,1000000
2017-06-15 10:58:05.117000,3.5112,3.51064,1000000,1000000
2017-06-15 10:58:05.168000,3.51123,3.51063,1000000,1000000
2017-06-15 10:58:05.320000,3.5112,3.51074,1500000,1000000
2017-06-15 10:58:05.421000,3.5112,3.51072,1500000,1000000
2017-06-15 10:58:05.472000,3.5112,3.51066,1500000,1870000
2017-06-15 10:58:05.624000,3.51117,3.51088,1000000,1000000
2017-06-15 10:58:05.776000,3.5112,3.51067,1500000,1120000
2017-06-15 10:58:06.567000,3.51119,3.51067,1000000,1120000
2017-06-15 10:58:09.855000,3.51108,3.51067,1000000,1120000
2017-06-15 10:58:09.957000,3.51108,3.51061,1000000,1000000
2017-06-15 10:58:10.059000,3.51086,3.51061,1000000,1000000
2017-06-15 10:58:10.161000,3.5107,3.51043,1000000,1000000
2017-06-15 10:58:10.212000,3.51066,3.51041,1000000,1000000
2017-06-15 10:58:10.263000,3.51066,3.51039,1000000,1000000
2017-06-15 10:58:11.148000,3.51056,3.51029,1000000,1000000
2017-06-15 10:58:11.452000,3.51049,3.51022,1000000,1000000
2017-06-15 10:58:11.770000,3.51046,3.51019,1000000,1000000
2017-06-15 10:58:12.075000,3.51072,3.51035,1000000,1000000
2017-06-15 10:58:12.126000,3.51087,3.51067,2250000,1500000
2017-06-15 10:58:12.430000,3.51057,3.5103,1000000,2250000
2017-06-15 10:58:12.481000,3.51053,3.51028,1000000,1000000
2017-06-15 10:58:12.678000,3.51032,3.51003,1500000,1500000
2017-06-15 10:58:17.553000,3.51029,3.51003,1000000,1000000
2017-06-15 10:58:17.604000,3.51029,3.51,1500000,1500000
2017-06-15 10:58:17.656000,3.51024,3.51,1000000,1000000
2017-06-15 10:58:17.707000,3.51024,3.50995,1500000,1500000
2017-06-15 10:58:17.758000,3.5102,3.50995,1000000,1000000
2017-06-15 10:58:17.808000,3.5102,3.50993,1000000,1000000
2017-06-15 10:58:18.151000,3.51017,3.50991,1000000,1000000
2017-06-15 10:58:18.253000,3.51019,3.50988,1000000,1000000
2017-06-15 10:58:18.304000,3.51028,3.50956,1000000,1000000
2017-06-15 10:58:18.355000,3.51023,3.50956,1000000,1000000
2017-06-15 10:58:18.664000,3.51012,3.50964,1000000,1000000
2017-06-15 10:58:18.766000,3.51021,3.50971,1000000,1000000
2017-06-15 10:58:18.868000,3.51004,3.50977,1000000,1000000
2017-06-15 10:58:21.169000,3.51003,3.50974,1000000,1000000
2017-06-15 10:58:24.064000,3.51004,3.50973,1000000,1000000
2017-06-15 10:58:24.115000,3.51014,3.50946,1000000,1120000
2017-06-15 10:58:24.166000,3.51016,3.50951,1000000,1000000
2017-06-15 10:58:24.217000,3.51019,3.50951,1000000,1000000
2017-06-15 10:58:24.268000,3.51013,3.5095,1000000,1000000
2017-06-15 10:58:24.319000,3.51013,3.50943,1500000,1000000
2017-06-15 10:58:24.370000,3.5101,3.5095,1370000,1000000
2017-06-15 10:58:24.573000,3.50996,3.50936,1500000,1500000
2017-06-15 10:58:24.675000,3.50984,3.50955,1000000,1000000
2017-06-15 10:58:25.004000,3.50981,3.50952,1000000,1000000
2017-06-15 10:58:25.309000,3.50984,3.50957,1000000,1000000
2017-06-15 10:58:26.168000,3.50986,3.50955,1000000,1000000
2017-06-15 10:58:26.219000,3.5099,3.50938,1000000,1500000
2017-06-15 10:58:26.270000,3.5098,3.50953,1000000,1000000
2017-06-15 10:58:26.473000,3.50977,3.50948,1000000,1000000
2017-06-15 10:58:26.524000,3.5098,3.50918,1000000,1000000
2017-06-15 10:58:26.576000,3.50967,3.50938,1000000,1000000
2017-06-15 10:58:26.880000,3.5097,3.50941,1500000,1500000
2017-06-15 10:58:27.473000,3.50967,3.50936,1000000,1000000
2017-06-15 10:58:27.526000,3.50986,3.50892,1000000,1500000
2017-06-15 10:58:27.578000,3.50994,3.50892,1370000,1500000
2017-06-15 10:58:27.630000,3.50977,3.50893,1000000,1370000
2017-06-15 10:58:27.935000,3.50954,3.50925,1000000,1000000
2017-06-15 10:58:28.289000,3.5095,3.50923,1000000,1000000
2017-06-15 10:58:28.737000,3.50946,3.50917,1500000,1500000
2017-06-15 10:58:28.789000,3.50942,3.50915,1000000,1000000
2017-06-15 10:58:28.992000,3.50956,3.50887,1000000,1000000
2017-06-15 10:58:29.094000,3.50956,3.50878,1500000,1370000
2017-06-15 10:58:29.145000,3.50956,3.50885,1500000,1000000
2017-06-15 10:58:29.449000,3.5094,3.50911,1000000,1000000
2017-06-15 10:58:29.500000,3.50955,3.50897,1000000,1000000
2017-06-15 10:58:29.601000,3.50941,3.50914,1000000,1000000
2017-06-15 10:58:30.091000,3.50939,3.50914,1000000,1000000
2017-06-15 10:58:30.142000,3.50939,3.5091,1500000,1500000
2017-06-15 10:58:30.294000,3.50961,3.50887,1000000,1000000
2017-06-15 10:58:30.396000,3.50955,3.50878,1500000,1370000
2017-06-15 10:58:33.309000,3.50954,3.50875,1000000,2250000
2017-06-15 10:58:33.360000,3.50954,3.50875,1000000,1500000
2017-06-15 10:58:33.795000,3.50946,3.50873,1000000,1120000
2017-06-15 10:58:33.998000,3.50953,3.50875,1000000,1000000
2017-06-15 10:58:34.711000,3.50946,3.50873,1000000,1120000
2017-06-15 10:58:34.813000,3.50954,3.50874,1500000,1000000
2017-06-15 10:58:34.924000,3.50946,3.50874,1000000,1000000
2017-06-15 10:58:35.426000,3.50953,3.50881,1000000,1000000
2017-06-15 10:58:37.348000,3.50953,3.50877,1000000,1000000
2017-06-15 10:58:40.835000,3.50953,3.50877,1000000,1750000
2017-06-15 10:58:41.122000,3.50958,3.50878,2250000,2250000
2017-06-15 10:58:43.234000,3.50958,3.50884,1500000,1750000
2017-06-15 10:58:48.416000,3.50951,3.50885,1000000,1750000
2017-06-15 10:58:52.627000,3.50957,3.50885,1000000,1750000
2017-06-15 10:58:53.306000,3.50957,3.50912,1000000,1000000
2017-06-15 10:58:53.458000,3.50979,3.50932,1000000,1000000
2017-06-15 10:58:53.510000,3.50962,3.50933,2500000,1000000
2017-06-15 10:58:53.561000,3.51008,3.50974,1000000,1000000
2017-06-15 10:58:53.612000,3.51016,3.50974,2250000,1000000
2017-06-15 10:58:53.714000,3.51011,3.50982,1000000,1000000
2017-06-15 10:58:54.019000,3.51013,3.50986,1000000,1000000
2017-06-15 10:58:54.222000,3.51025,3.50996,1500000,1500000
2017-06-15 10:58:54.323000,3.51028,3.51001,1000000,1000000
2017-06-15 10:58:54.612000,3.51026,3.50997,1500000,1500000
2017-06-15 10:58:54.714000,3.51018,3.50991,1000000,1000000
2017-06-15 10:58:54.816000,3.51009,3.50979,1500000,1500000
2017-06-15 10:58:54.918000,3.51005,3.50978,1000000,1000000
2017-06-15 10:58:55.028000,3.51017,3.50951,1000000,1000000
2017-06-15 10:58:55.079000,3.51017,3.50944,1000000,1000000
2017-06-15 10:58:55.131000,3.51008,3.50944,1500000,1000000
2017-06-15 10:58:55.283000,3.51005,3.50939,1500000,1000000
2017-06-15 10:58:57.725000,3.51005,3.50929,1500000,1000000
2017-06-15 10:58:58.544000,3.51005,3.50928,1500000,1000000
2017-06-15 10:58:58.646000,3.51005,3.50928,1500000,1750000
2017-06-15 10:58:58.951000,3.50998,3.50926,1000000,1750000
2017-06-15 10:58:59.301000,3.50992,3.50921,1000000,1870000
2017-06-15 10:59:00.528000,3.50992,3.50915,1000000,1750000
2017-06-15 10:59:00.631000,3.50992,3.50915,1000000,1750000
2017-06-15 10:59:01.142000,3.50989,3.50919,1000000,1750000
2017-06-15 10:59:01.497000,3.50989,3.50918,1000000,1370000
2017-06-15 10:59:01.548000,3.50984,3.50918,1000000,1370000
2017-06-15 10:59:02.372000,3.50984,3.50945,1000000,1000000
2017-06-15 10:59:02.676000,3.51049,3.51022,1370000,4500000
2017-06-15 10:59:03.449000,3.51049,3.51023,1000000,1000000
2017-06-15 10:59:03.642000,3.51053,3.51024,1000000,1000000
2017-06-15 10:59:03.862000,3.51049,3.51022,1000000,1000000
2017-06-15 10:59:04.173000,3.51042,3.51015,1000000,1000000
2017-06-15 10:59:04.963000,3.5103,3.51003,1000000,1000000
2017-06-15 10:59:05.065000,3.51034,3.50962,1370000,1000000
2017-06-15 10:59:05.167000,3.51011,3.50982,1500000,1500000
2017-06-15 10:59:06.165000,3.51008,3.50979,1500000,1500000
2017-06-15 10:59:07.254000,3.51012,3.50983,1000000,1000000
2017-06-15 10:59:07.457000,3.51099,3.5099,1500000,1000000
2017-06-15 10:59:07.508000,3.51099,3.50994,1500000,1000000
2017-06-15 10:59:07.812000,3.51022,3.50993,1000000,1000000
2017-06-15 10:59:09.242000,3.51019,3.50993,1000000,1000000
2017-06-15 10:59:09.293000,3.51018,3.5099,1000000,1000000
2017-06-15 10:59:09.566000,3.51016,3.50986,1000000,1000000
2017-06-15 10:59:09.630000,3.51014,3.50986,1000000,1000000
2017-06-15 10:59:09.682000,3.51013,3.50983,1000000,1000000
2017-06-15 10:59:15.083000,3.51016,3.50986,1000000,1000000
2017-06-15 10:59:16.082000,3.51011,3.50983,1000000,1000000
2017-06-15 10:59:16.412000,3.51015,3.50987,1000000,1000000
2017-06-15 10:59:30.877000,3.51015,3.50989,1000000,1000000
2017-06-15 10:59:30.928000,3.51019,3.50989,1500000,1500000
2017-06-15 10:59:47.195000,3.51019,3.50991,1000000,1000000
2017-06-15 10:59:47.347000,3.5107,3.50964,1000000,1000000
2017-06-15 10:59:47.398000,3.5107,3.50983,1000000,1000000
2017-06-15 10:59:47.449000,3.51103,3.50983,1000000,1000000
2017-06-15 10:59:47.500000,3.51103,3.50997,1000000,1000000
2017-06-15 10:59:47.802000,3.51069,3.50989,1500000,1500000
2017-06-15 10:59:48.643000,3.51108,3.5096,1000000,1000000
2017-06-15 10:59:48.744000,3.5112,3.50972,1000000,1000000
2017-06-15 10:59:49.061000,3.51117,3.50972,1000000,1000000
2017-06-15 10:59:49.431000,3.51092,3.50994,1000000,1000000
2017-06-15 10:59:50.251000,3.51116,3.50966,1500000,1500000
2017-06-15 10:59:50.302000,3.51112,3.5098,1000000,1000000
2017-06-15 10:59:50.608000,3.51081,3.51001,1000000,1000000
2017-06-15 10:59:51.663000,3.51107,3.50979,1000000,1000000
2017-06-15 10:59:51.714000,3.51107,3.50988,1000000,1000000
2017-06-15 10:59:51.765000,3.51119,3.50989,1000000,1000000
2017-06-15 10:59:51.816000,3.51119,3.51002,1000000,1000000
2017-06-15 10:59:51.867000,3.51131,3.51003,1000000,1000000
2017-06-15 10:59:52.185000,3.51204,3.50986,1120000,1500000
2017-06-15 10:59:52.287000,3.51204,3.50959,1000000,1000000
2017-06-15 10:59:52.338000,3.51204,3.50964,1000000,1000000
2017-06-15 10:59:52.678000,3.51203,3.5096,1000000,1000000
2017-06-15 10:59:53.222000,3.51204,3.5096,1000000,1000000
2017-06-15 10:59:53.324000,3.51182,3.50992,1000000,1000000
2017-06-15 10:59:53.628000,3.5117,3.50982,1000000,1000000
2017-06-15 10:59:53.759000,3.51194,3.50956,1000000,1000000
2017-06-15 10:59:57.313000,3.51166,3.50986,1000000,1000000
2017-06-15 10:59:57.618000,3.51182,3.51004,1000000,1000000
2017-06-15 10:59:58.455000,3.51188,3.50976,1000000,1000000
2017-06-15 10:59:58.506000,3.51188,3.50958,1500000,1500000
2017-06-15 11:00:00.291000,3.5119,3.50956,1500000,1500000
2017-06-15 11:00:01.126000,3.5119,3.50958,1000000,1000000
2017-06-15 11:00:01.501000,3.51189,3.5096,1000000,1000000
2017-06-15 11:00:03.840000,3.51175,3.5096,1000000,1000000
2017-06-15 11:00:03.891000,3.51173,3.50954,1000000,1000000
2017-06-15 11:00:04.007000,3.51157,3.50954,1000000,1000000
2017-06-15 11:00:04.372000,3.51119,3.5095,1000000,1000000
2017-06-15 11:00:04.734000,3.51093,3.50943,1000000,1000000
2017-06-15 11:00:05.106000,3.51095,3.50943,1000000,1000000
2017-06-15 11:00:05.157000,3.51082,3.50942,1000000,1000000
2017-06-15 11:00:05.594000,3.51066,3.50942,1000000,1000000
2017-06-15 11:00:06.118000,3.51066,3.50943,1000000,1000000
2017-06-15 11:00:06.437000,3.51056,3.50942,1000000,1000000
2017-06-15 11:00:06.746000,3.51046,3.50942,1000000,1000000
2017-06-15 11:00:07.072000,3.51039,3.50942,1000000,1000000
2017-06-15 11:00:07.123000,3.51041,3.50943,1000000,1000000
2017-06-15 11:00:07.271000,3.51019,3.50943,1000000,1000000
2017-06-15 11:00:08.054000,3.51019,3.50942,1000000,1000000
2017-06-15 11:00:08.105000,3.51034,3.50942,1000000,1000000
2017-06-15 11:00:08.918000,3.51048,3.50943,1000000,1000000
2017-06-15 11:00:09.225000,3.51054,3.50945,1000000,1000000
2017-06-15 11:00:09.432000,3.51084,3.50942,1000000,1000000
2017-06-15 11:00:09.533000,3.51095,3.50942,1000000,1000000
2017-06-15 11:00:09.635000,3.51106,3.50942,1000000,1000000
2017-06-15 11:00:09.686000,3.51106,3.50947,1000000,1000000
2017-06-15 11:00:09.738000,3.51109,3.50948,1000000,1000000
2017-06-15 11:00:09.789000,3.511,3.50948,1000000,1000000
2017-06-15 11:00:09.840000,3.51098,3.50942,1000000,1000000
2017-06-15 11:00:10.309000,3.51098,3.50961,1000000,1000000
2017-06-15 11:00:10.636000,3.511,3.50991,1000000,1000000
2017-06-15 11:00:11.717000,3.51108,3.50997,1000000,1000000
2017-06-15 11:00:11.821000,3.51108,3.51027,1000000,1000000
2017-06-15 11:00:12.127000,3.51137,3.51019,1000000,1000000
2017-06-15 11:00:12.178000,3.51137,3.51029,1000000,1000000
2017-06-15 11:00:12.789000,3.51137,3.5103,1000000,1000000
2017-06-15 11:00:12.840000,3.51149,3.5103,1000000,1000000
2017-06-15 11:00:12.943000,3.51198,3.50977,1000000,1000000
2017-06-15 11:00:12.994000,3.51136,3.50977,1000000,1000000
2017-06-15 11:00:13.046000,3.51125,3.50958,1000000,1500000
2017-06-15 11:00:13.355000,3.51129,3.50968,1000000,1000000
2017-06-15 11:00:13.671000,3.51134,3.51003,1000000,1000000
2017-06-15 11:00:14.027000,3.51133,3.51005,1000000,1000000
2017-06-15 11:00:14.079000,3.51141,3.51005,1000000,1000000
2017-06-15 11:00:14.282000,3.51139,3.51005,1000000,1000000
2017-06-15 11:00:14.447000,3.51164,3.51005,1000000,1000000
2017-06-15 11:00:15.092000,3.51164,3.51013,1000000,1000000
2017-06-15 11:00:15.143000,3.51175,3.51014,1000000,1000000
2017-06-15 11:00:15.548000,3.51175,3.51032,1000000,1000000
2017-06-15 11:00:15.867000,3.51163,3.51052,1000000,1000000
2017-06-15 11:00:16.662000,3.51182,3.51021,1500000,1500000
2017-06-15 11:00:16.713000,3.51173,3.51021,1000000,1500000
2017-06-15 11:00:17.107000,3.51156,3.51021,1000000,1000000
2017-06-15 11:00:18.117000,3.51156,3.51003,1000000,1000000
2017-06-15 11:00:20.236000,3.51156,3.51004,1000000,1000000
2017-06-15 11:00:20.287000,3.51156,3.51027,1000000,2100000
2017-06-15 11:00:20.338000,3.5117,3.51028,1500000,1000000
2017-06-15 11:00:20.389000,3.51159,3.51048,1000000,1000000
2017-06-15 11:00:20.643000,3.51187,3.51048,1000000,1000000
2017-06-15 11:00:20.780000,3.512,3.51059,1000000,1000000
2017-06-15 11:00:20.831000,3.51212,3.5106,1000000,1000000
2017-06-15 11:00:20.883000,3.51212,3.51069,1500000,1000000
2017-06-15 11:00:21.188000,3.51193,3.51052,1000000,1000000
2017-06-15 11:00:23.323000,3.51184,3.51052,1000000,1000000
2017-06-15 11:00:23.374000,3.51182,3.51043,1000000,1000000
2017-06-15 11:00:24.573000,3.51182,3.51044,1000000,1000000
2017-06-15 11:00:24.675000,3.51165,3.51064,1000000,1000000
2017-06-15 11:00:24.894000,3.51163,3.51054,1000000,1000000
2017-06-15 11:00:25.657000,3.51182,3.51033,1000000,1000000
2017-06-15 11:00:26.134000,3.51173,3.51033,1000000,1000000
2017-06-15 11:00:26.271000,3.51161,3.5101,1500000,1500000
2017-06-15 11:00:26.323000,3.51142,3.51021,1000000,1600000
2017-06-15 11:00:26.723000,3.51142,3.51043,1000000,1000000
2017-06-15 11:00:27.042000,3.51142,3.51053,1000000,1000000
2017-06-15 11:00:27.093000,3.51154,3.51053,1000000,1000000
2017-06-15 11:00:27.195000,3.51181,3.51046,1500000,1000000
2017-06-15 11:00:27.572000,3.51168,3.51042,1000000,1000000
2017-06-15 11:00:27.908000,3.51151,3.5105,1000000,1000000
2017-06-15 11:00:28.215000,3.51161,3.51139,3750000,1000000
2017-06-15 11:00:28.266000,3.51169,3.51139,1000000,1500000
2017-06-15 11:00:28.398000,3.51179,3.51149,1500000,1500000
2017-06-15 11:00:28.704000,3.5119,3.51162,1000000,1000000
2017-06-15 11:00:28.907000,3.5121,3.5118,1000000,1000000
2017-06-15 11:00:28.959000,3.51211,3.51184,1000000,1000000
2017-06-15 11:00:29.111000,3.51214,3.51184,1000000,1000000
2017-06-15 11:00:29.674000,3.51215,3.51187,1000000,1000000
2017-06-15 11:00:29.785000,3.51215,3.51183,1000000,1000000
2017-06-15 11:00:29.837000,3.51217,3.51166,1500000,1500000
2017-06-15 11:00:30.107000,3.51217,3.51172,1000000,1000000
2017-06-15 11:00:30.158000,3.51222,3.51173,1000000,1000000
2017-06-15 11:00:30.505000,3.51224,3.51136,1000000,1000000
2017-06-15 11:00:30.556000,3.51201,3.51136,1000000,1000000
2017-06-15 11:00:30.860000,3.51173,3.51141,1000000,1000000
2017-06-15 11:00:30.910000,3.51206,3.51127,1000000,1000000
2017-06-15 11:00:30.961000,3.51203,3.51142,1000000,1000000
2017-06-15 11:00:31.276000,3.51201,3.51142,1000000,1000000
2017-06-15 11:00:31.974000,3.51212,3.51084,1000000,1000000
2017-06-15 11:00:32.025000,3.51213,3.51082,1000000,1000000
2017-06-15 11:00:32.076000,3.51205,3.51068,1000000,1120000
2017-06-15 11:00:32.178000,3.51203,3.51055,1000000,1750000
2017-06-15 11:00:33.087000,3.51202,3.51061,1000000,1370000
2017-06-15 11:00:33.854000,3.51202,3.51061,1000000,1000000
2017-06-15 11:00:34.413000,3.51166,3.51061,1000000,1000000
2017-06-15 11:00:35.001000,3.51167,3.51061,1000000,1000000
2017-06-15 11:00:35.474000,3.51166,3.51055,1000000,1000000
2017-06-15 11:00:36.010000,3.51167,3.51055,1000000,1000000
2017-06-15 11:00:36.500000,3.51166,3.51058,1000000,1000000
2017-06-15 11:00:36.851000,3.51138,3.51082,1000000,1000000
2017-06-15 11:00:37.054000,3.51131,3.51052,1000000,1000000
2017-06-15 11:00:37.105000,3.51131,3.51055,1000000,1000000
2017-06-15 11:00:37.308000,3.51131,3.51051,1000000,1000000
2017-06-15 11:00:37.583000,3.5112,3.51052,1000000,1000000
2017-06-15 11:00:37.787000,3.51131,3.51001,1000000,1000000
2017-06-15 11:00:37.838000,3.51134,3.50983,1000000,1000000
2017-06-15 11:00:37.889000,3.51135,3.50957,1000000,1120000
2017-06-15 11:00:37.941000,3.51148,3.50945,1000000,2250000
2017-06-15 11:00:37.993000,3.5114,3.50945,1000000,2250000
2017-06-15 11:00:38.356000,3.51142,3.50945,1000000,2250000
2017-06-15 11:00:38.676000,3.51141,3.50927,1000000,1000000
2017-06-15 11:00:38.778000,3.51042,3.50881,1000000,1350000
2017-06-15 11:00:38.829000,3.51039,3.50872,1000000,1000000
2017-06-15 11:00:38.880000,3.51027,3.50844,1000000,1000000
2017-06-15 11:00:38.931000,3.509,3.50824,1000000,1000000
2017-06-15 11:00:39.065000,3.50953,3.50803,1000000,1000000
2017-06-15 11:00:39.166000,3.50894,3.5073,1000000,1000000
2017-06-15 11:00:39.217000,3.50894,3.50707,1000000,1500000
2017-06-15 11:00:39.319000,3.50894,3.507,1000000,1870000
2017-06-15 11:00:39.521000,3.50894,3.50694,1000000,1970000
2017-06-15 11:00:39.883000,3.50883,3.50747,1000000,1000000
2017-06-15 11:00:40.187000,3.50883,3.50752,1000000,1000000
2017-06-15 11:00:40.491000,3.50881,3.50752,1000000,1000000
2017-06-15 11:00:40.542000,3.50871,3.50719,1000000,1000000
2017-06-15 11:00:40.593000,3.50862,3.50718,1000000,1000000
2017-06-15 11:00:40.644000,3.50843,3.50684,1000000,1000000
2017-06-15 11:00:40.815000,3.50843,3.50682,1000000,1000000
2017-06-15 11:00:41.368000,3.50851,3.50683,1000000,1000000
2017-06-15 11:00:41.620000,3.50845,3.50683,1000000,1000000
2017-06-15 11:00:41.920000,3.50819,3.50637,1000000,1370000
2017-06-15 11:00:42.073000,3.5087,3.50851,1000000,1000000
2017-06-15 11:00:42.226000,3.5091,3.50851,1000000,1000000
2017-06-15 11:00:42.396000,3.50892,3.50852,1000000,1000000
2017-06-15 11:00:42.447000,3.50899,3.50852,1000000,1000000
2017-06-15 11:00:42.554000,3.50892,3.50852,1000000,1000000
2017-06-15 11:00:42.859000,3.50888,3.50855,1000000,1000000
2017-06-15 11:00:43.211000,3.50889,3.50859,1000000,1000000
2017-06-15 11:00:43.313000,3.50921,3.5086,1000000,1000000
2017-06-15 11:00:43.415000,3.50926,3.50859,1000000,1000000
2017-06-15 11:00:43.567000,3.50926,3.50862,1000000,1000000
2017-06-15 11:00:43.906000,3.50919,3.50869,1000000,1000000
2017-06-15 11:00:44.161000,3.50914,3.50833,1000000,1000000
2017-06-15 11:00:44.437000,3.50914,3.50827,1000000,1000000
2017-06-15 11:00:44.589000,3.50912,3.50827,1000000,1000000
2017-06-15 11:00:44.643000,3.50912,3.50815,1000000,1000000
2017-06-15 11:00:44.745000,3.50906,3.50805,1000000,1000000
2017-06-15 11:00:44.798000,3.50851,3.50805,1000000,1000000
2017-06-15 11:00:44.852000,3.50883,3.50805,1000000,1000000
2017-06-15 11:00:44.903000,3.50834,3.50764,1000000,1000000
2017-06-15 11:00:45.216000,3.50818,3.50764,1000000,1000000
2017-06-15 11:00:45.267000,3.50838,3.50764,1000000,1000000
2017-06-15 11:00:45.521000,3.5084,3.50726,1000000,1000000
2017-06-15 11:00:45.572000,3.50835,3.5069,1000000,1000000
2017-06-15 11:00:45.709000,3.50835,3.5067,1000000,1000000
2017-06-15 11:00:45.769000,3.50837,3.5066,1000000,1370000
2017-06-15 11:00:45.821000,3.50836,3.50661,1000000,1500000
2017-06-15 11:00:46.127000,3.50827,3.50673,1000000,1120000
2017-06-15 11:00:46.574000,3.50841,3.50673,1000000,1120000
2017-06-15 11:00:46.625000,3.50821,3.50679,1000000,1370000
2017-06-15 11:00:46.878000,3.50811,3.50679,1000000,1000000
2017-06-15 11:00:46.929000,3.50811,3.50677,1000000,1000000
2017-06-15 11:00:46.980000,3.50811,3.50647,1000000,1370000
2017-06-15 11:00:47.031000,3.50811,3.50659,1000000,1000000
2017-06-15 11:00:47.356000,3.50818,3.5076,1000000,1000000
2017-06-15 11:00:47.407000,3.50838,3.50751,1000000,1000000
2017-06-15 11:00:47.459000,3.50838,3.50757,1500000,1500000
2017-06-15 11:00:47.763000,3.50849,3.50774,1000000,1000000
2017-06-15 11:00:48.265000,3.5085,3.50774,1000000,1000000
2017-06-15 11:00:48.316000,3.50853,3.50774,1000000,1000000
2017-06-15 11:00:48.469000,3.50874,3.50737,1000000,1500000
2017-06-15 11:00:48.526000,3.5087,3.50738,1000000,1000000
2017-06-15 11:00:48.846000,3.5085,3.50759,1500000,1500000
2017-06-15 11:00:49.757000,3.50855,3.50766,1000000,1000000
2017-06-15 11:00:49.960000,3.50879,3.5074,1000000,1000000
2017-06-15 11:00:50.349000,3.50856,3.50765,1000000,1000000
2017-06-15 11:00:50.656000,3.50848,3.50773,1000000,1000000
2017-06-15 11:00:50.707000,3.50848,3.50766,1000000,1500000
2017-06-15 11:00:50.759000,3.50838,3.50749,1000000,1000000
2017-06-15 11:00:51.370000,3.50831,3.50762,1000000,1000000
2017-06-15 11:00:52.084000,3.50843,3.50772,1500000,1500000
2017-06-15 11:00:52.396000,3.50851,3.5076,1000000,1000000
2017-06-15 11:00:52.448000,3.50852,3.50769,1000000,1000000
2017-06-15 11:00:52.499000,3.50858,3.50769,1000000,1000000
2017-06-15 11:00:52.692000,3.50865,3.5071,1000000,1000000
2017-06-15 11:00:52.743000,3.50862,3.50709,1000000,1000000
2017-06-15 11:00:52.895000,3.50861,3.50706,1000000,1000000
2017-06-15 11:00:53.402000,3.5086,3.50706,1000000,1000000
2017-06-15 11:00:53.557000,3.5086,3.50695,1000000,1370000
2017-06-15 11:00:53.863000,3.50844,3.50675,1000000,3000000
2017-06-15 11:00:53.915000,3.50844,3.50675,1000000,1870000
2017-06-15 11:00:53.966000,3.50832,3.50676,1000000,1370000
2017-06-15 11:00:54.119000,3.50832,3.50674,1000000,1000000
2017-06-15 11:00:54.170000,3.5084,3.50673,1000000,1000000
2017-06-15 11:00:54.222000,3.5084,3.50685,1000000,1000000
2017-06-15 11:00:54.493000,3.50827,3.50671,1000000,1000000
2017-06-15 11:00:54.787000,3.50827,3.50684,1000000,1000000
2017-06-15 11:00:55.286000,3.5082,3.50674,1000000,1000000
2017-06-15 11:00:55.438000,3.50815,3.50679,1000000,1000000
2017-06-15 11:00:55.540000,3.50816,3.50674,1000000,1000000
2017-06-15 11:00:55.806000,3.50816,3.50685,1000000,1000000
2017-06-15 11:00:56.107000,3.50802,3.50684,1000000,1000000
2017-06-15 11:00:56.888000,3.50806,3.50675,1000000,1000000
2017-06-15 11:00:57.320000,3.50812,3.50684,1000000,1000000
2017-06-15 11:00:57.662000,3.508,3.50684,1000000,1000000
2017-06-15 11:00:58.355000,3.50801,3.5068,1000000,1000000
2017-06-15 11:00:58.406000,3.50808,3.50675,1500000,1000000
2017-06-15 11:00:58.841000,3.50811,3.50683,1000000,1000000
2017-06-15 11:00:58.994000,3.50814,3.50685,1000000,1500000
2017-06-15 11:01:00.134000,3.50804,3.50685,1000000,1000000
2017-06-15 11:01:00.185000,3.50803,3.50674,1000000,1000000
2017-06-15 11:01:00.342000,3.50796,3.50665,1000000,1000000
2017-06-15 11:01:01.168000,3.5079,3.50664,1000000,1000000
2017-06-15 11:01:01.219000,3.5079,3.50659,1500000,1500000
2017-06-15 11:01:01.270000,3.5079,3.50669,1000000,1000000
2017-06-15 11:01:01.321000,3.50798,3.50669,1000000,1000000
2017-06-15 11:01:01.537000,3.50798,3.50692,1000000,1000000
2017-06-15 11:01:01.955000,3.508,3.50721,1000000,1000000
2017-06-15 11:01:02.479000,3.50778,3.5072,1000000,1000000
2017-06-15 11:01:02.645000,3.50786,3.50719,1000000,1000000
2017-06-15 11:01:02.696000,3.50784,3.50703,1500000,1500000
2017-06-15 11:01:02.813000,3.50741,3.50703,1000000,1500000
2017-06-15 11:01:03.118000,3.50721,3.50693,1000000,1000000
2017-06-15 11:01:03.220000,3.50743,3.50713,1000000,1000000
2017-06-15 11:01:03.271000,3.50744,3.50723,1000000,1000000
2017-06-15 11:01:03.537000,3.50713,3.50683,1500000,1500000
2017-06-15 11:01:03.690000,3.50696,3.50683,1000000,1000000
2017-06-15 11:01:03.742000,3.50696,3.50668,1000000,1000000
2017-06-15 11:01:03.793000,3.50694,3.50664,1000000,1000000
2017-06-15 11:01:05.962000,3.50694,3.50664,1000000,1750000
2017-06-15 11:01:06.981000,3.50694,3.50664,1000000,1120000
2017-06-15 11:01:09.310000,3.50697,3.50667,1000000,1000000
2017-06-15 11:01:09.691000,3.50692,3.50666,1000000,1000000
2017-06-15 11:01:09.742000,3.50692,3.50664,1000000,1000000
2017-06-15 11:01:10.383000,3.5069,3.50662,1000000,1000000
2017-06-15 11:01:10.434000,3.5069,3.5066,1000000,1000000
2017-06-15 11:01:11.918000,3.50692,3.50664,1000000,1000000
2017-06-15 11:01:13.187000,3.50695,3.50667,1000000,1000000
2017-06-15 11:01:13.419000,3.50714,3.50684,1000000,1000000
2017-06-15 11:01:14.071000,3.50714,3.50689,1000000,1000000
2017-06-15 11:01:14.316000,3.50714,3.50687,1000000,1000000
2017-06-15 11:01:14.368000,3.50714,3.50684,1000000,1000000
2017-06-15 11:01:14.419000,3.50717,3.50689,1000000,1000000
2017-06-15 11:01:14.521000,3.50721,3.50691,1000000,1000000
2017-06-15 11:01:14.622000,3.50727,3.50699,1000000,1000000
2017-06-15 11:01:14.927000,3.50757,3.50727,2250000,1500000
2017-06-15 11:01:15.247000,3.50764,3.50738,2250000,1000000
2017-06-15 11:01:15.311000,3.50766,3.50738,1000000,1000000
2017-06-15 11:01:16.914000,3.50768,3.50741,1000000,1000000
2017-06-15 11:01:17.085000,3.50767,3.50739,1000000,1000000
2017-06-15 11:01:17.734000,3.50764,3.50734,1000000,1000000
2017-06-15 11:01:17.901000,3.50758,3.50733,1000000,1000000
2017-06-15 11:01:17.954000,3.50758,3.5073,1000000,1000000
2017-06-15 11:01:18.218000,3.50755,3.50729,1000000,1000000
2017-06-15 11:01:18.270000,3.50755,3.50725,1000000,1000000
2017-06-15 11:01:19.032000,3.5075,3.50722,1000000,1000000
2017-06-15 11:01:19.621000,3.50751,3.50727,1000000,1000000
2017-06-15 11:01:19.673000,3.50755,3.50727,1000000,1000000
2017-06-15 11:01:19.928000,3.50759,3.50729,1500000,1500000
2017-06-15 11:01:20.031000,3.50762,3.50732,1500000,1500000
2017-06-15 11:01:20.337000,3.50756,3.50728,1000000,1000000
2017-06-15 11:01:20.655000,3.5075,3.50722,1000000,1000000
2017-06-15 11:01:21.178000,3.50752,3.50722,1500000,1500000
2017-06-15 11:01:22.914000,3.50748,3.50722,1000000,1000000
2017-06-15 11:01:22.965000,3.50748,3.5072,1000000,1000000
2017-06-15 11:01:24.220000,3.50745,3.50719,1000000,1000000
2017-06-15 11:01:24.272000,3.50745,3.50717,1000000,1000000
2017-06-15 11:01:29.642000,3.50747,3.5072,1000000,1000000
2017-06-15 11:01:30.195000,3.50748,3.5072,1000000,1000000
2017-06-15 11:01:31.842000,3.50735,3.50719,1000000,1000000
2017-06-15 11:01:31.893000,3.50735,3.50707,1000000,1000000
2017-06-15 11:01:31.944000,3.50732,3.50705,1000000,1000000
2017-06-15 11:01:31.995000,3.50732,3.50702,1500000,1500000
2017-06-15 11:01:32.097000,3.50743,3.50682,1000000,1000000
2017-06-15 11:01:32.236000,3.50743,3.50687,1000000,1000000
2017-06-15 11:01:32.538000,3.50725,3.50695,1000000,1000000
2017-06-15 11:01:33.151000,3.50721,3.50703,1000000,1000000
2017-06-15 11:01:33.202000,3.50721,3.50693,1000000,1000000
2017-06-15 11:01:33.351000,3.50705,3.50678,1000000,4120000
2017-06-15 11:01:33.402000,3.50705,3.50656,1000000,1500000
2017-06-15 11:01:33.453000,3.50683,3.50656,1000000,1000000
2017-06-15 11:01:33.656000,3.50694,3.50665,1500000,1000000
2017-06-15 11:01:33.707000,3.50695,3.50669,1500000,1000000
2017-06-15 11:01:33.758000,3.5072,3.5069,1000000,1000000
2017-06-15 11:01:36.047000,3.50721,3.50689,1000000,1000000
2017-06-15 11:01:36.098000,3.50747,3.50664,1370000,1000000
2017-06-15 11:01:36.200000,3.50743,3.50668,1000000,1000000
2017-06-15 11:01:37.145000,3.50744,3.50668,1000000,1000000
2017-06-15 11:01:37.196000,3.50747,3.50668,1000000,1000000
2017-06-15 11:01:37.272000,3.50747,3.50665,1000000,1000000
2017-06-15 11:01:37.374000,3.50747,3.50667,1000000,1000000
2017-06-15 11:01:37.680000,3.50745,3.50676,1000000,1000000
2017-06-15 11:01:38.041000,3.50745,3.5068,1000000,1000000
2017-06-15 11:01:38.648000,3.50745,3.50683,1000000,1000000
2017-06-15 11:01:38.704000,3.50745,3.50678,1000000,1000000
2017-06-15 11:01:39.224000,3.50745,3.5068,1000000,1000000
2017-06-15 11:01:40.178000,3.50745,3.50679,1000000,1500000
2017-06-15 11:01:40.571000,3.50744,3.50677,1000000,1500000
2017-06-15 11:01:40.622000,3.50744,3.50682,1000000,1000000
2017-06-15 11:01:40.825000,3.50744,3.5068,1000000,1000000
2017-06-15 11:01:41.311000,3.50744,3.50673,1000000,1500000
2017-06-15 11:01:41.362000,3.50744,3.50677,1000000,1500000
2017-06-15 11:01:41.829000,3.50744,3.50675,1000000,1000000
2017-06-15 11:01:42.590000,3.50744,3.50688,1000000,1000000
2017-06-15 11:01:42.894000,3.50746,3.50708,1000000,1000000
2017-06-15 11:01:43.370000,3.50746,3.5071,1000000,1000000
2017-06-15 11:01:43.522000,3.50751,3.50712,1000000,1000000
2017-06-15 11:01:43.573000,3.50753,3.50716,1000000,1000000
2017-06-15 11:01:43.624000,3.50758,3.50716,1000000,1000000
2017-06-15 11:01:44.974000,3.50759,3.50721,1000000,1000000
2017-06-15 11:01:45.094000,3.50763,3.50721,1000000,1000000
2017-06-15 11:01:47.101000,3.50767,3.50724,1000000,1000000
2017-06-15 11:01:47.571000,3.50769,3.50727,1000000,1000000
2017-06-15 11:01:47.622000,3.50771,3.50727,1000000,1000000
2017-06-15 11:01:47.673000,3.50767,3.50726,1000000,1000000
2017-06-15 11:01:47.725000,3.50767,3.50722,1000000,1000000
2017-06-15 11:01:48.623000,3.50765,3.50722,1000000,1000000
2017-06-15 11:01:48.674000,3.50764,3.50718,1000000,1000000
2017-06-15 11:01:48.725000,3.50761,3.50718,1000000,1000000
2017-06-15 11:01:48.776000,3.5076,3.50713,1000000,1000000
2017-06-15 11:01:48.827000,3.50757,3.50713,1000000,1000000
2017-06-15 11:01:48.878000,3.50756,3.50708,1000000,1000000
2017-06-15 11:01:48.980000,3.50769,3.50702,1750000,1000000
2017-06-15 11:01:49.125000,3.50757,3.50707,1000000,1000000
2017-06-15 11:01:49.430000,3.50755,3.5071,1000000,1000000
2017-06-15 11:01:49.481000,3.50759,3.5071,1000000,1000000
2017-06-15 11:01:50.173000,3.50766,3.50705,1870000,1000000
2017-06-15 11:01:50.224000,3.50757,3.50705,1000000,1000000
2017-06-15 11:01:50.545000,3.50757,3.50707,1500000,1000000
2017-06-15 11:01:50.850000,3.5076,3.5072,1000000,1000000
2017-06-15 11:01:51.171000,3.5076,3.50723,1000000,1000000
2017-06-15 11:01:51.622000,3.5076,3.50717,1000000,1000000
2017-06-15 11:01:51.673000,3.50767,3.50717,1370000,1000000
2017-06-15 11:01:51.724000,3.50759,3.50717,1000000,1000000
2017-06-15 11:01:52.072000,3.50769,3.50723,1000000,1000000
2017-06-15 11:01:52.525000,3.50769,3.50727,1000000,1000000
2017-06-15 11:01:52.850000,3.50765,3.50723,1000000,1000000
2017-06-15 11:01:53.003000,3.50764,3.50713,1000000,1000000
2017-06-15 11:01:53.291000,3.50766,3.50715,1370000,1000000
2017-06-15 11:01:53.594000,3.50767,3.50725,1500000,1500000
2017-06-15 11:01:53.933000,3.50767,3.50729,1000000,1000000
2017-06-15 11:01:54.443000,3.50766,3.5073,1000000,1000000
2017-06-15 11:01:54.495000,3.50765,3.50725,1000000,1000000
2017-06-15 11:01:54.546000,3.50761,3.50725,1000000,1000000
2017-06-15 11:01:54.872000,3.50746,3.50725,1000000,1000000
2017-06-15 11:01:54.924000,3.50739,3.50709,1000000,1000000
2017-06-15 11:01:55.026000,3.50737,3.50709,1000000,1000000
2017-06-15 11:01:55.077000,3.50736,3.50706,1000000,1000000
2017-06-15 11:01:55.230000,3.50736,3.50708,1000000,1000000
2017-06-15 11:01:55.281000,3.50739,3.50709,1000000,1000000
2017-06-15 11:01:55.435000,3.50739,3.50712,1000000,1000000
2017-06-15 11:01:55.486000,3.50741,3.50713,1000000,1000000
2017-06-15 11:01:55.774000,3.50745,3.50715,1000000,1000000
2017-06-15 11:01:56.222000,3.50745,3.50721,1000000,1000000
2017-06-15 11:01:56.273000,3.50752,3.50722,1000000,1000000
2017-06-15 11:01:56.374000,3.50764,3.50713,1500000,1500000
2017-06-15 11:01:56.607000,3.50773,3.50704,1000000,1000000
2017-06-15 11:01:57.202000,3.50774,3.50703,1000000,1000000
2017-06-15 11:01:57.395000,3.50779,3.50704,1000000,1000000
2017-06-15 11:01:57.932000,3.50779,3.50703,1000000,1000000
2017-06-15 11:01:58.697000,3.50779,3.50704,1000000,1000000
2017-06-15 11:01:59.784000,3.50779,3.50701,1000000,1370000
2017-06-15 11:01:59.835000,3.50782,3.50704,1000000,1000000
2017-06-15 11:02:00.073000,3.50781,3.50738,1000000,1000000
2017-06-15 11:02:00.377000,3.50792,3.50766,1000000,1000000
2017-06-15 11:02:00.428000,3.50795,3.50768,1000000,1000000
2017-06-15 11:02:00.619000,3.508,3.50773,1000000,1000000
2017-06-15 11:02:00.721000,3.5079,3.50762,1000000,1000000
2017-06-15 11:02:00.822000,3.50743,3.50716,1000000,1870000
2017-06-15 11:02:01.128000,3.50704,3.50676,1000000,1000000
2017-06-15 11:02:01.320000,3.50698,3.50675,1000000,1000000
2017-06-15 11:02:01.371000,3.50698,3.50668,1500000,2250000
2017-06-15 11:02:02.571000,3.507,3.50679,1500000,1000000
2017-06-15 11:02:02.825000,3.50729,3.50701,1000000,1000000
2017-06-15 11:02:02.877000,3.5073,3.5072,1000000,1000000
2017-06-15 11:02:02.928000,3.50751,3.50721,1000000,1000000
2017-06-15 11:02:02.979000,3.50747,3.50721,1000000,1000000
2017-06-15 11:02:03.030000,3.50745,3.50717,1000000,1000000
2017-06-15 11:02:03.132000,3.50758,3.5069,1750000,1000000
2017-06-15 11:02:03.183000,3.50758,3.5069,1750000,1000000
2017-06-15 11:02:03.234000,3.50758,3.50687,2250000,1000000
2017-06-15 11:02:03.738000,3.50757,3.50688,1750000,1000000
2017-06-15 11:02:04.072000,3.50722,3.50688,1000000,1000000
2017-06-15 11:02:04.399000,3.50698,3.50668,1500000,1500000
2017-06-15 11:02:07.473000,3.50695,3.50668,1000000,1000000
2017-06-15 11:02:07.524000,3.50695,3.50665,1500000,1500000
2017-06-15 11:02:08.562000,3.50695,3.50667,1000000,1000000
2017-06-15 11:02:08.703000,3.50698,3.50668,1000000,1000000
2017-06-15 11:02:09.252000,3.50696,3.50668,1000000,1000000
2017-06-15 11:02:09.303000,3.50695,3.50665,1000000,1000000
2017-06-15 11:02:10.671000,3.50692,3.50665,1000000,1000000
2017-06-15 11:02:10.722000,3.50692,3.50662,1500000,2250000
2017-06-15 11:02:11.425000,3.50692,3.50668,1500000,1000000
2017-06-15 11:02:11.743000,3.50692,3.50662,1500000,2250000
2017-06-15 11:02:12.683000,3.50692,3.50673,1500000,1000000
2017-06-15 11:02:12.987000,3.50692,3.50678,1500000,1000000
2017-06-15 11:02:13.572000,3.50692,3.50668,1000000,1000000
2017-06-15 11:02:13.623000,3.50699,3.50669,1000000,1000000
2017-06-15 11:02:13.675000,3.50699,3.50671,1000000,1000000
2017-06-15 11:02:13.976000,3.50699,3.50683,1000000,1000000
2017-06-15 11:02:14.027000,3.50702,3.50683,1500000,1000000
2017-06-15 11:02:14.078000,3.50702,3.50677,1500000,1000000
2017-06-15 11:02:14.130000,3.50702,3.50684,1500000,1000000
2017-06-15 11:02:14.435000,3.50701,3.50674,1000000,1000000
2017-06-15 11:02:15.031000,3.50701,3.50673,1000000,1500000
2017-06-15 11:02:15.204000,3.50701,3.50685,1000000,1000000
2017-06-15 11:02:15.914000,3.50701,3.50681,1000000,1000000
2017-06-15 11:02:16.070000,3.50701,3.5069,1000000,1000000
2017-06-15 11:02:16.231000,3.50714,3.50702,1000000,1000000
2017-06-15 11:02:16.292000,3.50716,3.50704,1000000,1000000
2017-06-15 11:02:16.343000,3.50725,3.50704,1000000,1000000
2017-06-15 11:02:16.444000,3.50729,3.50705,1500000,1000000
2017-06-15 11:02:16.803000,3.50729,3.5071,1500000,1000000
2017-06-15 11:02:16.955000,3.50742,3.50722,1000000,1000000
2017-06-15 11:02:17.057000,3.50746,3.50722,1000000,1000000
2017-06-15 11:02:17.529000,3.50746,3.5072,1000000,1000000
2017-06-15 11:02:18.074000,3.50746,3.50719,1000000,1000000
2017-06-15 11:02:18.787000,3.50746,3.50722,1000000,1000000
2017-06-15 11:02:18.939000,3.50756,3.50728,1000000,1000000
2017-06-15 11:02:18.991000,3.50756,3.50733,1000000,1000000
2017-06-15 11:02:19.042000,3.5076,3.50736,1500000,1000000
2017-06-15 11:02:19.093000,3.5076,3.50733,1500000,1000000
2017-06-15 11:02:19.144000,3.5076,3.50731,1500000,1000000
2017-06-15 11:02:19.369000,3.5076,3.50735,1500000,1000000
2017-06-15 11:02:19.420000,3.50762,3.50735,1000000,1000000
2017-06-15 11:02:20.016000,3.50762,3.50736,1000000,1000000
2017-06-15 11:02:20.067000,3.5077,3.5076,1000000,1000000
2017-06-15 11:02:20.118000,3.50778,3.50758,4750000,1000000
2017-06-15 11:02:20.169000,3.5082,3.50772,4120000,1000000
2017-06-15 11:02:20.220000,3.50805,3.50777,1000000,1000000
2017-06-15 11:02:20.528000,3.50802,3.50778,1000000,1000000
2017-06-15 11:02:21.984000,3.50801,3.50778,1000000,1000000
2017-06-15 11:02:22.289000,3.508,3.50788,1000000,1000000
2017-06-15 11:02:22.441000,3.50802,3.50775,1000000,1000000
2017-06-15 11:02:22.637000,3.50805,3.50779,1000000,1000000
2017-06-15 11:02:23.157000,3.50802,3.50779,1000000,1000000
2017-06-15 11:02:23.309000,3.50801,3.50775,1000000,1000000
2017-06-15 11:02:23.360000,3.508,3.5077,1000000,1000000
2017-06-15 11:02:24.630000,3.50806,3.50793,4750000,1000000
2017-06-15 11:02:24.731000,3.50813,3.508,1500000,1000000
2017-06-15 11:02:24.833000,3.50826,3.508,1500000,1000000
2017-06-15 11:02:24.884000,3.50826,3.50807,1500000,1000000
2017-06-15 11:02:24.935000,3.50832,3.50802,1000000,1000000
2017-06-15 11:02:24.986000,3.50832,3.50809,1000000,1000000
2017-06-15 11:02:25.037000,3.50839,3.50809,1500000,1500000
2017-06-15 11:02:25.356000,3.50836,3.50806,1500000,1500000
2017-06-15 11:02:26.130000,3.50834,3.50806,1000000,1000000
2017-06-15 11:02:26.480000,3.50832,3.50806,1000000,1000000
2017-06-15 11:02:26.633000,3.50832,3.50804,1000000,1000000
2017-06-15 11:02:26.786000,3.50829,3.50801,1000000,1000000
2017-06-15 11:02:26.938000,3.50839,3.50809,1000000,1000000
2017-06-15 11:02:26.990000,3.50833,3.50809,1000000,1000000
2017-06-15 11:02:27.153000,3.50833,3.50803,1500000,1500000
2017-06-15 11:02:27.998000,3.50833,3.50808,1500000,1000000
2017-06-15 11:02:28.049000,3.50833,3.50806,1500000,1000000
2017-06-15 11:02:28.322000,3.50833,3.50803,1500000,1500000
2017-06-15 11:02:29.479000,3.50833,3.50804,1500000,1000000
2017-06-15 11:02:29.940000,3.50829,3.50803,1000000,1000000
2017-06-15 11:02:29.991000,3.50829,3.50799,1500000,1500000
2017-06-15 11:02:30.093000,3.50824,3.50799,1000000,1000000
2017-06-15 11:02:30.145000,3.50824,3.50794,1000000,1000000
2017-06-15 11:02:30.196000,3.50826,3.50798,1000000,1000000
2017-06-15 11:02:30.300000,3.50824,3.50794,1000000,1000000
2017-06-15 11:02:30.452000,3.50819,3.50793,1000000,1000000
2017-06-15 11:02:30.504000,3.50819,3.50791,1000000,1000000
2017-06-15 11:02:31.705000,3.50823,3.50795,1000000,1000000
2017-06-15 11:02:33.082000,3.50823,3.50796,1000000,1000000
2017-06-15 11:02:33.144000,3.50827,3.50797,1000000,1000000
2017-06-15 11:02:33.799000,3.50828,3.508,1000000,1000000
2017-06-15 11:02:33.856000,3.5083,3.508,1500000,1500000
2017-06-15 11:02:34.183000,3.5083,3.50803,1000000,1000000
2017-06-15 11:02:34.234000,3.50833,3.50803,1500000,1500000
2017-06-15 11:02:34.585000,3.50835,3.50807,1000000,1000000
2017-06-15 11:02:35.223000,3.50835,3.50807,1000000,1370000
2017-06-15 11:02:35.862000,3.50835,3.50807,1000000,1000000
2017-06-15 11:02:36.928000,3.50833,3.50803,1000000,1000000
2017-06-15 11:02:36.980000,3.50828,3.50802,1000000,1000000
2017-06-15 11:02:37.031000,3.50828,3.508,1000000,1000000
2017-06-15 11:02:37.298000,3.50826,3.50799,1000000,1500000
2017-06-15 11:02:37.349000,3.50826,3.50796,1500000,1500000
2017-06-15 11:02:37.400000,3.50826,3.50799,1000000,1000000
2017-06-15 11:02:37.451000,3.50829,3.50799,1000000,1000000
2017-06-15 11:02:38.102000,3.50828,3.508,1000000,1000000
2017-06-15 11:02:39.201000,3.50826,3.50798,1000000,1000000
2017-06-15 11:02:39.252000,3.50826,3.50796,1500000,1500000
2017-06-15 11:02:39.506000,3.50826,3.50799,1000000,1000000
2017-06-15 11:02:39.557000,3.50829,3.50799,1500000,1500000
2017-06-15 11:02:40.383000,3.50825,3.50799,1000000,1000000
2017-06-15 11:02:40.434000,3.50825,3.50797,1000000,1000000
2017-06-15 11:02:40.928000,3.50822,3.50794,1000000,1000000
2017-06-15 11:02:41.030000,3.5082,3.5079,1500000,1500000
2017-06-15 11:02:41.131000,3.50818,3.50788,1500000,1500000
2017-06-15 11:02:41.437000,3.50812,3.50784,1000000,1000000
2017-06-15 11:02:41.779000,3.50799,3.50766,1000000,1000000
2017-06-15 11:02:41.831000,3.50799,3.50722,1000000,1000000
2017-06-15 11:02:41.932000,3.50788,3.50722,1500000,1000000
2017-06-15 11:02:42.319000,3.50784,3.50714,1000000,1000000
2017-06-15 11:02:42.421000,3.50763,3.50735,1000000,1000000
2017-06-15 11:02:42.769000,3.50753,3.50723,1000000,1000000
2017-06-15 11:02:42.921000,3.50749,3.50722,1000000,1000000
2017-06-15 11:02:43.023000,3.5075,3.5072,1000000,1000000
2017-06-15 11:02:43.074000,3.50753,3.50694,1000000,1000000
2017-06-15 11:02:43.125000,3.50747,3.50693,1000000,1000000
2017-06-15 11:02:43.177000,3.50747,3.50688,1000000,1000000
2017-06-15 11:02:43.228000,3.50746,3.50698,1000000,1000000
2017-06-15 11:02:43.537000,3.50717,3.50689,1000000,1000000
2017-06-15 11:02:43.892000,3.50714,3.50688,1000000,1000000
2017-06-15 11:02:43.943000,3.50714,3.50686,1000000,1000000
2017-06-15 11:02:44.504000,3.50712,3.50685,1000000,1000000
2017-06-15 11:02:44.554000,3.50712,3.50682,1500000,1500000
2017-06-15 11:02:45.138000,3.50725,3.50697,1000000,1000000
2017-06-15 11:02:45.442000,3.5073,3.50702,1000000,1000000
2017-06-15 11:02:46.533000,3.5073,3.50702,1000000,1750000
2017-06-15 11:02:47.104000,3.5073,3.50702,1000000,1000000
2017-06-15 11:02:49.714000,3.50732,3.50706,1000000,1000000
2017-06-15 11:02:49.766000,3.50736,3.50706,1500000,1500000
2017-06-15 11:02:50.328000,3.5073,3.50706,1000000,1000000
2017-06-15 11:02:50.379000,3.5073,3.50702,1000000,1000000
2017-06-15 11:02:50.639000,3.50717,3.50701,1000000,1000000
2017-06-15 11:02:50.690000,3.50717,3.50687,1000000,1000000
2017-06-15 11:02:50.742000,3.50714,3.50686,1000000,1000000
2017-06-15 11:02:50.793000,3.50714,3.50684,1000000,1000000
2017-06-15 11:02:50.845000,3.50709,3.50679,1000000,1000000
2017-06-15 11:02:52.283000,3.50706,3.50679,1000000,1000000
2017-06-15 11:02:52.385000,3.50702,3.50672,1000000,1000000
2017-06-15 11:02:53.046000,3.50702,3.50676,1000000,1000000
2017-06-15 11:02:53.148000,3.50708,3.50678,1000000,1000000
2017-06-15 11:02:53.280000,3.50708,3.50688,1000000,1000000
2017-06-15 11:02:53.382000,3.50695,3.50667,1000000,1000000
2017-06-15 11:02:53.433000,3.50689,3.50665,1000000,1000000
2017-06-15 11:02:53.484000,3.50689,3.50661,1000000,1000000
2017-06-15 11:02:53.637000,3.50676,3.5066,1000000,1000000
2017-06-15 11:02:53.688000,3.50676,3.50648,1000000,1000000
2017-06-15 11:02:53.739000,3.50667,3.50647,1000000,1000000
2017-06-15 11:02:53.790000,3.50667,3.50637,1500000,1500000
2017-06-15 11:02:53.842000,3.50654,3.50637,1000000,1000000
2017-06-15 11:02:53.893000,3.50654,3.50624,1500000,1500000
2017-06-15 11:02:53.944000,3.50648,3.50624,1000000,1000000
2017-06-15 11:02:53.995000,3.50648,3.5062,1000000,1000000
2017-06-15 11:02:54.047000,3.50649,3.50622,1000000,1000000
2017-06-15 11:02:54.098000,3.50652,3.50622,1000000,1000000
2017-06-15 11:02:56.892000,3.50644,3.50622,1000000,1000000
2017-06-15 11:02:57.288000,3.50638,3.50622,1000000,1000000
2017-06-15 11:02:57.764000,3.50636,3.50622,1000000,1000000
2017-06-15 11:02:58.363000,3.50635,3.50625,1000000,1500000
2017-06-15 11:02:58.579000,3.50645,3.50625,1000000,1500000
2017-06-15 11:02:59.389000,3.50647,3.50628,1000000,1000000
2017-06-15 11:03:00.323000,3.50649,3.50628,1000000,1000000
2017-06-15 11:03:00.425000,3.50643,3.50627,1000000,1000000
2017-06-15 11:03:00.476000,3.50643,3.50613,1500000,1500000
2017-06-15 11:03:00.528000,3.50643,3.50626,1000000,1000000
2017-06-15 11:03:00.773000,3.50642,3.50619,1000000,1000000
2017-06-15 11:03:00.926000,3.50642,3.50622,1000000,1000000
2017-06-15 11:03:01.253000,3.50643,3.50627,1000000,1000000
2017-06-15 11:03:01.304000,3.50648,3.50627,1000000,1000000
2017-06-15 11:03:01.938000,3.50651,3.50627,1000000,1000000
2017-06-15 11:03:02.040000,3.50651,3.50631,1000000,1000000
2017-06-15 11:03:02.378000,3.5064,3.50631,1000000,1000000
2017-06-15 11:03:02.563000,3.50645,3.50631,1000000,1000000
2017-06-15 11:03:02.884000,3.5064,3.50631,1000000,1000000
2017-06-15 11:03:03.260000,3.50636,3.50631,1000000,1000000
2017-06-15 11:03:03.311000,3.50646,3.50631,1000000,1000000
2017-06-15 11:03:03.464000,3.50646,3.50629,1000000,1000000
2017-06-15 11:03:03.572000,3.50646,3.50626,1000000,1000000
2017-06-15 11:03:03.624000,3.50646,3.50623,1000000,1000000
2017-06-15 11:03:05.581000,3.5064,3.50623,1000000,1000000
2017-06-15 11:03:05.897000,3.50646,3.50623,1000000,1000000
2017-06-15 11:03:06.509000,3.5064,3.50623,1000000,1000000
2017-06-15 11:03:06.814000,3.50637,3.50623,1000000,1000000
2017-06-15 11:03:07.138000,3.50635,3.50626,1000000,1000000
2017-06-15 11:03:07.778000,3.50648,3.50626,1000000,9000000
2017-06-15 11:03:07.982000,3.50648,3.50629,1000000,1000000
2017-06-15 11:03:08.185000,3.50646,3.50629,1000000,1000000
2017-06-15 11:03:08.507000,3.50649,3.50629,1000000,1000000
2017-06-15 11:03:08.694000,3.50641,3.50629,1000000,1000000
2017-06-15 11:03:09.003000,3.50637,3.50629,1000000,1000000
2017-06-15 11:03:09.353000,3.50635,3.50629,1000000,4500000
2017-06-15 11:03:09.708000,3.50641,3.50619,1000000,1000000
2017-06-15 11:03:09.927000,3.50636,3.50619,1000000,1000000
2017-06-15 11:03:10.259000,3.50634,3.50619,1000000,1000000
2017-06-15 11:03:10.406000,3.50639,3.50619,1000000,1000000
2017-06-15 11:03:10.457000,3.50639,3.50617,1000000,1000000
2017-06-15 11:03:10.509000,3.50639,3.50613,1000000,1500000
2017-06-15 11:03:10.560000,3.50636,3.50613,1000000,1000000
2017-06-15 11:03:10.611000,3.50636,3.50606,1000000,1000000
2017-06-15 11:03:10.713000,3.50633,3.50606,1000000,1000000
2017-06-15 11:03:12.581000,3.50633,3.50605,1500000,1000000
2017-06-15 11:03:12.632000,3.50633,3.50603,1500000,1000000
2017-06-15 11:03:13.487000,3.50631,3.50603,1000000,1000000
2017-06-15 11:03:13.639000,3.50629,3.50599,1500000,1500000
2017-06-15 11:03:13.690000,3.50626,3.50599,1000000,1000000
2017-06-15 11:03:13.741000,3.50626,3.50596,1000000,1000000
2017-06-15 11:03:16.177000,3.5062,3.50595,1000000,1000000
2017-06-15 11:03:16.228000,3.5062,3.5059,1000000,1000000
2017-06-15 11:03:16.279000,3.50621,3.50594,1000000,1000000
2017-06-15 11:03:16.583000,3.50612,3.50587,1000000,1000000
2017-06-15 11:03:16.634000,3.50611,3.50582,1000000,1500000
2017-06-15 11:03:16.685000,3.50587,3.5058,1000000,1000000
2017-06-15 11:03:16.738000,3.50587,3.50578,1000000,1000000
2017-06-15 11:03:16.789000,3.5058,3.5057,1000000,3250000
2017-06-15 11:03:16.842000,3.50579,3.50563,1000000,4750000
2017-06-15 11:03:16.893000,3.50575,3.50557,1000000,4750000
2017-06-15 11:03:16.944000,3.5057,3.50551,1000000,4750000
2017-06-15 11:03:16.995000,3.50546,3.50528,1000000,3750000
2017-06-15 11:03:17.147000,3.50546,3.50519,1000000,1000000
2017-06-15 11:03:17.198000,3.50544,3.50518,1000000,1000000
2017-06-15 11:03:17.250000,3.50544,3.50516,1000000,1000000
2017-06-15 11:03:17.684000,3.50543,3.50518,1000000,1000000
2017-06-15 11:03:17.989000,3.50539,3.50525,1000000,1000000
2017-06-15 11:03:18.040000,3.50539,3.50518,1000000,1000000
2017-06-15 11:03:18.092000,3.50544,3.50518,1000000,1000000
2017-06-15 11:03:18.942000,3.50534,3.50518,1000000,1000000
2017-06-15 11:03:19.043000,3.50534,3.50514,1000000,1000000
2017-06-15 11:03:19.196000,3.5054,3.50517,1000000,1000000
2017-06-15 11:03:19.715000,3.50538,3.50517,1000000,1000000
2017-06-15 11:03:19.919000,3.50534,3.50511,1000000,1000000
2017-06-15 11:03:20.729000,3.50537,3.50517,1000000,1000000
2017-06-15 11:03:21.033000,3.50541,3.50517,1000000,1370000
2017-06-15 11:03:21.338000,3.50536,3.50521,1000000,1370000
2017-06-15 11:03:21.869000,3.50536,3.50521,1000000,1000000
2017-06-15 11:03:22.125000,3.50536,3.50518,1000000,1000000
2017-06-15 11:03:22.228000,3.50542,3.50518,1000000,1000000
2017-06-15 11:03:23.120000,3.50542,3.50517,1000000,1000000
2017-06-15 11:03:23.171000,3.50542,3.50515,1000000,1000000
2017-06-15 11:03:23.636000,3.50532,3.50511,1000000,1000000
2017-06-15 11:03:23.738000,3.50532,3.50504,1000000,1000000
2017-06-15 11:03:23.951000,3.50516,3.50488,1000000,1000000
2017-06-15 11:03:24.262000,3.50494,3.50469,1000000,1500000
2017-06-15 11:03:24.363000,3.50486,3.50458,1000000,1000000
2017-06-15 11:03:24.515000,3.50482,3.50456,1000000,1000000
2017-06-15 11:03:24.567000,3.50482,3.50452,1500000,1500000
2017-06-15 11:03:24.877000,3.50478,3.50452,1000000,1500000
2017-06-15 11:03:25.182000,3.50444,3.50431,1000000,3250000
2017-06-15 11:03:25.233000,3.50432,3.50406,1000000,1000000
2017-06-15 11:03:25.284000,3.50432,3.50388,1000000,1500000
2017-06-15 11:03:25.335000,3.50432,3.50417,1000000,1000000
2017-06-15 11:03:25.437000,3.50432,3.50408,1000000,1500000
2017-06-15 11:03:25.538000,3.50416,3.50403,1000000,1000000
2017-06-15 11:03:25.755000,3.50416,3.50392,1000000,1000000
2017-06-15 11:03:25.857000,3.50416,3.50389,1000000,1000000
2017-06-15 11:03:25.908000,3.50414,3.50388,1000000,1000000
2017-06-15 11:03:25.959000,3.50414,3.50386,1000000,1000000
2017-06-15 11:03:26.111000,3.50401,3.50386,1000000,1000000
2017-06-15 11:03:26.365000,3.50401,3.50383,1000000,1000000
2017-06-15 11:03:26.417000,3.50394,3.50381,1000000,1000000
2017-06-15 11:03:27.023000,3.50394,3.5038,1000000,1000000
2017-06-15 11:03:27.227000,3.50397,3.5038,1000000,1000000
2017-06-15 11:03:27.632000,3.50392,3.50382,1000000,1000000
2017-06-15 11:03:27.943000,3.50399,3.50381,1000000,1000000
2017-06-15 11:03:27.994000,3.50393,3.50381,1000000,1000000
2017-06-15 11:03:28.045000,3.50399,3.50381,1000000,1000000
2017-06-15 11:03:28.147000,3.50393,3.50364,1000000,1120000
2017-06-15 11:03:28.300000,3.50398,3.5037,1500000,2250000
2017-06-15 11:03:28.351000,3.50406,3.50376,1500000,2250000
2017-06-15 11:03:28.883000,3.50407,3.50389,1000000,1370000
2017-06-15 11:03:29.440000,3.50408,3.50383,1000000,1750000
2017-06-15 11:03:29.802000,3.50408,3.50383,1000000,1750000
2017-06-15 11:03:29.954000,3.50411,3.5039,1000000,1750000
2017-06-15 11:03:30.157000,3.50414,3.50391,1000000,1750000
2017-06-15 11:03:30.360000,3.50414,3.50392,1000000,1750000
2017-06-15 11:03:30.412000,3.50418,3.50392,1000000,1750000
2017-06-15 11:03:30.463000,3.50418,3.50395,1000000,1750000
2017-06-15 11:03:30.617000,3.50428,3.50402,1000000,1750000
2017-06-15 11:03:31.819000,3.50414,3.50402,1000000,1750000
2017-06-15 11:03:31.921000,3.50396,3.50368,1000000,2250000
2017-06-15 11:03:31.972000,3.50394,3.50368,1000000,1750000
2017-06-15 11:03:32.023000,3.50393,3.50365,1000000,1750000
2017-06-15 11:03:32.125000,3.50379,3.50361,1000000,1750000
2017-06-15 11:03:32.226000,3.50379,3.50356,1000000,1750000
2017-06-15 11:03:32.925000,3.50378,3.50348,1000000,1750000
2017-06-15 11:03:33.078000,3.50374,3.50348,1000000,1750000
2017-06-15 11:03:35.623000,3.50374,3.50349,1000000,1370000
2017-06-15 11:03:35.724000,3.50377,3.50349,1000000,1870000
2017-06-15 11:03:36.885000,3.50375,3.50349,1000000,1370000
2017-06-15 11:03:37.392000,3.50375,3.50345,1500000,1870000
2017-06-15 11:03:40.695000,3.50375,3.50345,1500000,2250000
2017-06-15 11:03:41.025000,3.50378,3.5035,1000000,1750000
2017-06-15 11:03:41.178000,3.5038,3.50352,1000000,1500000
2017-06-15 11:03:41.330000,3.5038,3.50364,1000000,1000000
2017-06-15 11:03:41.584000,3.5041,3.50381,1000000,1750000
2017-06-15 11:03:43.089000,3.50406,3.5038,1000000,1750000
2017-06-15 11:03:43.140000,3.50406,3.5038,1000000,1000000
2017-06-15 11:03:43.191000,3.50396,3.50377,1000000,1000000
2017-06-15 11:03:43.495000,3.50386,3.50367,1000000,1370000
2017-06-15 11:03:44.212000,3.50386,3.50364,1000000,1370000
2017-06-15 11:03:44.364000,3.50389,3.50367,1000000,1000000
2017-06-15 11:03:44.466000,3.50393,3.50368,1500000,1870000
2017-06-15 11:03:44.568000,3.50395,3.50368,1000000,1870000
2017-06-15 11:03:46.328000,3.50394,3.50367,1000000,2250000
2017-06-15 11:03:46.834000,3.50393,3.50367,1000000,1500000
2017-06-15 11:03:46.982000,3.50393,3.50364,1000000,1370000
2017-06-15 11:03:48.893000,3.50391,3.50364,1000000,1370000
2017-06-15 11:03:49.074000,3.5039,3.5036,1000000,1120000
2017-06-15 11:03:49.125000,3.5038,3.5036,1000000,1120000
2017-06-15 11:03:49.176000,3.5038,3.50354,1500000,1370000
2017-06-15 11:03:50.412000,3.5038,3.50361,1000000,1000000
2017-06-15 11:03:50.463000,3.50386,3.50361,1000000,1000000
2017-06-15 11:03:50.565000,3.50386,3.5037,1000000,1000000
2017-06-15 11:03:50.768000,3.504,3.50379,1000000,1000000
2017-06-15 11:03:50.921000,3.50397,3.50379,1000000,1000000
2017-06-15 11:03:51.124000,3.50385,3.5036,1000000,1000000
2017-06-15 11:03:51.277000,3.50383,3.50356,1000000,1000000
2017-06-15 11:03:51.568000,3.50378,3.50356,1000000,1000000
2017-06-15 11:03:52.319000,3.50378,3.50357,1000000,1000000
2017-06-15 11:03:52.471000,3.50383,3.50357,1000000,1500000
2017-06-15 11:03:52.522000,3.50383,3.50361,1000000,1000000
2017-06-15 11:03:52.573000,3.50387,3.50361,1000000,1000000
2017-06-15 11:03:52.726000,3.50389,3.50362,1000000,1000000
2017-06-15 11:03:52.828000,3.50387,3.50362,1000000,1000000
2017-06-15 11:03:53.571000,3.50388,3.50371,1000000,1000000
2017-06-15 11:03:53.724000,3.50407,3.50379,1000000,1000000
2017-06-15 11:03:53.927000,3.50396,3.50379,1000000,1000000
2017-06-15 11:03:54.028000,3.50388,3.50365,1000000,1000000
2017-06-15 11:03:54.190000,3.50387,3.50359,1000000,1000000
2017-06-15 11:03:54.803000,3.50387,3.50361,1000000,1000000
2017-06-15 11:03:56.351000,3.50387,3.50363,1000000,1000000
2017-06-15 11:03:57.647000,3.50387,3.50364,1000000,1000000
2017-06-15 11:03:57.698000,3.50392,3.50364,1500000,1000000
2017-06-15 11:03:57.800000,3.50395,3.50365,1500000,1500000
2017-06-15 11:04:00.063000,3.50395,3.50381,1500000,1000000
2017-06-15 11:04:00.367000,3.50389,3.50375,1000000,1000000
2017-06-15 11:04:00.419000,3.50421,3.50391,1500000,1500000
2017-06-15 11:04:00.521000,3.50405,3.50377,1000000,1000000
2017-06-15 11:04:00.674000,3.50397,3.50367,1000000,1000000
2017-06-15 11:04:00.726000,3.50387,3.50367,1000000,1000000
2017-06-15 11:04:00.829000,3.50375,3.50353,1000000,1000000
2017-06-15 11:04:00.954000,3.50377,3.50353,1000000,1000000
2017-06-15 11:04:01.107000,3.50376,3.50355,1000000,1000000
2017-06-15 11:04:01.260000,3.50379,3.50354,1000000,1000000
2017-06-15 11:04:01.524000,3.50379,3.50356,1000000,1000000
2017-06-15 11:04:01.728000,3.50386,3.50361,1000000,1000000
2017-06-15 11:04:02.015000,3.50388,3.50361,1000000,1500000
2017-06-15 11:04:02.068000,3.50394,3.50371,1000000,1000000
2017-06-15 11:04:02.172000,3.50418,3.50395,1000000,1000000
2017-06-15 11:04:02.223000,3.50424,3.50398,1000000,1000000
2017-06-15 11:04:02.274000,3.50424,3.50404,1000000,1000000
2017-06-15 11:04:02.427000,3.50438,3.5041,1000000,1000000
2017-06-15 11:04:03.145000,3.50442,3.50413,1000000,1000000
2017-06-15 11:04:03.452000,3.50433,3.50405,1000000,1000000
2017-06-15 11:04:03.655000,3.50415,3.50385,1000000,1000000
2017-06-15 11:04:03.706000,3.50407,3.50384,1000000,1000000
2017-06-15 11:04:03.758000,3.50407,3.50379,1000000,1000000
2017-06-15 11:04:04.407000,3.50405,3.50378,1000000,1000000
2017-06-15 11:04:04.459000,3.50405,3.50376,1500000,1000000
2017-06-15 11:04:04.511000,3.50405,3.50378,1000000,1000000
2017-06-15 11:04:04.562000,3.50408,3.50378,1500000,1500000
2017-06-15 11:04:04.870000,3.50408,3.50383,1500000,1000000
2017-06-15 11:04:05.129000,3.50408,3.50378,1000000,1000000
2017-06-15 11:04:05.381000,3.50408,3.5038,1000000,1000000
2017-06-15 11:04:05.686000,3.50426,3.50405,1000000,1000000
2017-06-15 11:04:05.737000,3.5043,3.50405,1500000,1000000
2017-06-15 11:04:05.940000,3.50441,3.50413,1000000,1000000
2017-06-15 11:04:06.448000,3.50441,3.50417,1000000,1000000
2017-06-15 11:04:06.600000,3.50441,3.50414,1000000,1000000
2017-06-15 11:04:06.651000,3.50445,3.50415,1000000,1370000
2017-06-15 11:04:06.854000,3.50447,3.5042,1000000,1000000
2017-06-15 11:04:06.955000,3.50451,3.50423,1000000,1000000
2017-06-15 11:04:07.660000,3.50451,3.50424,1000000,1000000
2017-06-15 11:04:08.637000,3.50435,3.50405,1000000,1370000
2017-06-15 11:04:08.942000,3.50506,3.5048,1000000,1000000
2017-06-15 11:04:09.043000,3.50516,3.50488,1000000,1000000
2017-06-15 11:04:09.145000,3.50525,3.505,1000000,1000000
2017-06-15 11:04:09.246000,3.50531,3.50503,1500000,1000000
2017-06-15 11:04:09.399000,3.50536,3.50516,4500000,1000000
2017-06-15 11:04:09.500000,3.50535,3.50517,1500000,1000000
2017-06-15 11:04:09.552000,3.50541,3.50521,1000000,1000000
2017-06-15 11:04:09.603000,3.50541,3.50515,1000000,1000000
2017-06-15 11:04:09.704000,3.50543,3.50515,1000000,1000000
2017-06-15 11:04:09.848000,3.50546,3.50518,1000000,1000000
2017-06-15 11:04:10.659000,3.50543,3.50515,1000000,1500000
2017-06-15 11:04:11.157000,3.50541,3.50511,1500000,1500000
2017-06-15 11:04:11.209000,3.50537,3.50511,1000000,1500000
2017-06-15 11:04:11.260000,3.50515,3.50487,1000000,1000000
2017-06-15 11:04:11.363000,3.50506,3.50476,1000000,1000000
2017-06-15 11:04:11.467000,3.50491,3.50471,1000000,1000000
2017-06-15 11:04:11.619000,3.50491,3.50463,1000000,1000000
2017-06-15 11:04:13.675000,3.50489,3.50463,1000000,1000000
2017-06-15 11:04:13.878000,3.50481,3.50451,1500000,1500000
2017-06-15 11:04:14.162000,3.50474,3.50451,1000000,1000000
2017-06-15 11:04:14.265000,3.50469,3.50445,1000000,1000000
2017-06-15 11:04:14.367000,3.50468,3.50443,1000000,1000000
2017-06-15 11:04:14.950000,3.50468,3.5044,1000000,1000000
2017-06-15 11:04:15.002000,3.50462,3.5044,1000000,1000000
2017-06-15 11:04:15.055000,3.50462,3.50436,1500000,1000000
2017-06-15 11:04:15.281000,3.50462,3.50433,1500000,1000000
2017-06-15 11:04:15.383000,3.50456,3.50432,1000000,1000000
2017-06-15 11:04:15.485000,3.50455,3.50427,1000000,1000000
2017-06-15 11:04:16.095000,3.50455,3.5043,1000000,1000000
2017-06-15 11:04:16.146000,3.50459,3.50432,1000000,1000000
2017-06-15 11:04:16.249000,3.50456,3.50429,1000000,1000000
2017-06-15 11:04:18.029000,3.50456,3.5043,1000000,1000000
2017-06-15 11:04:18.182000,3.50459,3.50432,1000000,1120000
2017-06-15 11:04:18.407000,3.50459,3.50436,1000000,1000000
2017-06-15 11:04:18.458000,3.50488,3.50441,1000000,1000000
2017-06-15 11:04:18.560000,3.50494,3.50443,1000000,1000000
2017-06-15 11:04:18.770000,3.50501,3.50444,1000000,1000000
2017-06-15 11:04:18.872000,3.50501,3.5046,1000000,1000000
2017-06-15 11:04:18.974000,3.50508,3.5046,1000000,1000000
2017-06-15 11:04:19.025000,3.50508,3.50463,1000000,1000000
2017-06-15 11:04:19.178000,3.5055,3.50492,1000000,1000000
2017-06-15 11:04:19.230000,3.5055,3.50496,1000000,1000000
2017-06-15 11:04:19.282000,3.50555,3.50496,1000000,1000000
2017-06-15 11:04:19.384000,3.50555,3.50499,1000000,1000000
2017-06-15 11:04:19.436000,3.50554,3.50496,1000000,1000000
2017-06-15 11:04:19.488000,3.50552,3.50494,1000000,1000000
2017-06-15 11:04:19.823000,3.50532,3.50481,1000000,1000000
2017-06-15 11:04:19.874000,3.5054,3.50484,1000000,1500000
2017-06-15 11:04:19.976000,3.5054,3.50486,1000000,1750000
2017-06-15 11:04:20.382000,3.50546,3.50491,1000000,1750000
2017-06-15 11:04:20.433000,3.50548,3.50492,1000000,1750000
2017-06-15 11:04:20.649000,3.50547,3.50509,1000000,1000000
2017-06-15 11:04:20.801000,3.50546,3.50501,1000000,1370000
2017-06-15 11:04:20.852000,3.50541,3.50501,1000000,1000000
2017-06-15 11:04:21.158000,3.50516,3.50486,1000000,1000000
2017-06-15 11:04:21.259000,3.50516,3.50478,1000000,1000000
2017-06-15 11:04:21.361000,3.50518,3.50469,1000000,1000000
2017-06-15 11:04:21.412000,3.50518,3.50469,1000000,1750000
2017-06-15 11:04:21.770000,3.5052,3.50471,1000000,2250000
2017-06-15 11:04:21.873000,3.50525,3.50471,1000000,2250000
2017-06-15 11:04:21.925000,3.50523,3.50478,1000000,1000000
2017-06-15 11:04:22.230000,3.50531,3.50478,1000000,1750000
2017-06-15 11:04:22.282000,3.50533,3.50482,1000000,1750000
2017-06-15 11:04:22.384000,3.50535,3.50482,1000000,1750000
2017-06-15 11:04:22.590000,3.50535,3.50485,1000000,1750000
2017-06-15 11:04:22.744000,3.50535,3.50485,1000000,1370000
2017-06-15 11:04:23.403000,3.50531,3.50486,1000000,1370000
2017-06-15 11:04:24.103000,3.50531,3.5049,1000000,1500000
2017-06-15 11:04:24.573000,3.50554,3.50514,1000000,1000000
2017-06-15 11:04:24.776000,3.50571,3.50517,1000000,1370000
2017-06-15 11:04:24.827000,3.50571,3.50517,1000000,1750000
2017-06-15 11:04:25.177000,3.50571,3.50532,1000000,1000000
2017-06-15 11:04:25.412000,3.50575,3.50532,1000000,1000000
2017-06-15 11:04:25.565000,3.50595,3.5054,1000000,2250000
2017-06-15 11:04:25.616000,3.50597,3.5054,1000000,2250000
2017-06-15 11:04:25.819000,3.50602,3.50543,1000000,1500000
2017-06-15 11:04:25.921000,3.50602,3.50543,1000000,1870000
2017-06-15 11:04:26.453000,3.50603,3.5055,1000000,1000000
2017-06-15 11:04:26.759000,3.50584,3.50546,1000000,1500000
2017-06-15 11:04:26.810000,3.50583,3.5054,1000000,1000000
2017-06-15 11:04:26.861000,3.5058,3.5054,1000000,1000000
2017-06-15 11:04:27.234000,3.50576,3.5054,1000000,1000000
2017-06-15 11:04:27.387000,3.50586,3.5054,1000000,1000000
2017-06-15 11:04:27.540000,3.50589,3.5054,1000000,1000000
2017-06-15 11:04:27.642000,3.50592,3.5054,1000000,1000000
2017-06-15 11:04:27.795000,3.50593,3.50542,1000000,1000000
2017-06-15 11:04:28.100000,3.50591,3.50557,1000000,1500000
2017-06-15 11:04:28.412000,3.50589,3.50557,1000000,1500000
2017-06-15 11:04:28.664000,3.50593,3.50557,1000000,1500000
2017-06-15 11:04:28.715000,3.50593,3.50546,1000000,1000000
2017-06-15 11:04:28.816000,3.50591,3.50535,1000000,1000000
2017-06-15 11:04:28.868000,3.50602,3.50541,1500000,1000000
2017-06-15 11:04:29.071000,3.50602,3.50547,1500000,1000000
2017-06-15 11:04:29.223000,3.50607,3.50546,1500000,1000000
2017-06-15 11:04:29.325000,3.50607,3.50547,1000000,1000000
2017-06-15 11:04:29.376000,3.50613,3.50552,1500000,1000000
2017-06-15 11:04:29.427000,3.50617,3.50557,1000000,1000000
2017-06-15 11:04:29.738000,3.50559,3.50532,1000000,1750000
2017-06-15 11:04:29.891000,3.50616,3.50564,1750000,1000000
2017-06-15 11:04:29.942000,3.50625,3.50574,1750000,1000000
2017-06-15 11:04:29.993000,3.50633,3.50575,1000000,1000000
2017-06-15 11:04:30.044000,3.50623,3.50574,1000000,1000000
2017-06-15 11:04:30.095000,3.50636,3.50583,1120000,1000000
2017-06-15 11:04:30.146000,3.50609,3.50564,1000000,1500000
2017-06-15 11:04:30.298000,3.50624,3.50568,1000000,1000000
2017-06-15 11:04:30.400000,3.50614,3.50568,1000000,1000000
2017-06-15 11:04:30.704000,3.50636,3.50583,1000000,1000000
2017-06-15 11:04:31.208000,3.50635,3.50583,1000000,1000000
2017-06-15 11:04:32.022000,3.50625,3.50578,1000000,1000000
2017-06-15 11:04:32.073000,3.50625,3.50573,1000000,1000000
2017-06-15 11:04:32.124000,3.50613,3.50564,1000000,1500000
2017-06-15 11:04:32.226000,3.50613,3.50558,1000000,1500000
2017-06-15 11:04:32.277000,3.50612,3.50558,1000000,1000000
2017-06-15 11:04:32.581000,3.50611,3.50552,1000000,1500000
2017-06-15 11:04:33.113000,3.50612,3.50556,1000000,1120000
2017-06-15 11:04:33.164000,3.50614,3.50555,1000000,1870000
2017-06-15 11:04:33.369000,3.50615,3.50556,1000000,1750000
2017-06-15 11:04:33.471000,3.50618,3.50559,1000000,1370000
2017-06-15 11:04:33.522000,3.50618,3.50559,1000000,1750000
2017-06-15 11:04:34.070000,3.50617,3.50558,1000000,1750000
2017-06-15 11:04:34.291000,3.50612,3.50555,1000000,1870000
2017-06-15 11:04:34.342000,3.50609,3.50557,1000000,1000000
2017-06-15 11:04:34.545000,3.50611,3.50556,1000000,1500000
2017-06-15 11:04:34.596000,3.50615,3.5056,1000000,1000000
2017-06-15 11:04:34.900000,3.50622,3.50575,1000000,1000000
2017-06-15 11:04:35.659000,3.50615,3.50575,1000000,1000000
2017-06-15 11:04:35.712000,3.50615,3.50562,1000000,1000000
2017-06-15 11:04:35.814000,3.50613,3.50562,1000000,1000000
2017-06-15 11:04:36.071000,3.50615,3.50562,1000000,1000000
2017-06-15 11:04:36.122000,3.50617,3.50562,1000000,1000000
2017-06-15 11:04:36.379000,3.5062,3.50564,1000000,1000000
2017-06-15 11:04:37.021000,3.50619,3.50563,1000000,1000000
2017-06-15 11:04:37.123000,3.50615,3.50562,1000000,1000000
2017-06-15 11:04:37.485000,3.50612,3.50562,1000000,1000000
2017-06-15 11:04:38.525000,3.50611,3.50562,1000000,1000000
2017-06-15 11:04:38.577000,3.50613,3.50562,1000000,1000000
2017-06-15 11:04:38.923000,3.50618,3.50562,1000000,1000000
2017-06-15 11:04:38.975000,3.5062,3.50562,1000000,1500000
2017-06-15 11:04:39.027000,3.50623,3.50562,1000000,1000000
2017-06-15 11:04:39.129000,3.50618,3.50571,1000000,1000000
2017-06-15 11:04:39.385000,3.50629,3.50572,1000000,1000000
2017-06-15 11:04:39.436000,3.50629,3.50572,1000000,1500000
2017-06-15 11:04:39.749000,3.5063,3.50579,1000000,1000000
2017-06-15 11:04:40.062000,3.50633,3.50579,1000000,1000000
2017-06-15 11:04:40.367000,3.5063,3.50581,1000000,1000000
2017-06-15 11:04:40.724000,3.50629,3.50576,1000000,1000000
2017-06-15 11:04:40.946000,3.50629,3.50579,1000000,1000000
2017-06-15 11:04:41.503000,3.50629,3.50578,1000000,1000000
2017-06-15 11:04:41.857000,3.50627,3.50578,1000000,1000000
2017-06-15 11:04:44.501000,3.50625,3.50578,1000000,1000000
2017-06-15 11:04:44.953000,3.50608,3.50561,1000000,1000000
2017-06-15 11:04:45.537000,3.50607,3.50561,1000000,1000000
2017-06-15 11:04:45.874000,3.50605,3.50561,1000000,1000000
2017-06-15 11:04:46.195000,3.50601,3.50561,1000000,1000000
2017-06-15 11:04:46.702000,3.50605,3.50561,1000000,1000000
2017-06-15 11:04:47.123000,3.50612,3.50561,1000000,1000000
2017-06-15 11:04:47.174000,3.50615,3.50561,1000000,1000000
2017-06-15 11:04:47.417000,3.50618,3.50561,1000000,1500000
2017-06-15 11:04:47.468000,3.50623,3.50568,1000000,1500000
2017-06-15 11:04:47.775000,3.50624,3.50574,1000000,1000000
2017-06-15 11:04:48.302000,3.50625,3.50574,1000000,1000000
2017-06-15 11:04:48.623000,3.50622,3.50577,1000000,1000000
2017-06-15 11:04:48.674000,3.50622,3.50574,1000000,1000000
2017-06-15 11:04:49.240000,3.50633,3.50574,1000000,1000000
2017-06-15 11:04:49.343000,3.50636,3.50576,1000000,1000000
2017-06-15 11:04:49.547000,3.50638,3.50578,1000000,1000000
2017-06-15 11:04:49.699000,3.50644,3.50583,1000000,1000000
2017-06-15 11:04:49.751000,3.50646,3.50586,1870000,1000000
2017-06-15 11:04:50.083000,3.50649,3.50588,1000000,1000000
2017-06-15 11:04:50.134000,3.50651,3.50591,1120000,1000000
2017-06-15 11:04:50.388000,3.50654,3.50593,1000000,1000000
2017-06-15 11:04:50.928000,3.50648,3.50593,1000000,1120000
2017-06-15 11:04:51.130000,3.50645,3.50586,1000000,1370000
2017-06-15 11:04:51.685000,3.50645,3.50586,1000000,1000000
2017-06-15 11:04:52.003000,3.50642,3.50586,1000000,1000000
2017-06-15 11:04:52.156000,3.50642,3.5058,1000000,1000000
2017-06-15 11:04:52.317000,3.5063,3.5058,1000000,1000000
2017-06-15 11:04:52.497000,3.50621,3.50558,1000000,1750000
2017-06-15 11:04:52.549000,3.50621,3.50558,1000000,1750000
2017-06-15 11:04:52.763000,3.50621,3.50558,1000000,1000000
2017-06-15 11:04:53.068000,3.50619,3.50558,1000000,1000000
2017-06-15 11:04:53.412000,3.50616,3.50556,1000000,1120000
2017-06-15 11:04:55.282000,3.50618,3.50556,1000000,1120000
2017-06-15 11:04:55.334000,3.50621,3.50559,1000000,1000000
2017-06-15 11:04:55.648000,3.50623,3.50561,1000000,1000000
2017-06-15 11:04:56.069000,3.50615,3.50556,1000000,1120000
2017-06-15 11:04:56.225000,3.50612,3.50552,1120000,1000000
2017-06-15 11:04:56.276000,3.50612,3.5055,1120000,1000000
2017-06-15 11:04:56.327000,3.50608,3.5055,1000000,1000000
2017-06-15 11:04:56.479000,3.50606,3.50544,1370000,1000000
2017-06-15 11:04:56.530000,3.50604,3.50542,1370000,2250000
2017-06-15 11:04:56.632000,3.50612,3.50552,1750000,1000000
2017-06-15 11:04:56.733000,3.50614,3.50554,1000000,1000000
2017-06-15 11:04:56.784000,3.50616,3.50556,1000000,1000000
2017-06-15 11:04:57.224000,3.50623,3.50563,1000000,1000000
2017-06-15 11:04:57.819000,3.50617,3.50558,1000000,1000000
2017-06-15 11:04:58.353000,3.50616,3.50557,1000000,1120000
2017-06-15 11:04:58.508000,3.50613,3.50551,1000000,1370000
2017-06-15 11:05:00.319000,3.50616,3.50556,1370000,1000000
2017-06-15 11:05:00.622000,3.50618,3.50559,1000000,1000000
2017-06-15 11:05:00.871000,3.50616,3.50556,1120000,1000000
2017-06-15 11:05:01.307000,3.5061,3.50556,1000000,1000000
2017-06-15 11:05:01.510000,3.50603,3.50545,1120000,1000000
2017-06-15 11:05:01.606000,3.50605,3.50547,1370000,1000000
2017-06-15 11:05:01.931000,3.5061,3.50565,1750000,1000000
2017-06-15 11:05:02.317000,3.50617,3.5056,1750000,1000000
2017-06-15 11:05:02.470000,3.50617,3.50558,1750000,1000000
2017-06-15 11:05:02.622000,3.50616,3.50554,1750000,1000000
2017-06-15 11:05:03.414000,3.50614,3.50554,2250000,1000000
2017-06-15 11:05:15.035000,3.50615,3.50575,1750000,1000000
2017-06-15 11:05:15.086000,3.50626,3.50565,1000000,1000000
2017-06-15 11:05:15.212000,3.50627,3.50603,1000000,1000000
2017-06-15 11:05:15.263000,3.50634,3.50603,1000000,1000000
2017-06-15 11:05:15.315000,3.50634,3.50612,1000000,1000000
2017-06-15 11:05:15.366000,3.50657,3.50616,1000000,1000000
2017-06-15 11:05:15.417000,3.50657,3.50621,1000000,1000000
2017-06-15 11:05:15.468000,3.50665,3.5062,1370000,1000000
2017-06-15 11:05:15.519000,3.50665,3.5062,1000000,1000000
2017-06-15 11:05:16.226000,3.50665,3.50621,1000000,1000000
2017-06-15 11:05:16.278000,3.5067,3.50624,1370000,1000000
2017-06-15 11:05:16.430000,3.50675,3.50624,1370000,1000000
2017-06-15 11:05:16.527000,3.50675,3.50627,1370000,1000000
2017-06-15 11:05:16.832000,3.5068,3.50635,1000000,1000000
2017-06-15 11:05:16.883000,3.50689,3.50635,1370000,1000000
2017-06-15 11:05:16.934000,3.50689,3.50637,1000000,1000000
2017-06-15 11:05:17.239000,3.50689,3.50643,1000000,1000000
2017-06-15 11:05:17.290000,3.50695,3.50643,1000000,1000000
2017-06-15 11:05:17.986000,3.50695,3.50646,1000000,1000000
2017-06-15 11:05:18.297000,3.507,3.50646,1000000,1000000
2017-06-15 11:05:18.348000,3.507,3.5065,1000000,1000000
2017-06-15 11:05:18.652000,3.50703,3.50654,1000000,1000000
2017-06-15 11:05:19.286000,3.507,3.50666,1000000,1000000
2017-06-15 11:05:19.337000,3.50711,3.50669,1500000,1000000
2017-06-15 11:05:19.389000,3.50711,3.50685,1000000,1000000
2017-06-15 11:05:19.541000,3.50714,3.50679,1000000,1000000
2017-06-15 11:05:19.592000,3.50713,3.50676,1000000,1000000
2017-06-15 11:05:19.644000,3.50713,3.5067,1000000,1000000
2017-06-15 11:05:19.695000,3.50711,3.50668,1000000,1000000
2017-06-15 11:05:20.227000,3.50711,3.50669,1000000,1000000
2017-06-15 11:05:20.517000,3.50713,3.50669,1000000,1000000
2017-06-15 11:05:20.871000,3.50713,3.50664,1000000,1000000
2017-06-15 11:05:21.275000,3.50713,3.50662,1000000,1000000
2017-06-15 11:05:21.377000,3.50714,3.50665,1000000,1000000
2017-06-15 11:05:21.813000,3.50718,3.50674,1000000,1000000
2017-06-15 11:05:22.117000,3.50733,3.50688,1000000,1000000
2017-06-15 11:05:22.491000,3.50739,3.50687,1000000,1000000
2017-06-15 11:05:23.022000,3.50739,3.50688,1000000,1000000
2017-06-15 11:05:23.587000,3.50744,3.50688,1000000,1000000
2017-06-15 11:05:24.135000,3.50744,3.50691,1000000,1000000
2017-06-15 11:05:24.439000,3.50744,3.50693,1000000,1000000
2017-06-15 11:05:24.743000,3.50749,3.50693,1000000,1000000
2017-06-15 11:05:24.894000,3.50749,3.507,1000000,1000000
2017-06-15 11:05:25.400000,3.50749,3.50699,1000000,1000000
2017-06-15 11:05:25.866000,3.50749,3.50692,1000000,1370000
2017-06-15 11:05:26.323000,3.50749,3.50691,1000000,1000000
2017-06-15 11:05:26.374000,3.50749,3.50696,1000000,1000000
2017-06-15 11:05:27.086000,3.50749,3.50697,1000000,1000000
2017-06-15 11:05:27.624000,3.50749,3.50692,1370000,1000000
2017-06-15 11:05:27.675000,3.50749,3.50689,1370000,1000000
2017-06-15 11:05:27.961000,3.50749,3.50689,1750000,1000000
2017-06-15 11:05:32.388000,3.50746,3.50687,3000000,1000000
2017-06-15 11:05:33.909000,3.50746,3.50689,3000000,1000000
2017-06-15 11:05:34.290000,3.50746,3.50693,1500000,1000000
2017-06-15 11:05:34.544000,3.50751,3.50695,1870000,1000000
2017-06-15 11:05:34.595000,3.50751,3.50698,1870000,1000000
2017-06-15 11:05:35.121000,3.50751,3.50698,1000000,1000000
2017-06-15 11:05:35.781000,3.50751,3.50697,1000000,1000000
2017-06-15 11:05:36.873000,3.50751,3.507,1000000,1000000
2017-06-15 11:05:38.213000,3.50751,3.50704,1000000,1000000
2017-06-15 11:05:39.764000,3.50751,3.50706,1000000,1000000
2017-06-15 11:05:39.866000,3.50751,3.50703,1000000,1000000
2017-06-15 11:05:40.120000,3.50751,3.50706,1000000,1000000
2017-06-15 11:05:40.426000,3.50752,3.5071,1000000,1000000
2017-06-15 11:05:40.477000,3.50754,3.5071,1000000,1000000
2017-06-15 11:05:40.528000,3.50758,3.50718,1000000,1000000
2017-06-15 11:05:40.833000,3.50802,3.50768,1500000,1000000
2017-06-15 11:05:40.884000,3.50802,3.50764,1000000,1000000
2017-06-15 11:05:40.935000,3.50819,3.50764,1000000,1000000
2017-06-15 11:05:41.389000,3.50819,3.50769,1000000,1000000
2017-06-15 11:05:41.519000,3.50823,3.50769,1000000,1000000
2017-06-15 11:05:41.620000,3.50823,3.50766,1000000,1000000
2017-06-15 11:05:41.824000,3.50828,3.50765,1500000,1000000
2017-06-15 11:05:41.876000,3.50828,3.50771,1500000,1000000
2017-06-15 11:05:41.979000,3.50833,3.50773,1000000,1000000
2017-06-15 11:05:42.140000,3.50833,3.5077,1000000,1000000
2017-06-15 11:05:42.398000,3.50822,3.50769,1000000,1000000
2017-06-15 11:05:42.449000,3.50815,3.5075,1000000,1000000
2017-06-15 11:05:42.959000,3.50815,3.50749,2250000,1000000
2017-06-15 11:05:43.317000,3.5081,3.50749,1000000,1000000
2017-06-15 11:05:43.469000,3.50821,3.50755,1000000,1000000
2017-06-15 11:05:43.520000,3.50823,3.50755,1000000,1000000
2017-06-15 11:05:43.661000,3.50821,3.50755,1000000,1000000
2017-06-15 11:05:43.961000,3.50823,3.50755,1000000,1000000
2017-06-15 11:05:44.220000,3.50805,3.5074,1000000,1000000
2017-06-15 11:05:44.569000,3.50806,3.50737,1000000,1000000
2017-06-15 11:05:44.620000,3.50802,3.50732,1000000,1000000
2017-06-15 11:05:44.726000,3.508,3.5073,1000000,1000000
2017-06-15 11:05:45.031000,3.50791,3.50733,1000000,1000000
2017-06-15 11:05:45.133000,3.50786,3.50723,1000000,1000000
2017-06-15 11:05:45.285000,3.50784,3.5072,1000000,1000000
2017-06-15 11:05:45.336000,3.5078,3.5072,1000000,1000000
2017-06-15 11:05:45.661000,3.50778,3.5072,1000000,1000000
2017-06-15 11:05:45.769000,3.50778,3.50712,1000000,1000000
2017-06-15 11:05:45.870000,3.50775,3.50712,1000000,1000000
2017-06-15 11:05:46.175000,3.50773,3.50712,1000000,1000000
2017-06-15 11:05:46.582000,3.50775,3.50714,1000000,1000000
2017-06-15 11:05:46.634000,3.50777,3.50713,1000000,1000000
2017-06-15 11:05:46.840000,3.50779,3.50713,1120000,1000000
2017-06-15 11:05:46.892000,3.50781,3.50717,1000000,1000000
2017-06-15 11:05:47.142000,3.50786,3.5072,1000000,1000000
2017-06-15 11:05:47.396000,3.5079,3.50722,1370000,1000000
2017-06-15 11:05:47.864000,3.50782,3.50722,1000000,1500000
2017-06-15 11:05:47.966000,3.50779,3.50717,1000000,1500000
2017-06-15 11:05:48.239000,3.50774,3.50717,1000000,1000000
2017-06-15 11:05:48.391000,3.50773,3.50711,1000000,1000000
2017-06-15 11:05:48.645000,3.50773,3.50711,1370000,1000000
2017-06-15 11:05:48.965000,3.50764,3.50703,1500000,1000000
2017-06-15 11:05:49.282000,3.50761,3.50697,1750000,1000000
2017-06-15 11:05:49.828000,3.50752,3.50696,1000000,1500000
2017-06-15 11:05:49.980000,3.50747,3.50686,1370000,1000000
2017-06-15 11:05:50.082000,3.50745,3.50677,1500000,1500000
2017-06-15 11:05:50.134000,3.50746,3.50683,1750000,1000000
2017-06-15 11:05:50.454000,3.50746,3.50685,1750000,1000000
2017-06-15 11:05:50.505000,3.50749,3.50685,1370000,1000000
2017-06-15 11:05:50.556000,3.50751,3.50693,2250000,1000000
2017-06-15 11:05:50.607000,3.50756,3.50694,1000000,1000000
2017-06-15 11:05:51.073000,3.50756,3.50685,1000000,1500000
2017-06-15 11:05:51.124000,3.50753,3.50685,1000000,1000000
2017-06-15 11:05:51.289000,3.50753,3.50683,1000000,1000000
2017-06-15 11:05:51.340000,3.50747,3.50683,1000000,1000000
2017-06-15 11:05:51.645000,3.50742,3.50678,1000000,1000000
2017-06-15 11:05:52.313000,3.5075,3.50698,1870000,1000000
2017-06-15 11:05:52.364000,3.50756,3.50698,1750000,1000000
2017-06-15 11:05:52.645000,3.50759,3.50698,1750000,1000000
2017-06-15 11:05:52.696000,3.50762,3.50698,1000000,1370000
2017-06-15 11:05:52.747000,3.50765,3.50701,1000000,1120000
2017-06-15 11:05:52.798000,3.50767,3.50701,1000000,1750000
2017-06-15 11:05:53.540000,3.50763,3.50704,1000000,1370000
2017-06-15 11:05:53.592000,3.50762,3.50704,1000000,1000000
2017-06-15 11:05:54.314000,3.5076,3.50704,1000000,1000000
2017-06-15 11:05:54.459000,3.50755,3.50695,1000000,1000000
2017-06-15 11:05:54.510000,3.50749,3.50695,1000000,1000000
2017-06-15 11:05:54.612000,3.50764,3.50702,1000000,1000000
2017-06-15 11:05:54.663000,3.50757,3.50702,1000000,1000000
2017-06-15 11:05:54.714000,3.50761,3.50702,1000000,1000000
2017-06-15 11:05:54.920000,3.50763,3.50702,1000000,2250000
2017-06-15 11:05:55.407000,3.50761,3.50702,1000000,2250000
2017-06-15 11:05:55.586000,3.50763,3.50702,1000000,2620000
2017-06-15 11:05:55.639000,3.50756,3.50702,1000000,1870000
2017-06-15 11:05:55.791000,3.50756,3.50697,1000000,1370000
2017-06-15 11:05:55.842000,3.50754,3.50697,1000000,1370000
2017-06-15 11:05:55.995000,3.50747,3.50689,1000000,1500000
2017-06-15 11:05:56.180000,3.50745,3.50689,1000000,1500000
2017-06-15 11:05:56.625000,3.50743,3.50689,1000000,1500000
2017-06-15 11:05:56.929000,3.50731,3.50689,1000000,1000000
2017-06-15 11:05:56.981000,3.50731,3.5068,1000000,1000000
2017-06-15 11:05:57.032000,3.50732,3.50676,1000000,1120000
2017-06-15 11:05:57.135000,3.50722,3.50674,1000000,1000000
2017-06-15 11:05:57.186000,3.50722,3.5067,1000000,1000000
2017-06-15 11:05:57.237000,3.50722,3.50668,1000000,1000000
2017-06-15 11:05:57.439000,3.50722,3.50665,1000000,1000000
2017-06-15 11:05:57.490000,3.50722,3.50658,1000000,1370000
2017-06-15 11:05:57.541000,3.50722,3.50665,1000000,1000000
2017-06-15 11:05:57.846000,3.50706,3.50664,1000000,1000000
2017-06-15 11:05:57.898000,3.50706,3.50644,1000000,1750000
2017-06-15 11:05:57.999000,3.50704,3.50638,1000000,2250000
2017-06-15 11:05:59.775000,3.50704,3.50638,1000000,1750000
2017-06-15 11:06:00.515000,3.50703,3.50638,1000000,1750000
2017-06-15 11:06:02.313000,3.50702,3.50637,1000000,1750000
2017-06-15 11:06:02.364000,3.5071,3.50646,1000000,1000000
2017-06-15 11:06:02.619000,3.50708,3.50646,1000000,1000000
2017-06-15 11:06:06.564000,3.50703,3.50646,1000000,1000000
2017-06-15 11:06:06.716000,3.50698,3.50638,1000000,1370000
2017-06-15 11:06:07.109000,3.50698,3.50638,1000000,1750000
2017-06-15 11:06:07.769000,3.50699,3.50638,1000000,1750000
2017-06-15 11:06:08.117000,3.50698,3.50638,1000000,1370000
2017-06-15 11:06:08.169000,3.50698,3.50644,1000000,1000000
2017-06-15 11:06:08.513000,3.50698,3.50662,1000000,1000000
2017-06-15 11:06:08.617000,3.507,3.50662,1000000,1000000
2017-06-15 11:06:08.813000,3.50703,3.50661,1000000,1000000
2017-06-15 11:06:08.864000,3.507,3.50661,1000000,1000000
2017-06-15 11:06:09.566000,3.507,3.50664,1000000,1000000
2017-06-15 11:06:10.117000,3.50699,3.50664,1000000,1000000
2017-06-15 11:06:12.081000,3.507,3.50664,1000000,1000000
2017-06-15 11:06:12.878000,3.507,3.50665,1000000,1000000
2017-06-15 11:06:13.538000,3.507,3.50664,1000000,1000000
2017-06-15 11:06:13.854000,3.507,3.50666,1000000,1000000
2017-06-15 11:06:14.323000,3.50707,3.50682,1000000,1000000
2017-06-15 11:06:14.374000,3.50715,3.50682,1500000,1000000
2017-06-15 11:06:14.780000,3.50727,3.50682,1750000,1000000
2017-06-15 11:06:14.933000,3.50727,3.50682,1000000,1000000
2017-06-15 11:06:15.347000,3.50723,3.50682,1000000,1000000
2017-06-15 11:06:15.652000,3.50728,3.50692,1000000,1000000
2017-06-15 11:06:15.956000,3.50728,3.50702,1000000,1000000
2017-06-15 11:06:16.328000,3.50733,3.50702,1000000,1000000
2017-06-15 11:06:17.352000,3.50736,3.50702,1000000,1000000
2017-06-15 11:06:17.754000,3.50736,3.507,1000000,1000000
2017-06-15 11:06:18.816000,3.50736,3.50703,1000000,1000000
2017-06-15 11:06:19.329000,3.50737,3.50702,1000000,1000000
2017-06-15 11:06:19.840000,3.50737,3.50703,1000000,1000000
2017-06-15 11:06:20.045000,3.50751,3.50712,1000000,1000000
2017-06-15 11:06:20.097000,3.50753,3.50733,1000000,1000000
2017-06-15 11:06:20.352000,3.50767,3.50734,1500000,1000000
2017-06-15 11:06:20.403000,3.50769,3.50726,1000000,1000000
