time,ask,bid,ask_volume,bid_volume
2017-08-04 12:25:00.390000,12.68948,12.68732,370,370
2017-08-04 12:25:00.810000,12.68961,12.68731,370,370
2017-08-04 12:25:00.861000,12.68949,12.68731,370,370
2017-08-04 12:25:01.840000,12.68889,12.68718,300,370
2017-08-04 12:25:01.891000,12.68859,12.68669,370,370
2017-08-04 12:25:01.992000,12.68859,12.68639,370,370
2017-08-04 12:25:02.043000,12.68859,12.68681,370,370
2017-08-04 12:25:02.144000,12.68859,12.68669,370,370
2017-08-04 12:25:02.245000,12.68859,12.68632,370,670
2017-08-04 12:25:02.346000,12.68899,12.68718,220,370
2017-08-04 12:25:02.590000,12.68919,12.68718,300,370
2017-08-04 12:25:02.931000,12.68932,12.68718,370,370
2017-08-04 12:25:02.982000,12.68949,12.68718,370,370
2017-08-04 12:25:03.200000,12.68932,12.68718,370,370
2017-08-04 12:25:03.310000,12.68948,12.68718,370,370
2017-08-04 12:25:03.590000,12.68942,12.68718,370,370
2017-08-04 12:25:03.952000,12.68931,12.68718,370,370
2017-08-04 12:25:04.003000,12.68941,12.68718,370,370
2017-08-04 12:25:04.230000,12.68949,12.68718,370,370
2017-08-04 12:25:05.026000,12.68948,12.68718,370,370
2017-08-04 12:25:05.414000,12.68948,12.68678,370,370
2017-08-04 12:25:05.515000,12.68922,12.68668,370,370
2017-08-04 12:25:06.108000,12.68948,12.68668,370,750
2017-08-04 12:25:06.437000,12.68931,12.68668,370,370
2017-08-04 12:25:06.830000,12.68948,12.68669,370,370
2017-08-04 12:25:07.202000,12.68931,12.68668,370,370
2017-08-04 12:25:07.303000,12.68948,12.68669,370,370
2017-08-04 12:25:07.498000,12.68921,12.68668,370,370
2017-08-04 12:25:07.722000,12.68949,12.68668,370,750
2017-08-04 12:25:08.100000,12.68949,12.68678,370,370
2017-08-04 12:25:08.517000,12.68932,12.68668,370,370
2017-08-04 12:25:08.821000,12.68912,12.68668,370,370
2017-08-04 12:25:09.222000,12.68902,12.68668,370,370
2017-08-04 12:25:09.632000,12.68931,12.68668,370,370
2017-08-04 12:25:09.931000,12.68902,12.68668,370,370
2017-08-04 12:25:10.433000,12.68922,12.68668,370,370
2017-08-04 12:25:10.534000,12.68891,12.68668,370,370
2017-08-04 12:25:10.646000,12.68891,12.68652,370,370
2017-08-04 12:25:10.747000,12.68892,12.68668,370,370
2017-08-04 12:25:11.130000,12.68912,12.68668,370,370
2017-08-04 12:25:11.211000,12.68922,12.68668,370,370
2017-08-04 12:25:12.150000,12.68931,12.68668,370,370
2017-08-04 12:25:12.442000,12.68902,12.68668,370,370
2017-08-04 12:25:12.678000,12.68888,12.68632,300,670
2017-08-04 12:25:12.832000,12.68892,12.68651,370,370
2017-08-04 12:25:12.933000,12.68922,12.68668,370,370
2017-08-04 12:25:12.984000,12.68919,12.68668,300,370
2017-08-04 12:25:13.085000,12.68922,12.68668,370,370
2017-08-04 12:25:13.135000,12.68881,12.68668,370,370
2017-08-04 12:25:13.439000,12.68941,12.68668,370,370
2017-08-04 12:25:13.625000,12.68902,12.68668,370,370
2017-08-04 12:25:14.231000,12.68911,12.68668,370,370
2017-08-04 12:25:14.320000,12.68901,12.68668,370,370
2017-08-04 12:25:14.626000,12.68922,12.68668,370,370
2017-08-04 12:25:14.967000,12.68931,12.68668,370,370
2017-08-04 12:25:15.251000,12.68942,12.68668,370,370
2017-08-04 12:25:15.523000,12.68912,12.68668,370,370
2017-08-04 12:25:15.954000,12.68901,12.68668,370,370
2017-08-04 12:25:17.328000,12.68941,12.68668,370,370
2017-08-04 12:25:17.429000,12.68932,12.68668,370,370
2017-08-04 12:25:17.634000,12.68949,12.68674,370,370
2017-08-04 12:25:17.735000,12.68902,12.68669,370,370
2017-08-04 12:25:18.449000,12.68932,12.68669,370,370
2017-08-04 12:25:18.550000,12.68892,12.68669,370,370
2017-08-04 12:25:19.154000,12.68922,12.68669,370,370
2017-08-04 12:25:19.373000,12.68861,12.68651,370,370
2017-08-04 12:25:19.423000,12.68848,12.68599,370,370
2017-08-04 12:25:19.474000,12.68832,12.68572,370,370
2017-08-04 12:25:19.676000,12.68832,12.68569,370,370
2017-08-04 12:25:19.777000,12.68812,12.68569,370,370
2017-08-04 12:25:20.080000,12.68821,12.68569,370,370
2017-08-04 12:25:20.135000,12.68842,12.68569,370,370
2017-08-04 12:25:20.838000,12.68822,12.68569,370,370
2017-08-04 12:25:21.359000,12.68811,12.68569,370,370
2017-08-04 12:25:21.728000,12.68811,12.68621,370,220
2017-08-04 12:25:21.778000,12.68842,12.68621,370,220
2017-08-04 12:25:21.921000,12.68848,12.68578,370,370
2017-08-04 12:25:21.972000,12.68832,12.68569,370,370
2017-08-04 12:25:22.592000,12.68821,12.68569,370,370
2017-08-04 12:25:23.078000,12.68811,12.68569,370,370
2017-08-04 12:25:23.271000,12.68821,12.68569,370,370
2017-08-04 12:25:23.372000,12.68848,12.68569,370,750
2017-08-04 12:25:23.473000,12.68802,12.68569,370,370
2017-08-04 12:25:24.851000,12.68822,12.68569,370,370
2017-08-04 12:25:25.290000,12.68802,12.68569,370,370
2017-08-04 12:25:25.561000,12.68821,12.68569,370,370
2017-08-04 12:25:26.096000,12.68801,12.68569,370,370
2017-08-04 12:25:26.298000,12.68849,12.68611,370,370
2017-08-04 12:25:26.493000,12.68832,12.68611,370,370
2017-08-04 12:25:26.594000,12.68848,12.68611,370,370
2017-08-04 12:25:26.695000,12.68832,12.68611,370,370
2017-08-04 12:25:26.835000,12.68832,12.68568,370,370
2017-08-04 12:25:26.971000,12.68849,12.68569,370,370
2017-08-04 12:25:27.261000,12.68831,12.68568,370,370
2017-08-04 12:25:27.562000,12.68842,12.68568,370,370
2017-08-04 12:25:27.796000,12.68848,12.68578,370,370
2017-08-04 12:25:27.897000,12.68842,12.68568,370,370
2017-08-04 12:25:28.181000,12.68832,12.68568,370,370
2017-08-04 12:25:28.523000,12.68811,12.68568,370,370
2017-08-04 12:25:28.799000,12.68842,12.68568,370,370
2017-08-04 12:25:28.900000,12.68801,12.68568,370,370
2017-08-04 12:25:29.499000,12.68748,12.68519,370,370
2017-08-04 12:25:29.550000,12.68789,12.68551,300,370
2017-08-04 12:25:29.651000,12.68791,12.68569,370,370
2017-08-04 12:25:29.702000,12.68799,12.68569,220,370
2017-08-04 12:25:29.890000,12.68812,12.68569,370,370
2017-08-04 12:25:29.941000,12.68842,12.68569,370,370
2017-08-04 12:25:30.290000,12.68811,12.68569,370,370
2017-08-04 12:25:30.391000,12.68842,12.68569,370,370
2017-08-04 12:25:31.174000,12.68822,12.68569,370,370
2017-08-04 12:25:31.477000,12.68842,12.68569,370,370
2017-08-04 12:25:31.720000,12.68822,12.68569,370,370
2017-08-04 12:25:31.776000,12.68842,12.68569,370,370
2017-08-04 12:25:32.577000,12.68822,12.68569,370,370
2017-08-04 12:25:32.779000,12.68748,12.68469,370,370
2017-08-04 12:25:32.830000,12.68732,12.68468,370,370
2017-08-04 12:25:33.210000,12.68649,12.68369,370,370
2017-08-04 12:25:33.311000,12.68632,12.68368,370,370
2017-08-04 12:25:33.513000,12.68641,12.68368,370,370
2017-08-04 12:25:33.794000,12.68648,12.68389,370,370
2017-08-04 12:25:33.883000,12.68648,12.68379,370,370
2017-08-04 12:25:33.984000,12.68632,12.68368,370,370
2017-08-04 12:25:34.423000,12.68649,12.68378,370,370
2017-08-04 12:25:34.585000,12.68622,12.68368,370,370
2017-08-04 12:25:34.990000,12.68611,12.68368,370,370
2017-08-04 12:25:35.334000,12.68549,12.68288,370,370
2017-08-04 12:25:35.487000,12.68549,12.68298,370,370
2017-08-04 12:25:35.591000,12.68549,12.68279,370,370
2017-08-04 12:25:35.642000,12.68488,12.68279,300,370
2017-08-04 12:25:35.743000,12.68532,12.68252,370,370
2017-08-04 12:25:35.794000,12.68532,12.68248,370,370
2017-08-04 12:25:35.844000,12.68498,12.68279,220,370
2017-08-04 12:25:35.996000,12.68549,12.68289,370,370
2017-08-04 12:25:36.199000,12.68549,12.68279,370,370
2017-08-04 12:25:36.300000,12.68549,12.68288,370,370
2017-08-04 12:25:36.733000,12.68499,12.68289,220,370
2017-08-04 12:25:36.935000,12.68642,12.68378,370,370
2017-08-04 12:25:36.985000,12.68549,12.68358,370,370
2017-08-04 12:25:37.036000,12.68549,12.68338,370,370
2017-08-04 12:25:37.137000,12.68549,12.68301,370,370
2017-08-04 12:25:37.391000,12.68549,12.68279,370,370
2017-08-04 12:25:37.441000,12.68541,12.68279,370,370
2017-08-04 12:25:37.615000,12.68549,12.68279,370,370
2017-08-04 12:25:37.716000,12.68532,12.68279,370,370
2017-08-04 12:25:37.817000,12.68548,12.68279,370,750
2017-08-04 12:25:37.920000,12.68548,12.68288,370,370
2017-08-04 12:25:38.022000,12.68542,12.68279,370,370
2017-08-04 12:25:38.123000,12.68532,12.68279,370,370
2017-08-04 12:25:38.435000,12.68541,12.68279,370,370
2017-08-04 12:25:38.496000,12.68549,12.68289,370,370
2017-08-04 12:25:38.998000,12.68548,12.68289,370,370
2017-08-04 12:25:39.200000,12.68542,12.68279,370,370
2017-08-04 12:25:39.320000,12.68548,12.68289,370,370
2017-08-04 12:25:39.710000,12.68542,12.68279,370,370
2017-08-04 12:25:40.092000,12.68499,12.68258,220,370
2017-08-04 12:25:40.143000,12.68498,12.68232,220,300
2017-08-04 12:25:40.376000,12.68502,12.68231,370,300
2017-08-04 12:25:40.427000,12.68519,12.68259,300,370
2017-08-04 12:25:40.628000,12.68502,12.68228,370,370
2017-08-04 12:25:40.803000,12.68511,12.68229,370,370
2017-08-04 12:25:40.880000,12.68488,12.68232,300,300
2017-08-04 12:25:41.132000,12.68498,12.68232,220,300
2017-08-04 12:25:41.218000,12.68502,12.68229,370,370
2017-08-04 12:25:41.305000,12.68519,12.68249,300,370
2017-08-04 12:25:41.607000,12.68478,12.68248,220,370
2017-08-04 12:25:41.809000,12.68448,12.68198,370,370
2017-08-04 12:25:41.927000,12.68472,12.68248,370,370
2017-08-04 12:25:42.028000,12.68449,12.68189,370,370
2017-08-04 12:25:42.417000,12.68448,12.68228,370,370
2017-08-04 12:25:42.619000,12.68449,12.68218,370,370
2017-08-04 12:25:42.720000,12.68449,12.68199,370,370
2017-08-04 12:25:42.820000,12.68448,12.68218,370,370
2017-08-04 12:25:43.044000,12.68448,12.68198,370,370
2017-08-04 12:25:43.149000,12.68449,12.68188,370,370
2017-08-04 12:25:43.322000,12.68448,12.68198,370,370
2017-08-04 12:25:43.632000,12.68448,12.68229,370,370
2017-08-04 12:25:43.950000,12.68448,12.68208,370,370
2017-08-04 12:25:44.056000,12.68448,12.68188,370,370
2017-08-04 12:25:44.589000,12.68449,12.68212,370,370
2017-08-04 12:25:44.792000,12.68548,12.68308,370,370
2017-08-04 12:25:45.048000,12.68548,12.68279,370,370
2017-08-04 12:25:45.149000,12.68549,12.68308,370,370
2017-08-04 12:25:45.615000,12.68549,12.68318,370,370
2017-08-04 12:25:45.818000,12.68549,12.68298,370,370
2017-08-04 12:25:46.148000,12.68548,12.68308,370,370
2017-08-04 12:25:46.249000,12.68548,12.68288,370,370
2017-08-04 12:25:46.350000,12.68549,12.68279,370,750
2017-08-04 12:25:46.640000,12.68549,12.68309,370,370
2017-08-04 12:25:47.043000,12.68549,12.68279,370,370
2017-08-04 12:25:47.241000,12.68548,12.68318,370,370
2017-08-04 12:25:47.342000,12.68611,12.68378,370,370
2017-08-04 12:25:47.443000,12.68649,12.68388,370,370
2017-08-04 12:25:47.659000,12.68621,12.68359,370,370
2017-08-04 12:25:47.759000,12.68648,12.68378,370,370
2017-08-04 12:25:47.861000,12.68649,12.68398,370,370
2017-08-04 12:25:48.129000,12.68649,12.68378,370,370
2017-08-04 12:25:48.648000,12.68648,12.68378,370,370
2017-08-04 12:25:48.829000,12.68549,12.68358,370,370
2017-08-04 12:25:48.930000,12.68548,12.68319,370,370
2017-08-04 12:25:49.309000,12.68571,12.68319,370,370
2017-08-04 12:25:49.360000,12.68571,12.68328,370,370
2017-08-04 12:25:49.681000,12.68549,12.68348,370,370
2017-08-04 12:25:49.732000,12.68549,12.68329,370,370
2017-08-04 12:25:49.783000,12.68549,12.68318,370,370
2017-08-04 12:25:49.883000,12.68549,12.68298,370,370
2017-08-04 12:25:50.103000,12.68549,12.68319,370,370
2017-08-04 12:25:50.154000,12.68549,12.68288,370,370
2017-08-04 12:25:50.255000,12.68549,12.68328,370,370
2017-08-04 12:25:50.381000,12.68588,12.68332,300,300
2017-08-04 12:25:50.431000,12.68589,12.68368,300,370
2017-08-04 12:25:50.633000,12.68618,12.68338,300,370
2017-08-04 12:25:50.734000,12.68611,12.68332,370,300
2017-08-04 12:25:51.096000,12.68649,12.68388,370,370
2017-08-04 12:25:51.477000,12.68642,12.68379,370,370
2017-08-04 12:25:51.651000,12.68649,12.68388,370,370
2017-08-04 12:25:52.047000,12.68648,12.68399,370,370
2017-08-04 12:25:52.148000,12.68648,12.68379,370,370
2017-08-04 12:25:52.313000,12.68619,12.68369,520,370
2017-08-04 12:25:52.363000,12.68612,12.68332,370,300
2017-08-04 12:25:52.659000,12.68641,12.68378,370,370
2017-08-04 12:25:52.993000,12.68649,12.68389,370,370
2017-08-04 12:25:53.149000,12.68641,12.68378,370,370
2017-08-04 12:25:53.330000,12.68649,12.68389,370,370
2017-08-04 12:25:53.981000,12.68649,12.68399,370,370
2017-08-04 12:25:54.276000,12.68729,12.68478,370,370
2017-08-04 12:25:55.144000,12.68722,12.68478,370,370
2017-08-04 12:25:55.195000,12.68698,12.68452,220,370
2017-08-04 12:25:55.331000,12.68729,12.68478,370,370
2017-08-04 12:25:55.552000,12.68721,12.68478,370,370
2017-08-04 12:25:55.967000,12.68749,12.68478,370,370
2017-08-04 12:25:56.163000,12.68741,12.68478,370,370
2017-08-04 12:25:56.235000,12.68748,12.68478,370,370
2017-08-04 12:25:56.342000,12.68722,12.68478,370,370
2017-08-04 12:25:56.549000,12.68748,12.68478,370,370
2017-08-04 12:25:56.701000,12.68649,12.68468,370,370
2017-08-04 12:25:56.752000,12.68649,12.68428,370,370
2017-08-04 12:25:56.853000,12.68649,12.68421,370,220
2017-08-04 12:25:56.954000,12.68648,12.68388,370,370
2017-08-04 12:25:57.038000,12.68648,12.68409,370,370
2017-08-04 12:25:57.471000,12.68648,12.68378,370,370
2017-08-04 12:25:57.690000,12.68651,12.68401,370,300
2017-08-04 12:25:57.741000,12.68672,12.68408,370,370
2017-08-04 12:25:57.914000,12.68692,12.68441,370,370
2017-08-04 12:25:58.065000,12.68732,12.68478,370,370
2017-08-04 12:25:58.281000,12.68721,12.68448,370,370
2017-08-04 12:25:58.332000,12.68688,12.68448,300,370
2017-08-04 12:25:58.383000,12.68672,12.68431,370,300
2017-08-04 12:25:58.641000,12.68689,12.68431,300,300
2017-08-04 12:25:58.750000,12.68681,12.68431,370,300
2017-08-04 12:25:59.083000,12.68701,12.68478,370,370
2017-08-04 12:25:59.184000,12.68731,12.68478,370,370
2017-08-04 12:25:59.662000,12.68701,12.68478,370,370
2017-08-04 12:25:59.992000,12.68732,12.68478,370,370
2017-08-04 12:26:00.173000,12.68721,12.68478,370,370
2017-08-04 12:26:00.444000,12.68732,12.68478,370,370
2017-08-04 12:26:00.613000,12.68689,12.68478,300,370
2017-08-04 12:26:00.663000,12.68699,12.68431,220,300
2017-08-04 12:26:00.764000,12.68692,12.68431,370,300
2017-08-04 12:26:00.966000,12.68672,12.68399,370,370
2017-08-04 12:26:01.124000,12.68641,12.68378,370,370
2017-08-04 12:26:01.430000,12.68589,12.68339,520,370
2017-08-04 12:26:01.775000,12.68571,12.68321,370,370
2017-08-04 12:26:01.876000,12.68571,12.68298,370,370
2017-08-04 12:26:01.977000,12.68571,12.68288,370,370
2017-08-04 12:26:02.548000,12.68562,12.68279,370,370
2017-08-04 12:26:03.281000,12.68562,12.68301,370,300
2017-08-04 12:26:03.485000,12.68562,12.68279,370,370
2017-08-04 12:26:03.660000,12.68551,12.68279,370,370
2017-08-04 12:26:04.072000,12.68561,12.68279,370,750
2017-08-04 12:26:04.173000,12.68571,12.68298,370,370
2017-08-04 12:26:04.490000,12.68557,12.68279,370,370
2017-08-04 12:26:04.869000,12.68562,12.68279,370,370
2017-08-04 12:26:04.991000,12.68543,12.68279,370,370
2017-08-04 12:26:05.193000,12.68517,12.68231,370,300
2017-08-04 12:26:05.561000,12.68522,12.68258,370,370
2017-08-04 12:26:05.863000,12.68522,12.68279,670,370
2017-08-04 12:26:06.271000,12.68522,12.68279,370,370
2017-08-04 12:26:06.372000,12.68538,12.68289,370,370
2017-08-04 12:26:06.589000,12.68537,12.68279,370,370
2017-08-04 12:26:06.755000,12.68538,12.68279,370,370
2017-08-04 12:26:06.959000,12.68537,12.68279,370,370
2017-08-04 12:26:07.191000,12.68549,12.68279,370,370
2017-08-04 12:26:07.657000,12.68541,12.68279,370,370
2017-08-04 12:26:08.285000,12.68549,12.68279,370,750
2017-08-04 12:26:08.823000,12.68548,12.68279,370,750
2017-08-04 12:26:09.187000,12.68532,12.68279,370,370
2017-08-04 12:26:09.508000,12.68519,12.68279,300,370
2017-08-04 12:26:09.840000,12.68471,12.68231,370,300
2017-08-04 12:26:09.891000,12.68492,12.68231,370,300
2017-08-04 12:26:10.062000,12.68498,12.68238,220,370
2017-08-04 12:26:10.585000,12.68528,12.68278,370,370
2017-08-04 12:26:10.860000,12.68522,12.68269,370,370
2017-08-04 12:26:10.910000,12.68498,12.68269,220,370
2017-08-04 12:26:11.012000,12.68522,12.68278,370,370
2017-08-04 12:26:11.163000,12.68528,12.68278,370,370
2017-08-04 12:26:12.026000,12.68531,12.68278,370,370
2017-08-04 12:26:12.158000,12.68522,12.68331,370,300
2017-08-04 12:26:12.210000,12.68549,12.68318,370,370
2017-08-04 12:26:12.311000,12.68548,12.68308,370,370
2017-08-04 12:26:12.412000,12.68532,12.68278,370,370
2017-08-04 12:26:12.615000,12.68549,12.68278,370,750
2017-08-04 12:26:12.666000,12.68532,12.68278,370,370
2017-08-04 12:26:13.067000,12.68549,12.68278,370,750
2017-08-04 12:26:13.640000,12.68549,12.68328,370,370
2017-08-04 12:26:13.690000,12.68589,12.68328,300,370
2017-08-04 12:26:14.002000,12.68561,12.68328,370,370
2017-08-04 12:26:14.111000,12.68549,12.68279,370,370
2017-08-04 12:26:14.212000,12.68531,12.68278,370,370
2017-08-04 12:26:14.679000,12.68548,12.68279,370,370
2017-08-04 12:26:14.770000,12.68558,12.68279,370,370
2017-08-04 12:26:14.820000,12.68549,12.68279,370,370
2017-08-04 12:26:16.519000,12.68541,12.68278,370,370
2017-08-04 12:26:17.492000,12.68549,12.68288,370,370
2017-08-04 12:26:18.208000,12.68549,12.68298,370,370
2017-08-04 12:26:18.578000,12.68599,12.68378,220,370
2017-08-04 12:26:18.729000,12.68618,12.68352,300,370
2017-08-04 12:26:18.780000,12.68619,12.68358,300,370
2017-08-04 12:26:18.981000,12.68649,12.68378,370,370
2017-08-04 12:26:19.291000,12.68641,12.68378,370,370
2017-08-04 12:26:19.809000,12.68622,12.68378,370,370
2017-08-04 12:26:20.049000,12.68622,12.68369,370,370
2017-08-04 12:26:20.100000,12.68632,12.68369,370,370
2017-08-04 12:26:20.201000,12.68611,12.68369,370,370
2017-08-04 12:26:20.403000,12.68781,12.68522,370,370
2017-08-04 12:26:20.454000,12.68749,12.68522,370,370
2017-08-04 12:26:20.757000,12.68712,12.68468,370,370
2017-08-04 12:26:20.908000,12.68742,12.68468,370,370
2017-08-04 12:26:21.009000,12.68749,12.68478,370,370
2017-08-04 12:26:21.424000,12.68722,12.68468,370,370
2017-08-04 12:26:21.790000,12.68661,12.68422,370,370
2017-08-04 12:26:22.011000,12.68661,12.68418,370,370
2017-08-04 12:26:22.413000,12.68661,12.68401,370,300
2017-08-04 12:26:22.930000,12.68662,12.68421,370,220
2017-08-04 12:26:23.031000,12.68689,12.68438,300,370
2017-08-04 12:26:23.132000,12.68649,12.68438,370,370
2017-08-04 12:26:23.233000,12.68649,12.68399,370,370
2017-08-04 12:26:23.335000,12.68641,12.68372,370,370
2017-08-04 12:26:23.436000,12.68631,12.68372,370,370
2017-08-04 12:26:23.832000,12.68631,12.68368,370,370
2017-08-04 12:26:24.024000,12.68642,12.68368,370,370
2017-08-04 12:26:24.130000,12.68632,12.68368,370,370
2017-08-04 12:26:24.700000,12.68621,12.68368,370,370
2017-08-04 12:26:24.902000,12.68649,12.68378,370,370
2017-08-04 12:26:25.431000,12.68611,12.68349,370,370
2017-08-04 12:26:25.532000,12.68631,12.68368,370,370
2017-08-04 12:26:25.741000,12.68649,12.68368,370,750
2017-08-04 12:26:25.906000,12.68621,12.68368,370,370
2017-08-04 12:26:26.463000,12.68599,12.68339,220,370
2017-08-04 12:26:26.564000,12.68598,12.68332,220,300
2017-08-04 12:26:26.614000,12.68592,12.68331,370,300
2017-08-04 12:26:27.195000,12.68612,12.68338,370,370
2017-08-04 12:26:27.245000,12.68601,12.68332,370,300
2017-08-04 12:26:27.347000,12.68612,12.68338,370,370
2017-08-04 12:26:27.452000,12.68611,12.68331,370,300
2017-08-04 12:26:27.688000,12.68589,12.68369,300,370
2017-08-04 12:26:27.789000,12.68589,12.68348,300,370
2017-08-04 12:26:27.890000,12.68588,12.68332,300,300
2017-08-04 12:26:27.941000,12.68588,12.68349,300,370
2017-08-04 12:26:28.006000,12.68588,12.68332,300,300
2017-08-04 12:26:28.107000,12.68561,12.68298,370,370
2017-08-04 12:26:28.208000,12.68548,12.68291,370,370
2017-08-04 12:26:28.466000,12.68549,12.68278,370,370
2017-08-04 12:26:28.820000,12.68548,12.68309,370,370
2017-08-04 12:26:29.456000,12.68549,12.68309,370,370
2017-08-04 12:26:29.557000,12.68549,12.68269,370,370
2017-08-04 12:26:29.659000,12.68541,12.68269,370,370
2017-08-04 12:26:30.066000,12.68548,12.68299,370,370
2017-08-04 12:26:30.330000,12.68591,12.68341,370,370
2017-08-04 12:26:30.431000,12.68598,12.68379,220,370
2017-08-04 12:26:30.532000,12.68599,12.68338,220,370
2017-08-04 12:26:30.583000,12.68548,12.68338,370,370
2017-08-04 12:26:30.634000,12.68549,12.68311,370,370
2017-08-04 12:26:30.785000,12.68548,12.68279,370,370
2017-08-04 12:26:30.836000,12.68548,12.68298,370,370
2017-08-04 12:26:30.914000,12.68548,12.68269,370,370
2017-08-04 12:26:31.439000,12.68549,12.68269,370,370
2017-08-04 12:26:31.540000,12.68549,12.68298,370,370
2017-08-04 12:26:31.916000,12.68549,12.68288,370,370
2017-08-04 12:26:31.967000,12.68561,12.68288,370,370
2017-08-04 12:26:32.019000,12.68561,12.68308,370,370
2017-08-04 12:26:32.559000,12.68561,12.68279,750,370
2017-08-04 12:26:32.618000,12.68561,12.68308,370,370
2017-08-04 12:26:32.988000,12.68589,12.68318,670,370
2017-08-04 12:26:33.039000,12.68549,12.68321,370,600
2017-08-04 12:26:33.640000,12.68548,12.68321,370,370
2017-08-04 12:26:33.691000,12.68548,12.68268,370,750
2017-08-04 12:26:33.920000,12.68549,12.68308,370,370
2017-08-04 12:26:34.021000,12.68592,12.68341,370,370
2017-08-04 12:26:34.072000,12.68541,12.68341,370,370
2017-08-04 12:26:34.123000,12.68629,12.68379,2250,370
2017-08-04 12:26:34.391000,12.68648,12.68379,370,370
2017-08-04 12:26:34.442000,12.68622,12.68368,370,370
2017-08-04 12:26:34.644000,12.68662,12.68378,750,370
2017-08-04 12:26:35.161000,12.68652,12.68368,370,750
2017-08-04 12:26:35.840000,12.68652,12.68419,370,370
2017-08-04 12:26:36.107000,12.68761,12.68521,370,370
2017-08-04 12:26:36.158000,12.68748,12.68521,370,370
2017-08-04 12:26:36.309000,12.68708,12.68459,370,370
2017-08-04 12:26:36.360000,12.68709,12.68451,370,370
2017-08-04 12:26:36.662000,12.68609,12.68439,370,370
2017-08-04 12:26:36.763000,12.68609,12.68389,370,370
2017-08-04 12:26:36.864000,12.68609,12.68372,370,370
2017-08-04 12:26:37.161000,12.68609,12.68389,370,370
2017-08-04 12:26:37.341000,12.68609,12.68372,370,370
2017-08-04 12:26:37.442000,12.68609,12.68368,370,370
2017-08-04 12:26:37.681000,12.68608,12.68389,370,370
2017-08-04 12:26:37.782000,12.68609,12.68368,370,370
2017-08-04 12:26:38.034000,12.68609,12.68389,370,370
2017-08-04 12:26:38.251000,12.68608,12.68359,370,370
2017-08-04 12:26:38.416000,12.68609,12.68338,370,370
2017-08-04 12:26:38.709000,12.68618,12.68338,370,370
2017-08-04 12:26:38.760000,12.68518,12.68338,370,370
2017-08-04 12:26:38.860000,12.68519,12.68301,370,300
2017-08-04 12:26:38.911000,12.68519,12.68298,370,370
2017-08-04 12:26:38.962000,12.68518,12.68302,370,300
2017-08-04 12:26:39.063000,12.68519,12.68289,370,370
2017-08-04 12:26:39.164000,12.68519,12.68308,370,370
2017-08-04 12:26:39.265000,12.68518,12.68268,370,370
2017-08-04 12:26:39.366000,12.68518,12.68279,370,370
2017-08-04 12:26:39.616000,12.68519,12.68258,370,370
2017-08-04 12:26:39.667000,12.68519,12.68278,370,370
2017-08-04 12:26:39.718000,12.68532,12.68278,370,370
2017-08-04 12:26:39.869000,12.68542,12.68278,370,370
2017-08-04 12:26:40.183000,12.68488,12.68278,300,370
2017-08-04 12:26:40.233000,12.68498,12.68278,220,370
2017-08-04 12:26:40.385000,12.68531,12.68278,370,370
2017-08-04 12:26:40.486000,12.68548,12.68279,370,370
2017-08-04 12:26:41.461000,12.68549,12.68279,370,370
2017-08-04 12:26:41.647000,12.68549,12.68289,370,370
2017-08-04 12:26:41.955000,12.68498,12.68252,220,370
2017-08-04 12:26:42.273000,12.68549,12.68278,370,750
2017-08-04 12:26:42.982000,12.68548,12.68278,370,750
2017-08-04 12:26:43.183000,12.68488,12.68278,300,370
2017-08-04 12:26:43.284000,12.68489,12.68231,300,300
2017-08-04 12:26:43.592000,12.68498,12.68249,220,370
2017-08-04 12:26:43.693000,12.68499,12.68231,220,300
2017-08-04 12:26:43.743000,12.68472,12.68222,370,220
2017-08-04 12:26:43.878000,12.68489,12.68231,300,300
2017-08-04 12:26:43.979000,12.68491,12.68231,370,300
2017-08-04 12:26:44.080000,12.68498,12.68248,220,370
2017-08-04 12:26:44.281000,12.68499,12.68231,220,300
2017-08-04 12:26:44.475000,12.68531,12.68279,370,370
2017-08-04 12:26:44.576000,12.68548,12.68279,370,370
2017-08-04 12:26:44.753000,12.68522,12.68278,370,370
2017-08-04 12:26:44.804000,12.68522,12.68258,370,370
2017-08-04 12:26:44.905000,12.68501,12.68231,370,300
2017-08-04 12:26:44.959000,12.68522,12.68248,370,370
2017-08-04 12:26:45.010000,12.68532,12.68278,370,370
2017-08-04 12:26:45.168000,12.68549,12.68279,370,370
2017-08-04 12:26:45.569000,12.68532,12.68278,370,370
2017-08-04 12:26:45.670000,12.68549,12.68278,370,750
2017-08-04 12:26:46.125000,12.68499,12.68269,220,370
2017-08-04 12:26:46.175000,12.68499,12.68231,220,300
2017-08-04 12:26:46.466000,12.68498,12.68238,220,370
2017-08-04 12:26:46.768000,12.68471,12.68202,750,300
2017-08-04 12:26:46.970000,12.68471,12.68218,370,370
2017-08-04 12:26:47.021000,12.68499,12.68231,220,300
2017-08-04 12:26:47.071000,12.68511,12.68251,370,370
2017-08-04 12:26:47.173000,12.68548,12.68279,370,370
2017-08-04 12:26:47.274000,12.68549,12.68289,370,370
2017-08-04 12:26:47.859000,12.68548,12.68289,370,370
2017-08-04 12:26:47.911000,12.68542,12.68278,370,370
2017-08-04 12:26:48.173000,12.68548,12.68288,370,370
2017-08-04 12:26:48.512000,12.68499,12.68279,220,370
2017-08-04 12:26:48.715000,12.68449,12.68179,370,370
2017-08-04 12:26:49.310000,12.68448,12.68179,370,370
2017-08-04 12:26:49.691000,12.68449,12.68208,370,370
2017-08-04 12:26:50.010000,12.68448,12.68178,370,750
2017-08-04 12:26:50.111000,12.68449,12.68218,370,370
2017-08-04 12:26:50.313000,12.68441,12.68178,370,370
2017-08-04 12:26:50.525000,12.68448,12.68208,370,370
2017-08-04 12:26:50.909000,12.68449,12.68179,370,370
2017-08-04 12:26:51.111000,12.68449,12.68209,370,370
2017-08-04 12:26:51.211000,12.68449,12.68189,370,370
2017-08-04 12:26:51.312000,12.68448,12.68178,370,750
2017-08-04 12:26:51.514000,12.68449,12.68218,370,370
2017-08-04 12:26:51.615000,12.68449,12.68208,370,370
2017-08-04 12:26:52.028000,12.68449,12.68189,370,370
2017-08-04 12:26:52.078000,12.68471,12.68231,370,300
2017-08-04 12:26:52.129000,12.68491,12.68231,370,300
2017-08-04 12:26:52.230000,12.68499,12.68238,220,370
2017-08-04 12:26:52.863000,12.68521,12.68252,370,370
2017-08-04 12:26:52.913000,12.68532,12.68278,370,370
2017-08-04 12:26:53.014000,12.68548,12.68278,370,370
2017-08-04 12:26:53.399000,12.68542,12.68278,370,370
2017-08-04 12:26:54.032000,12.68522,12.68278,370,370
2017-08-04 12:26:54.083000,12.68489,12.68241,300,370
2017-08-04 12:26:54.133000,12.68488,12.68258,300,370
2017-08-04 12:26:54.385000,12.68492,12.68232,370,300
2017-08-04 12:26:54.934000,12.68492,12.68231,370,300
2017-08-04 12:26:54.985000,12.68489,12.68229,300,370
2017-08-04 12:26:55.360000,12.68471,12.68219,370,370
2017-08-04 12:26:55.411000,12.68471,12.68209,370,370
2017-08-04 12:26:55.512000,12.68461,12.68179,370,750
2017-08-04 12:26:55.613000,12.68451,12.68179,370,370
2017-08-04 12:26:55.904000,12.68461,12.68179,370,750
2017-08-04 12:26:56.005000,12.68471,12.68198,370,370
2017-08-04 12:26:56.341000,12.68442,12.68179,370,370
2017-08-04 12:26:56.407000,12.68461,12.68179,370,750
2017-08-04 12:26:57.001000,12.68462,12.68179,370,370
2017-08-04 12:26:57.453000,12.68471,12.68189,750,370
2017-08-04 12:26:57.755000,12.68442,12.68179,370,370
2017-08-04 12:26:57.813000,12.68471,12.68188,370,370
2017-08-04 12:26:57.916000,12.68471,12.68179,370,370
2017-08-04 12:26:57.966000,12.68409,12.68151,370,370
2017-08-04 12:26:58.552000,12.68408,12.68152,370,370
2017-08-04 12:26:59.107000,12.68409,12.68151,370,370
2017-08-04 12:26:59.432000,12.68408,12.68132,370,300
2017-08-04 12:26:59.584000,12.68408,12.68152,370,370
2017-08-04 12:26:59.785000,12.68419,12.68151,370,370
2017-08-04 12:26:59.836000,12.68419,12.68131,670,300
2017-08-04 12:27:00.509000,12.68318,12.68122,370,220
2017-08-04 12:27:00.560000,12.68321,12.68121,370,220
2017-08-04 12:27:00.612000,12.68321,12.68109,370,370
2017-08-04 12:27:00.663000,12.68369,12.68101,370,300
2017-08-04 12:27:00.781000,12.68389,12.68129,300,370
2017-08-04 12:27:01.122000,12.68372,12.68078,370,370
2017-08-04 12:27:01.361000,12.68391,12.68151,370,370
2017-08-04 12:27:01.462000,12.68418,12.68152,300,370
2017-08-04 12:27:01.563000,12.68418,12.68178,300,370
2017-08-04 12:27:01.614000,12.68449,12.68178,370,370
2017-08-04 12:27:02.160000,12.68448,12.68178,370,370
2017-08-04 12:27:02.211000,12.68418,12.68178,300,370
2017-08-04 12:27:02.325000,12.68442,12.68178,370,370
2017-08-04 12:27:02.425000,12.68419,12.68178,300,370
2017-08-04 12:27:02.689000,12.68388,12.68132,300,300
2017-08-04 12:27:02.739000,12.68399,12.68178,220,370
2017-08-04 12:27:03.230000,12.68349,12.68079,370,370
2017-08-04 12:27:03.850000,12.68349,12.68078,370,370
2017-08-04 12:27:06.397000,12.68298,12.68078,220,370
2017-08-04 12:27:06.864000,12.68348,12.68078,370,370
2017-08-04 12:27:07.331000,12.68319,12.68078,300,370
2017-08-04 12:27:07.582000,12.68348,12.68078,370,370
2017-08-04 12:27:08.101000,12.68318,12.68078,300,370
2017-08-04 12:27:08.403000,12.68299,12.68078,220,370
2017-08-04 12:27:08.529000,12.68349,12.68078,370,370
2017-08-04 12:27:09.291000,12.68299,12.68078,220,370
2017-08-04 12:27:09.708000,12.68349,12.68078,370,370
2017-08-04 12:27:10.392000,12.68348,12.68078,370,370
2017-08-04 12:27:10.595000,12.68372,12.68078,370,370
2017-08-04 12:27:11.530000,12.68389,12.68128,300,370
2017-08-04 12:27:11.933000,12.68371,12.68079,370,370
2017-08-04 12:27:12.474000,12.68371,12.68101,370,300
2017-08-04 12:27:12.726000,12.68349,12.68078,370,370
2017-08-04 12:27:13.258000,12.68372,12.68078,370,370
2017-08-04 12:27:13.397000,12.68349,12.68101,370,300
2017-08-04 12:27:13.498000,12.68349,12.68078,370,750
2017-08-04 12:27:14.299000,12.68348,12.68078,370,370
2017-08-04 12:27:14.501000,12.68349,12.68068,370,370
2017-08-04 12:27:15.120000,12.68348,12.68068,370,370
2017-08-04 12:27:15.651000,12.68349,12.68068,370,370
2017-08-04 12:27:16.908000,12.68348,12.68068,370,370
2017-08-04 12:27:17.779000,12.68349,12.68068,370,370
2017-08-04 12:27:18.697000,12.68348,12.68068,370,370
2017-08-04 12:27:19.244000,12.68329,12.68068,370,370
2017-08-04 12:27:19.559000,12.68289,12.68031,300,300
2017-08-04 12:27:19.786000,12.68292,12.68031,370,300
2017-08-04 12:27:19.887000,12.68319,12.68031,300,300
2017-08-04 12:27:20.300000,12.68329,12.68032,370,300
2017-08-04 12:27:20.351000,12.68329,12.68068,370,370
2017-08-04 12:27:21.167000,12.68348,12.68068,370,370
2017-08-04 12:27:22.559000,12.68349,12.68068,370,370
2017-08-04 12:27:23.193000,12.68348,12.68068,370,370
2017-08-04 12:27:24.848000,12.68322,12.68052,370,370
2017-08-04 12:27:25.195000,12.68309,12.68051,370,370
2017-08-04 12:27:25.738000,12.68308,12.68052,370,370
2017-08-04 12:27:26.044000,12.68208,12.68022,370,220
2017-08-04 12:27:26.299000,12.68208,12.67952,370,370
2017-08-04 12:27:26.951000,12.68209,12.67951,370,370
2017-08-04 12:27:27.558000,12.68208,12.67952,370,370
2017-08-04 12:27:28.219000,12.68209,12.67951,370,370
2017-08-04 12:27:28.484000,12.68209,12.67959,370,370
2017-08-04 12:27:28.649000,12.68209,12.67951,370,370
2017-08-04 12:27:28.851000,12.68208,12.67958,370,370
2017-08-04 12:27:29.011000,12.68208,12.67952,370,370
2017-08-04 12:27:29.661000,12.68109,12.67928,370,370
2017-08-04 12:27:29.711000,12.68108,12.67891,370,370
2017-08-04 12:27:29.812000,12.68109,12.67851,370,370
2017-08-04 12:27:29.897000,12.68109,12.67868,370,370
2017-08-04 12:27:29.948000,12.68189,12.67868,670,370
2017-08-04 12:27:30.049000,12.68189,12.67878,670,370
2017-08-04 12:27:30.159000,12.68189,12.67868,670,370
2017-08-04 12:27:30.210000,12.68189,12.67932,370,300
2017-08-04 12:27:30.761000,12.68189,12.67918,670,370
2017-08-04 12:27:30.812000,12.68188,12.67902,300,300
2017-08-04 12:27:31.265000,12.68218,12.67969,370,370
2017-08-04 12:27:31.316000,12.68248,12.67969,370,370
2017-08-04 12:27:32.189000,12.68249,12.67969,370,370
2017-08-04 12:27:32.737000,12.68248,12.67969,370,370
2017-08-04 12:27:33.711000,12.68249,12.67969,370,370
2017-08-04 12:27:34.761000,12.68248,12.67969,370,750
2017-08-04 12:27:35.013000,12.68248,12.68032,370,670
2017-08-04 12:27:35.064000,12.68281,12.68031,370,300
2017-08-04 12:27:35.115000,12.68281,12.68022,370,220
2017-08-04 12:27:35.216000,12.68289,12.68021,300,220
2017-08-04 12:27:35.324000,12.68288,12.67968,300,370
2017-08-04 12:27:35.554000,12.68218,12.67968,300,370
2017-08-04 12:27:35.604000,12.68219,12.67958,300,370
2017-08-04 12:27:35.730000,12.68218,12.67968,300,370
2017-08-04 12:27:35.781000,12.68248,12.67968,370,370
2017-08-04 12:27:36.327000,12.68241,12.67932,370,300
2017-08-04 12:27:36.428000,12.68242,12.67968,370,370
2017-08-04 12:27:36.529000,12.68249,12.67968,370,370
2017-08-04 12:27:37.451000,12.68248,12.67968,370,370
2017-08-04 12:27:38.268000,12.68248,12.68011,370,370
2017-08-04 12:27:38.319000,12.68291,12.68051,370,370
2017-08-04 12:27:38.370000,12.68408,12.68151,370,370
2017-08-04 12:27:38.420000,12.68389,12.68221,300,370
2017-08-04 12:27:38.521000,12.68448,12.68221,370,370
2017-08-04 12:27:38.773000,12.68388,12.68132,300,670
2017-08-04 12:27:38.824000,12.68389,12.68151,300,370
2017-08-04 12:27:38.875000,12.68449,12.68168,370,370
2017-08-04 12:27:39.570000,12.68442,12.68168,370,370
2017-08-04 12:27:39.933000,12.68398,12.68132,220,300
2017-08-04 12:27:40.503000,12.68399,12.68131,220,300
2017-08-04 12:27:41.391000,12.68398,12.68132,220,300
2017-08-04 12:27:41.442000,12.68349,12.68068,370,370
2017-08-04 12:27:42.536000,12.68348,12.68068,370,370
2017-08-04 12:27:43.083000,12.68349,12.68068,370,370
2017-08-04 12:27:43.650000,12.68348,12.68068,370,370
2017-08-04 12:27:44.222000,12.68349,12.68068,370,370
2017-08-04 12:27:45.278000,12.68348,12.68068,370,370
2017-08-04 12:27:46.120000,12.68349,12.68068,370,370
2017-08-04 12:27:46.654000,12.68348,12.68068,370,370
2017-08-04 12:27:47.513000,12.68349,12.68068,370,370
2017-08-04 12:27:47.564000,12.68349,12.68121,370,220
2017-08-04 12:27:47.665000,12.68348,12.68069,370,370
2017-08-04 12:27:48.211000,12.68349,12.68069,370,370
2017-08-04 12:27:48.339000,12.68318,12.68069,300,370
2017-08-04 12:27:48.500000,12.68289,12.68031,300,670
2017-08-04 12:27:48.601000,12.68288,12.68022,300,220
2017-08-04 12:27:48.652000,12.68289,12.67969,300,370
2017-08-04 12:27:48.703000,12.68262,12.68001,370,300
2017-08-04 12:27:48.753000,12.68262,12.67969,370,370
2017-08-04 12:27:48.804000,12.68262,12.68032,370,670
2017-08-04 12:27:48.989000,12.68298,12.68031,370,300
2017-08-04 12:27:49.040000,12.68298,12.68059,370,370
2017-08-04 12:27:49.192000,12.68272,12.67958,370,370
2017-08-04 12:27:49.711000,12.68252,12.67958,370,370
2017-08-04 12:27:49.996000,12.68282,12.67958,750,370
2017-08-04 12:27:50.621000,12.68258,12.67958,370,370
2017-08-04 12:27:51.470000,12.68249,12.67958,370,370
2017-08-04 12:27:53.032000,12.68248,12.67958,370,370
2017-08-04 12:27:53.579000,12.68249,12.67958,370,370
2017-08-04 12:27:54.130000,12.68248,12.67958,370,370
2017-08-04 12:27:54.720000,12.68249,12.67958,370,370
2017-08-04 12:27:55.235000,12.68248,12.67958,370,370
2017-08-04 12:27:56.002000,12.68249,12.67958,370,370
2017-08-04 12:27:56.310000,12.68218,12.67958,300,370
2017-08-04 12:27:56.360000,12.68248,12.67958,370,370
2017-08-04 12:27:56.488000,12.68241,12.67958,370,370
2017-08-04 12:27:56.639000,12.68248,12.67958,370,370
2017-08-04 12:27:57.217000,12.68249,12.67958,370,370
2017-08-04 12:27:58.460000,12.68248,12.67958,370,370
2017-08-04 12:27:59.119000,12.68249,12.67958,370,370
2017-08-04 12:27:59.961000,12.68292,12.68031,370,300
2017-08-04 12:28:00.163000,12.68351,12.68058,370,370
2017-08-04 12:28:00.314000,12.68299,12.68012,220,370
2017-08-04 12:28:00.664000,12.68312,12.68032,370,370
2017-08-04 12:28:00.967000,12.68299,12.68059,370,370
2017-08-04 12:28:02.123000,12.68349,12.68052,370,370
2017-08-04 12:28:02.290000,12.68349,12.68049,370,370
2017-08-04 12:28:02.570000,12.68322,12.68049,370,370
2017-08-04 12:28:02.671000,12.68332,12.68049,370,370
2017-08-04 12:28:03.291000,12.68332,12.68051,370,370
2017-08-04 12:28:03.392000,12.68349,12.68052,370,370
2017-08-04 12:28:03.493000,12.68331,12.68052,370,370
2017-08-04 12:28:03.796000,12.68348,12.68052,370,370
2017-08-04 12:28:03.897000,12.68342,12.68051,370,370
2017-08-04 12:28:04.161000,12.68348,12.68052,370,370
2017-08-04 12:28:04.363000,12.68332,12.68052,370,370
2017-08-04 12:28:04.464000,12.68348,12.68052,370,370
2017-08-04 12:28:04.770000,12.68331,12.68051,370,370
2017-08-04 12:28:05.090000,12.68348,12.68052,370,370
2017-08-04 12:28:05.191000,12.68332,12.68051,370,370
2017-08-04 12:28:05.254000,12.68349,12.68051,750,370
2017-08-04 12:28:05.455000,12.68341,12.68051,370,370
2017-08-04 12:28:05.900000,12.68322,12.68052,370,370
2017-08-04 12:28:05.955000,12.68348,12.68052,370,370
2017-08-04 12:28:06.179000,12.68342,12.68052,370,370
2017-08-04 12:28:06.301000,12.68349,12.68051,750,370
2017-08-04 12:28:06.890000,12.68341,12.68052,370,370
2017-08-04 12:28:06.991000,12.68348,12.68052,370,370
2017-08-04 12:28:07.293000,12.68342,12.68051,370,370
2017-08-04 12:28:07.881000,12.68349,12.68051,750,370
2017-08-04 12:28:08.108000,12.68341,12.68052,370,370
2017-08-04 12:28:08.780000,12.68332,12.68051,370,370
2017-08-04 12:28:09.430000,12.68332,12.68052,370,370
2017-08-04 12:28:09.795000,12.68349,12.68051,750,370
2017-08-04 12:28:10.075000,12.68332,12.68052,370,370
2017-08-04 12:28:10.719000,12.68332,12.68051,370,370
2017-08-04 12:28:10.981000,12.68349,12.68051,750,370
2017-08-04 12:28:13.010000,12.68349,12.68052,370,370
2017-08-04 12:28:13.559000,12.68349,12.68051,370,370
2017-08-04 12:28:13.660000,12.68348,12.68099,370,370
2017-08-04 12:28:13.812000,12.68341,12.68052,370,370
2017-08-04 12:28:14.134000,12.68349,12.68051,370,370
2017-08-04 12:28:14.185000,12.68341,12.68052,370,370
2017-08-04 12:28:14.478000,12.68348,12.68052,370,370
2017-08-04 12:28:14.667000,12.68299,12.68021,220,370
2017-08-04 12:28:14.718000,12.68299,12.67999,220,370
2017-08-04 12:28:14.819000,12.68271,12.67971,370,370
2017-08-04 12:28:15.158000,12.68262,12.68052,370,370
2017-08-04 12:28:15.259000,12.68248,12.67999,370,370
2017-08-04 12:28:15.360000,12.68258,12.67952,370,370
2017-08-04 12:28:15.411000,12.68258,12.67998,370,370
2017-08-04 12:28:15.750000,12.68258,12.67951,370,370
2017-08-04 12:28:15.901000,12.68302,12.68022,370,220
2017-08-04 12:28:16.002000,12.68322,12.68021,370,600
2017-08-04 12:28:16.053000,12.68348,12.68049,370,370
2017-08-04 12:28:16.355000,12.68261,12.68012,370,370
2017-08-04 12:28:16.406000,12.68271,12.68012,370,370
2017-08-04 12:28:16.457000,12.68259,12.67952,370,370
2017-08-04 12:28:16.558000,12.68259,12.68021,370,370
2017-08-04 12:28:17.075000,12.68259,12.68049,370,370
2017-08-04 12:28:17.126000,12.68349,12.68049,370,370
2017-08-04 12:28:17.333000,12.68332,12.68049,370,370
2017-08-04 12:28:17.434000,12.68348,12.68049,370,370
2017-08-04 12:28:17.580000,12.68348,12.68052,370,370
2017-08-04 12:28:18.009000,12.68322,12.68052,370,370
2017-08-04 12:28:18.116000,12.68342,12.68052,370,370
2017-08-04 12:28:18.217000,12.68348,12.68052,370,370
2017-08-04 12:28:18.318000,12.68332,12.68052,370,370
2017-08-04 12:28:18.586000,12.68348,12.68052,370,370
2017-08-04 12:28:19.204000,12.68342,12.68051,370,370
2017-08-04 12:28:19.416000,12.68348,12.68052,370,370
2017-08-04 12:28:20.048000,12.68349,12.68051,370,370
2017-08-04 12:28:20.670000,12.68298,12.68049,220,370
2017-08-04 12:28:20.721000,12.68271,12.68021,370,600
2017-08-04 12:28:20.822000,12.68329,12.68049,370,370
2017-08-04 12:28:21.110000,12.68298,12.68049,220,370
2017-08-04 12:28:21.412000,12.68398,12.68161,220,370
2017-08-04 12:28:21.663000,12.68398,12.68099,220,370
2017-08-04 12:28:21.714000,12.68391,12.68099,370,370
2017-08-04 12:28:21.865000,12.68399,12.68098,220,370
2017-08-04 12:28:21.916000,12.68382,12.68098,370,370
2017-08-04 12:28:22.089000,12.68372,12.68081,370,370
2017-08-04 12:28:22.240000,12.68361,12.68081,370,370
2017-08-04 12:28:22.595000,12.68399,12.68099,220,370
2017-08-04 12:28:22.646000,12.68372,12.68081,370,370
2017-08-04 12:28:23.102000,12.68361,12.68081,370,370
2017-08-04 12:28:23.203000,12.68412,12.68099,370,370
2017-08-04 12:28:23.254000,12.68412,12.68152,370,370
2017-08-04 12:28:23.304000,12.68421,12.68152,370,370
2017-08-04 12:28:23.549000,12.68349,12.68152,370,370
2017-08-04 12:28:23.761000,12.68349,12.68051,370,370
2017-08-04 12:28:24.023000,12.68349,12.68049,370,370
2017-08-04 12:28:24.073000,12.68348,12.68052,370,370
2017-08-04 12:28:24.175000,12.68348,12.68049,370,370
2017-08-04 12:28:24.225000,12.68348,12.68052,370,370
2017-08-04 12:28:24.377000,12.68349,12.68049,370,370
2017-08-04 12:28:24.615000,12.68349,12.68051,370,370
2017-08-04 12:28:25.274000,12.68371,12.68052,370,370
2017-08-04 12:28:25.735000,12.68361,12.68052,370,370
2017-08-04 12:28:26.061000,12.68349,12.68051,370,370
2017-08-04 12:28:27.001000,12.68348,12.68052,370,370
2017-08-04 12:28:27.511000,12.68349,12.68051,370,370
2017-08-04 12:28:28.143000,12.68348,12.68052,370,370
2017-08-04 12:28:28.484000,12.68348,12.68049,370,370
2017-08-04 12:28:28.535000,12.68342,12.68049,370,370
2017-08-04 12:28:28.806000,12.68349,12.68049,370,370
2017-08-04 12:28:28.907000,12.68341,12.68049,370,370
2017-08-04 12:28:29.131000,12.68349,12.68049,370,370
2017-08-04 12:28:29.434000,12.68341,12.68049,370,370
2017-08-04 12:28:29.535000,12.68348,12.68049,370,370
2017-08-04 12:28:30.059000,12.68349,12.68051,370,370
2017-08-04 12:28:30.564000,12.68348,12.68052,370,370
2017-08-04 12:28:31.474000,12.68349,12.68051,370,370
2017-08-04 12:28:32.031000,12.68371,12.68052,370,370
2017-08-04 12:28:32.132000,12.68359,12.68059,370,370
2017-08-04 12:28:32.334000,12.68359,12.68051,370,370
2017-08-04 12:28:32.621000,12.68359,12.68059,370,370
2017-08-04 12:28:32.846000,12.68359,12.68051,370,370
2017-08-04 12:28:33.331000,12.68371,12.68121,370,600
2017-08-04 12:28:33.432000,12.68429,12.68148,370,370
2017-08-04 12:28:33.853000,12.68429,12.68152,370,370
2017-08-04 12:28:34.451000,12.68429,12.68151,370,370
2017-08-04 12:28:34.653000,12.68491,12.68199,370,370
2017-08-04 12:28:34.754000,12.68462,12.68151,370,370
2017-08-04 12:28:34.941000,12.68462,12.68148,370,370
2017-08-04 12:28:35.042000,12.68422,12.68142,370,370
2017-08-04 12:28:35.500000,12.68432,12.68149,370,370
2017-08-04 12:28:35.551000,12.68458,12.68149,370,370
2017-08-04 12:28:36.984000,12.68421,12.68122,370,600
2017-08-04 12:28:37.136000,12.68458,12.68149,370,370
2017-08-04 12:28:37.441000,12.68421,12.68122,370,600
2017-08-04 12:28:37.542000,12.68458,12.68148,370,370
2017-08-04 12:28:37.759000,12.68462,12.68199,370,370
2017-08-04 12:28:37.860000,12.68472,12.68148,370,370
2017-08-04 12:28:38.570000,12.68461,12.68148,370,370
2017-08-04 12:28:38.933000,12.68451,12.68158,370,370
2017-08-04 12:28:39.139000,12.68459,12.68158,370,370
2017-08-04 12:28:40.453000,12.68482,12.68158,370,370
2017-08-04 12:28:40.504000,12.68491,12.68209,370,370
2017-08-04 12:28:40.554000,12.68528,12.68209,370,370
2017-08-04 12:28:40.756000,12.68481,12.68159,370,370
2017-08-04 12:28:40.907000,12.68492,12.68208,370,370
2017-08-04 12:28:40.958000,12.68498,12.68208,220,370
2017-08-04 12:28:41.009000,12.68482,12.68158,370,370
2017-08-04 12:28:41.451000,12.68522,12.68208,370,370
2017-08-04 12:28:41.754000,12.68582,12.68321,750,220
2017-08-04 12:28:41.855000,12.68602,12.68309,370,370
2017-08-04 12:28:41.956000,12.68582,12.68258,370,370
2017-08-04 12:28:42.006000,12.68549,12.68258,370,370
2017-08-04 12:28:42.621000,12.68548,12.68258,370,370
2017-08-04 12:28:43.141000,12.68549,12.68258,370,370
2017-08-04 12:28:43.813000,12.68548,12.68258,370,370
2017-08-04 12:28:44.396000,12.68549,12.68258,370,370
2017-08-04 12:28:44.985000,12.68559,12.68258,370,370
2017-08-04 12:28:45.237000,12.68582,12.68258,370,370
2017-08-04 12:28:45.288000,12.68592,12.68321,370,600
2017-08-04 12:28:45.716000,12.68598,12.68358,370,370
2017-08-04 12:28:46.170000,12.68598,12.68321,370,370
2017-08-04 12:28:46.271000,12.68631,12.68309,370,370
2017-08-04 12:28:46.372000,12.68642,12.68358,370,370
2017-08-04 12:28:46.523000,12.68631,12.68309,370,370
2017-08-04 12:28:46.624000,12.68531,12.68292,370,370
2017-08-04 12:28:46.776000,12.68531,12.68221,370,600
2017-08-04 12:28:46.877000,12.68532,12.68208,370,370
2017-08-04 12:28:47.083000,12.68481,12.68171,370,750
2017-08-04 12:28:47.265000,12.68522,12.68208,370,370
2017-08-04 12:28:47.691000,12.68532,12.68208,370,370
2017-08-04 12:28:47.792000,12.68541,12.68219,370,370
2017-08-04 12:28:48.180000,12.68522,12.68219,370,370
2017-08-04 12:28:48.410000,12.68541,12.68219,370,370
2017-08-04 12:28:48.790000,12.68492,12.68178,370,370
2017-08-04 12:28:48.891000,12.68492,12.68171,370,370
2017-08-04 12:28:49.029000,12.68511,12.68218,370,370
2017-08-04 12:28:49.080000,12.68519,12.68218,370,370
2017-08-04 12:28:49.131000,12.68491,12.68188,370,370
2017-08-04 12:28:49.290000,12.68491,12.68171,370,370
2017-08-04 12:28:49.391000,12.68491,12.68178,370,370
2017-08-04 12:28:49.492000,12.68491,12.68169,370,370
2017-08-04 12:28:51.182000,12.68448,12.68169,370,370
2017-08-04 12:28:51.523000,12.68398,12.68128,220,370
2017-08-04 12:28:51.574000,12.68398,12.68118,220,370
2017-08-04 12:28:51.624000,12.68398,12.68128,220,370
2017-08-04 12:28:52.011000,12.68399,12.68092,220,370
2017-08-04 12:28:52.112000,12.68298,12.68092,220,370
2017-08-04 12:28:52.163000,12.68298,12.68048,220,370
2017-08-04 12:28:52.214000,12.68299,12.68028,220,750
2017-08-04 12:28:52.264000,12.68348,12.68078,370,370
2017-08-04 12:28:53.042000,12.68349,12.68078,370,370
2017-08-04 12:28:53.553000,12.68348,12.68078,370,370
2017-08-04 12:28:53.865000,12.68299,12.68029,220,370
2017-08-04 12:28:54.392000,12.68298,12.68029,220,370
2017-08-04 12:28:54.490000,12.68298,12.67992,220,370
2017-08-04 12:28:54.541000,12.68299,12.67978,220,370
2017-08-04 12:28:54.591000,12.68282,12.67978,370,370
2017-08-04 12:28:54.988000,12.68299,12.67978,220,370
2017-08-04 12:28:55.511000,12.68298,12.67978,220,370
2017-08-04 12:28:56.160000,12.68299,12.67978,220,370
2017-08-04 12:28:56.362000,12.68322,12.68028,370,370
2017-08-04 12:28:56.513000,12.68312,12.67998,370,370
2017-08-04 12:28:56.614000,12.68298,12.67998,220,370
2017-08-04 12:28:57.142000,12.68299,12.67998,220,370
2017-08-04 12:28:57.193000,12.68262,12.67959,370,370
2017-08-04 12:28:57.294000,12.68262,12.67948,370,370
2017-08-04 12:28:57.804000,12.68261,12.67949,370,370
2017-08-04 12:28:58.463000,12.68249,12.67949,370,370
2017-08-04 12:28:58.744000,12.68261,12.67949,370,370
2017-08-04 12:28:59.779000,12.68261,12.67951,370,370
2017-08-04 12:29:00.384000,12.68261,12.67952,750,370
2017-08-04 12:29:00.782000,12.68291,12.68021,370,220
2017-08-04 12:29:00.833000,12.68311,12.68021,370,220
2017-08-04 12:29:00.934000,12.68312,12.67998,370,370
2017-08-04 12:29:01.035000,12.68301,12.67998,370,370
2017-08-04 12:29:01.516000,12.68312,12.67998,370,370
2017-08-04 12:29:01.678000,12.68332,12.68049,370,370
2017-08-04 12:29:01.829000,12.68261,12.67949,370,370
2017-08-04 12:29:01.930000,12.68252,12.67949,370,370
2017-08-04 12:29:02.082000,12.68262,12.67948,370,370
2017-08-04 12:29:02.132000,12.68172,12.67948,370,370
2017-08-04 12:29:02.233000,12.68252,12.67948,370,370
2017-08-04 12:29:02.335000,12.68262,12.67948,370,370
2017-08-04 12:29:02.539000,12.68272,12.68048,370,370
2017-08-04 12:29:02.640000,12.68311,12.67999,370,370
2017-08-04 12:29:03.495000,12.68311,12.68048,370,370
2017-08-04 12:29:03.546000,12.68262,12.67998,370,370
2017-08-04 12:29:03.647000,12.68262,12.67948,370,370
2017-08-04 12:29:03.882000,12.68278,12.67999,370,370
2017-08-04 12:29:03.932000,12.68292,12.67999,370,370
2017-08-04 12:29:04.033000,12.68311,12.67999,370,370
2017-08-04 12:29:05.587000,12.68329,12.68049,370,370
2017-08-04 12:29:05.638000,12.68312,12.68008,370,370
2017-08-04 12:29:05.800000,12.68312,12.68022,370,220
2017-08-04 12:29:05.851000,12.68362,12.68048,370,370
2017-08-04 12:29:06.052000,12.68361,12.68069,370,370
2017-08-04 12:29:06.154000,12.68361,12.68049,370,370
2017-08-04 12:29:06.230000,12.68349,12.68049,370,370
2017-08-04 12:29:06.747000,12.68348,12.68049,370,370
2017-08-04 12:29:07.261000,12.68349,12.68049,370,370
2017-08-04 12:29:07.810000,12.68312,12.68022,370,220
2017-08-04 12:29:07.912000,12.68312,12.68018,370,370
2017-08-04 12:29:07.963000,12.68312,12.67998,370,370
2017-08-04 12:29:08.277000,12.68262,12.67988,370,370
2017-08-04 12:29:08.328000,12.68262,12.67949,370,370
2017-08-04 12:29:08.632000,12.68312,12.68021,370,220
2017-08-04 12:29:08.732000,12.68349,12.68048,370,370
2017-08-04 12:29:09.254000,12.68299,12.68048,220,370
2017-08-04 12:29:09.305000,12.68261,12.68009,370,370
2017-08-04 12:29:09.356000,12.68261,12.67968,370,370
2017-08-04 12:29:09.461000,12.68261,12.67949,370,370
2017-08-04 12:29:10.079000,12.68298,12.67979,220,370
2017-08-04 12:29:10.132000,12.68292,12.67979,370,370
2017-08-04 12:29:10.534000,12.68299,12.67979,220,370
2017-08-04 12:29:10.959000,12.68249,12.67979,370,370
2017-08-04 12:29:11.490000,12.68248,12.67979,370,370
2017-08-04 12:29:11.610000,12.68278,12.67979,370,370
2017-08-04 12:29:12.042000,12.68348,12.68078,370,370
2017-08-04 12:29:12.669000,12.68349,12.68078,370,370
2017-08-04 12:29:13.516000,12.68348,12.68078,370,370
2017-08-04 12:29:14.217000,12.68349,12.68078,370,370
2017-08-04 12:29:14.895000,12.68298,12.68042,220,370
2017-08-04 12:29:14.945000,12.68299,12.68028,220,370
2017-08-04 12:29:14.996000,12.68348,12.68028,370,370
2017-08-04 12:29:15.047000,12.68301,12.67979,370,370
2017-08-04 12:29:15.197000,12.68298,12.67979,220,370
2017-08-04 12:29:15.729000,12.68298,12.68022,220,220
2017-08-04 12:29:15.780000,12.68341,12.68041,370,370
2017-08-04 12:29:15.830000,12.68348,12.68068,370,370
2017-08-04 12:29:16.955000,12.68349,12.68068,370,370
2017-08-04 12:29:18.123000,12.68348,12.68068,370,370
2017-08-04 12:29:19.131000,12.68299,12.68068,220,370
2017-08-04 12:29:19.182000,12.68298,12.68042,220,370
2017-08-04 12:29:19.233000,12.68342,12.68042,370,370
2017-08-04 12:29:19.334000,12.68391,12.68069,370,370
2017-08-04 12:29:20.080000,12.68441,12.68119,370,370
2017-08-04 12:29:20.181000,12.68392,12.68068,370,370
2017-08-04 12:29:21.347000,12.68449,12.68169,370,370
2017-08-04 12:29:21.548000,12.68479,12.68169,370,370
2017-08-04 12:29:21.771000,12.68448,12.68169,370,370
2017-08-04 12:29:21.822000,12.68441,12.68121,370,220
2017-08-04 12:29:21.938000,12.68441,12.68119,370,370
2017-08-04 12:29:21.989000,12.68392,12.68068,370,370
2017-08-04 12:29:22.906000,12.68341,12.68042,370,370
2017-08-04 12:29:22.957000,12.68392,12.68068,370,370
2017-08-04 12:29:23.657000,12.68441,12.68119,370,370
2017-08-04 12:29:23.818000,12.68392,12.68068,370,370
2017-08-04 12:29:24.317000,12.68248,12.67969,370,370
2017-08-04 12:29:24.521000,12.68291,12.67969,370,370
2017-08-04 12:29:24.825000,12.68242,12.67921,370,220
2017-08-04 12:29:24.977000,12.68292,12.67968,370,370
2017-08-04 12:29:25.858000,12.68241,12.67941,370,370
2017-08-04 12:29:26.009000,12.68292,12.67968,370,370
2017-08-04 12:29:26.213000,12.68342,12.68018,370,370
2017-08-04 12:29:26.669000,12.68391,12.68069,370,370
2017-08-04 12:29:26.972000,12.68342,12.68018,370,370
2017-08-04 12:29:27.131000,12.68379,12.68069,370,370
2017-08-04 12:29:27.282000,12.68341,12.68019,370,370
2017-08-04 12:29:27.436000,12.68392,12.68068,370,370
2017-08-04 12:29:27.638000,12.68349,12.68118,370,370
2017-08-04 12:29:27.753000,12.68341,12.68041,370,370
2017-08-04 12:29:27.805000,12.68298,12.68019,220,370
2017-08-04 12:29:27.906000,12.68292,12.67968,370,370
2017-08-04 12:29:28.755000,12.68299,12.68018,220,370
2017-08-04 12:29:28.805000,12.68342,12.68018,370,370
2017-08-04 12:29:28.907000,12.68291,12.67992,370,370
2017-08-04 12:29:29.008000,12.68291,12.67969,370,370
2017-08-04 12:29:29.059000,12.68299,12.68019,220,370
2017-08-04 12:29:29.110000,12.68341,12.68019,370,370
2017-08-04 12:29:29.320000,12.68299,12.68019,220,370
2017-08-04 12:29:29.371000,12.68291,12.67969,370,370
2017-08-04 12:29:29.623000,12.68299,12.67921,220,220
2017-08-04 12:29:29.834000,12.68299,12.67929,220,370
2017-08-04 12:29:29.885000,12.68349,12.67929,370,370
2017-08-04 12:29:29.935000,12.68298,12.67929,220,370
2017-08-04 12:29:30.087000,12.68349,12.67879,370,370
2017-08-04 12:29:30.602000,12.68349,12.67979,370,370
2017-08-04 12:29:30.653000,12.68491,12.67979,370,370
2017-08-04 12:29:30.717000,12.68349,12.67979,370,370
2017-08-04 12:29:31.746000,12.68348,12.67979,370,370
2017-08-04 12:29:31.886000,12.68542,12.68101,370,220
2017-08-04 12:29:32.038000,12.68549,12.68108,370,370
2017-08-04 12:29:32.790000,12.68548,12.68108,370,370
2017-08-04 12:29:32.997000,12.68642,12.68108,370,370
2017-08-04 12:29:33.450000,12.68692,12.68178,370,370
2017-08-04 12:29:33.783000,12.68648,12.68228,370,370
2017-08-04 12:29:34.368000,12.68548,12.68178,370,370
2017-08-04 12:29:34.469000,12.68548,12.68122,370,370
2017-08-04 12:29:34.997000,12.68549,12.68121,370,370
2017-08-04 12:29:35.200000,12.68548,12.68178,370,370
2017-08-04 12:29:35.351000,12.68549,12.68129,370,370
2017-08-04 12:29:35.781000,12.68549,12.68178,370,370
2017-08-04 12:29:36.023000,12.68528,12.68078,370,370
2017-08-04 12:29:36.292000,12.68528,12.68122,370,370
2017-08-04 12:29:36.393000,12.68548,12.68122,370,370
2017-08-04 12:29:36.610000,12.68548,12.68128,370,370
2017-08-04 12:29:36.661000,12.68628,12.68128,370,370
2017-08-04 12:29:36.979000,12.68449,12.68078,370,370
2017-08-04 12:29:37.530000,12.68448,12.68078,370,370
2017-08-04 12:29:38.060000,12.68449,12.68078,370,370
2017-08-04 12:29:38.570000,12.68448,12.68078,370,370
2017-08-04 12:29:39.309000,12.68449,12.68078,370,370
2017-08-04 12:29:39.771000,12.68449,12.68028,370,370
2017-08-04 12:29:40.276000,12.68449,12.68029,370,370
2017-08-04 12:29:41.476000,12.68448,12.68029,370,370
2017-08-04 12:29:41.856000,12.68449,12.68078,370,370
2017-08-04 12:29:42.159000,12.68449,12.68021,370,370
2017-08-04 12:29:42.352000,12.68529,12.68079,370,370
2017-08-04 12:29:42.830000,12.68448,12.68028,370,370
2017-08-04 12:29:42.931000,12.68529,12.68029,370,370
2017-08-04 12:29:43.126000,12.68429,12.68021,370,370
2017-08-04 12:29:43.784000,12.68449,12.68021,370,370
2017-08-04 12:29:44.208000,12.68448,12.68028,370,370
2017-08-04 12:29:44.309000,12.68449,12.67921,370,370
2017-08-04 12:29:44.360000,12.68428,12.67922,370,370
2017-08-04 12:29:44.710000,12.68429,12.67929,370,370
2017-08-04 12:29:45.024000,12.68348,12.67928,370,370
2017-08-04 12:29:45.606000,12.68349,12.67928,370,370
2017-08-04 12:29:45.858000,12.68428,12.67928,370,370
2017-08-04 12:29:46.063000,12.68491,12.67979,370,370
2017-08-04 12:29:46.165000,12.68452,12.67918,370,370
2017-08-04 12:29:46.577000,12.68428,12.67918,370,370
2017-08-04 12:29:47.260000,12.68429,12.67918,370,370
2017-08-04 12:29:47.603000,12.68392,12.67878,370,370
2017-08-04 12:29:47.654000,12.68392,12.67922,370,370
2017-08-04 12:29:47.705000,12.68379,12.67878,370,370
2017-08-04 12:29:47.755000,12.68352,12.67871,370,370
2017-08-04 12:29:47.856000,12.68378,12.67878,370,370
2017-08-04 12:29:47.958000,12.68392,12.67878,370,370
2017-08-04 12:29:48.008000,12.68428,12.67929,370,370
2017-08-04 12:29:48.109000,12.68392,12.67878,370,370
2017-08-04 12:29:48.262000,12.68428,12.67908,370,370
2017-08-04 12:29:48.558000,12.68392,12.67878,370,370
2017-08-04 12:29:48.709000,12.68479,12.67908,370,370
2017-08-04 12:29:48.760000,12.68492,12.67908,370,370
2017-08-04 12:29:48.810000,12.68479,12.68028,370,370
2017-08-04 12:29:48.861000,12.68508,12.68028,370,370
2017-08-04 12:29:48.962000,12.68452,12.67918,370,370
2017-08-04 12:29:49.063000,12.68428,12.67918,370,370
2017-08-04 12:29:49.113000,12.68491,12.67979,370,370
2017-08-04 12:29:49.229000,12.68478,12.67979,370,370
2017-08-04 12:29:49.622000,12.68492,12.67978,370,370
2017-08-04 12:29:49.723000,12.68529,12.68008,370,370
2017-08-04 12:29:49.976000,12.68529,12.68028,370,370
2017-08-04 12:29:50.026000,12.68542,12.68028,370,370
2017-08-04 12:29:50.161000,12.68479,12.68028,370,370
2017-08-04 12:29:50.211000,12.68442,12.67928,370,370
2017-08-04 12:29:51.030000,12.68492,12.67978,370,370
2017-08-04 12:29:51.131000,12.68552,12.68018,370,370
2017-08-04 12:29:51.233000,12.68592,12.68078,370,370
2017-08-04 12:29:51.535000,12.68641,12.68109,370,370
2017-08-04 12:29:52.007000,12.68591,12.68079,370,370
2017-08-04 12:29:52.343000,12.68541,12.68029,370,370
2017-08-04 12:29:52.509000,12.68592,12.68078,370,370
2017-08-04 12:29:52.784000,12.68542,12.68028,370,370
2017-08-04 12:29:53.328000,12.68492,12.67978,370,370
2017-08-04 12:29:53.941000,12.68491,12.67979,370,370
2017-08-04 12:29:54.243000,12.68552,12.68008,370,370
2017-08-04 12:29:54.394000,12.68492,12.67978,370,370
2017-08-04 12:29:54.608000,12.68541,12.68009,370,370
2017-08-04 12:29:54.891000,12.68592,12.68078,370,370
2017-08-04 12:29:54.992000,12.68641,12.68109,370,370
2017-08-04 12:29:55.093000,12.68641,12.68262,370,370
2017-08-04 12:29:55.144000,12.68842,12.68308,370,370
2017-08-04 12:29:56.110000,12.68782,12.68268,370,370
2017-08-04 12:29:56.309000,12.68831,12.68299,370,370
2017-08-04 12:29:56.988000,12.68749,12.68269,370,370
2017-08-04 12:29:57.211000,12.68742,12.68201,370,220
2017-08-04 12:29:57.463000,12.68741,12.68261,370,220
2017-08-04 12:29:57.981000,12.68742,12.68262,370,220
2017-08-04 12:29:58.181000,12.68841,12.68269,370,370
2017-08-04 12:29:58.282000,12.68842,12.68111,370,220
2017-08-04 12:29:58.434000,12.68642,12.68012,370,220
2017-08-04 12:29:58.763000,12.68541,12.67919,370,370
2017-08-04 12:29:58.864000,12.68542,12.67811,370,220
2017-08-04 12:29:59.048000,12.68341,12.67811,370,220
2017-08-04 12:29:59.149000,12.68442,12.67872,370,220
2017-08-04 12:29:59.200000,12.68442,12.67962,370,220
2017-08-04 12:29:59.301000,12.68542,12.67971,370,220
2017-08-04 12:29:59.452000,12.68842,12.68118,370,370
2017-08-04 12:29:59.553000,12.68841,12.67972,370,220
2017-08-04 12:29:59.960000,12.68419,12.67969,220,370
2017-08-04 12:30:00.011000,12.68419,12.67918,220,370
2017-08-04 12:30:00.112000,12.68448,12.67668,600,370
2017-08-04 12:30:00.162000,12.68442,12.67662,370,220
2017-08-04 12:30:00.465000,12.68541,12.67799,370,370
2017-08-04 12:30:00.793000,12.68541,12.67819,370,370
2017-08-04 12:30:01.143000,12.68242,12.67771,370,220
2017-08-04 12:30:01.294000,12.68442,12.67772,370,220
2017-08-04 12:30:01.726000,12.65809,12.64999,2470,370
2017-08-04 12:30:02.290000,12.65241,12.64499,370,370
2017-08-04 12:30:02.621000,12.64938,12.64192,340,370
2017-08-04 12:30:03.459000,12.63899,12.63567,220,20
2017-08-04 12:30:03.510000,12.64332,12.63771,370,100
2017-08-04 12:30:03.617000,12.64482,12.64101,370,370
2017-08-04 12:30:03.668000,12.64482,12.63791,370,370
2017-08-04 12:30:03.924000,12.64412,12.63688,370,370
2017-08-04 12:30:04.406000,12.64598,12.63988,220,370
2017-08-04 12:30:04.557000,12.64732,12.64008,370,370
2017-08-04 12:30:04.752000,12.64799,12.64009,220,370
2017-08-04 12:30:04.829000,12.64921,12.64199,370,370
2017-08-04 12:30:04.880000,12.64939,12.64198,110,370
2017-08-04 12:30:04.931000,12.64849,12.64198,370,370
2017-08-04 12:30:05.064000,12.65142,12.64198,370,370
2017-08-04 12:30:05.115000,12.64449,12.64019,370,370
2017-08-04 12:30:05.457000,12.64549,12.63909,370,370
2017-08-04 12:30:05.508000,12.64452,12.63801,370,370
2017-08-04 12:30:05.615000,12.64581,12.63809,370,370
2017-08-04 12:30:05.884000,12.64398,12.63729,220,370
2017-08-04 12:30:05.968000,12.64401,12.63729,370,370
2017-08-04 12:30:06.019000,12.64298,12.63829,220,370
2017-08-04 12:30:06.076000,12.64551,12.63829,370,370
2017-08-04 12:30:06.217000,12.64099,12.63829,220,370
2017-08-04 12:30:06.306000,12.64099,12.63567,220,20
2017-08-04 12:30:06.357000,12.64199,12.63567,220,20
2017-08-04 12:30:06.408000,12.64299,12.63721,220,220
2017-08-04 12:30:06.747000,12.64348,12.63919,370,370
2017-08-04 12:30:06.798000,12.64449,12.63851,370,370
2017-08-04 12:30:06.964000,12.64248,12.63852,370,370
2017-08-04 12:30:07.014000,12.64248,12.63818,370,370
2017-08-04 12:30:07.192000,12.64249,12.63919,370,370
2017-08-04 12:30:07.371000,12.64248,12.63818,370,370
2017-08-04 12:30:07.472000,12.64229,12.63818,370,370
2017-08-04 12:30:07.574000,12.64261,12.63567,370,20
2017-08-04 12:30:07.693000,12.64099,12.63567,220,20
2017-08-04 12:30:08.040000,12.63998,12.63622,220,600
2017-08-04 12:30:08.162000,12.64099,12.63618,220,370
2017-08-04 12:30:08.230000,12.64099,12.63567,220,20
2017-08-04 12:30:08.291000,12.63998,12.63567,220,20
2017-08-04 12:30:08.473000,12.64099,12.63567,220,20
2017-08-04 12:30:08.610000,12.63999,12.63567,220,20
2017-08-04 12:30:08.686000,12.64049,12.63571,370,370
2017-08-04 12:30:08.737000,12.63999,12.63567,220,20
2017-08-04 12:30:08.838000,12.64049,12.63567,370,20
2017-08-04 12:30:08.889000,12.64198,12.63852,220,370
2017-08-04 12:30:09.150000,12.64299,12.63918,220,370
2017-08-04 12:30:09.251000,12.64199,12.63918,220,370
2017-08-04 12:30:09.301000,12.64299,12.63921,220,220
2017-08-04 12:30:09.352000,12.64348,12.63919,410,370
2017-08-04 12:30:09.403000,12.64299,12.63951,220,370
2017-08-04 12:30:09.542000,12.64298,12.63922,220,220
2017-08-04 12:30:09.605000,12.64298,12.64052,220,370
2017-08-04 12:30:09.656000,12.64349,12.64011,370,370
2017-08-04 12:30:09.756000,12.64501,12.63919,370,370
2017-08-04 12:30:09.807000,12.64349,12.64111,370,370
2017-08-04 12:30:09.858000,12.64398,12.64019,220,370
2017-08-04 12:30:09.908000,12.64348,12.64019,370,370
2017-08-04 12:30:09.959000,12.64601,12.64019,370,370
2017-08-04 12:30:10.010000,12.64149,12.63619,370,370
2017-08-04 12:30:10.060000,12.64299,12.63651,220,370
2017-08-04 12:30:10.213000,12.64398,12.63822,220,600
2017-08-04 12:30:10.516000,12.64198,12.63719,220,370
2017-08-04 12:30:10.667000,12.64198,12.63622,220,600
2017-08-04 12:30:10.791000,12.64298,12.63722,220,600
2017-08-04 12:30:11.095000,12.64499,12.64119,220,370
2017-08-04 12:30:11.145000,12.64398,12.63919,220,370
2017-08-04 12:30:11.196000,12.64499,12.63919,220,370
2017-08-04 12:30:11.247000,12.64498,12.64012,220,370
2017-08-04 12:30:11.592000,12.64399,12.64119,220,370
2017-08-04 12:30:11.643000,12.64449,12.64119,370,370
2017-08-04 12:30:11.694000,12.64498,12.64212,220,370
2017-08-04 12:30:11.744000,12.64549,12.64119,370,370
2017-08-04 12:30:11.795000,12.64548,12.64122,370,220
2017-08-04 12:30:11.897000,12.64499,12.64071,220,370
2017-08-04 12:30:11.998000,12.64499,12.64051,220,370
2017-08-04 12:30:12.049000,12.64549,12.64118,370,370
2017-08-04 12:30:12.212000,12.64549,12.64111,370,370
2017-08-04 12:30:12.314000,12.64398,12.64018,220,370
2017-08-04 12:30:12.365000,12.64599,12.64211,220,370
2017-08-04 12:30:12.416000,12.64602,12.64372,370,370
2017-08-04 12:30:12.467000,12.64898,12.64372,220,370
2017-08-04 12:30:12.517000,12.64699,12.64219,220,370
2017-08-04 12:30:12.859000,12.64799,12.64411,220,370
2017-08-04 12:30:13.061000,12.64798,12.64318,220,370
2017-08-04 12:30:13.112000,12.64992,12.64318,370,370
2017-08-04 12:30:13.163000,12.64799,12.64318,220,370
2017-08-04 12:30:13.512000,12.64649,12.64219,370,370
2017-08-04 12:30:13.714000,12.64992,12.64318,370,370
2017-08-04 12:30:13.764000,12.64899,12.64471,220,370
2017-08-04 12:30:13.867000,12.65041,12.64319,370,370
2017-08-04 12:30:14.002000,12.65142,12.64349,370,370
2017-08-04 12:30:14.054000,12.65142,12.64518,370,370
2017-08-04 12:30:14.357000,12.64935,12.64228,370,370
2017-08-04 12:30:14.408000,12.64699,12.64228,220,370
2017-08-04 12:30:14.459000,12.64799,12.64228,220,370
2017-08-04 12:30:14.655000,12.64699,12.64228,220,370
2017-08-04 12:30:14.756000,12.64902,12.64228,370,370
2017-08-04 12:30:14.807000,12.64479,12.64221,370,220
2017-08-04 12:30:14.922000,12.64698,12.64229,220,370
2017-08-04 12:30:15.170000,12.64499,12.64159,220,370
2017-08-04 12:30:15.221000,12.64699,12.64159,220,370
2017-08-04 12:30:15.272000,12.64699,12.64151,220,370
2017-08-04 12:30:15.323000,12.64449,12.64058,370,370
2017-08-04 12:30:15.525000,12.64548,12.64042,370,370
2017-08-04 12:30:15.575000,12.64499,12.64051,220,370
2017-08-04 12:30:15.626000,12.64499,12.64048,220,370
2017-08-04 12:30:15.677000,12.64498,12.64052,220,370
2017-08-04 12:30:15.901000,12.64721,12.64149,370,370
2017-08-04 12:30:15.952000,12.64199,12.63849,220,370
2017-08-04 12:30:16.025000,12.64299,12.63849,220,370
2017-08-04 12:30:16.076000,12.64299,12.63949,220,370
2017-08-04 12:30:16.424000,12.64099,12.63751,220,370
2017-08-04 12:30:16.576000,12.64199,12.63751,220,370
2017-08-04 12:30:16.626000,12.64198,12.63759,220,370
2017-08-04 12:30:16.960000,12.64199,12.63761,220,370
2017-08-04 12:30:17.213000,12.64198,12.63622,220,220
2017-08-04 12:30:17.264000,12.64199,12.63571,220,370
2017-08-04 12:30:17.314000,12.64198,12.63772,220,370
2017-08-04 12:30:17.570000,12.64299,12.63858,220,370
2017-08-04 12:30:17.620000,12.64149,12.63749,370,370
2017-08-04 12:30:17.671000,12.64198,12.63749,220,370
2017-08-04 12:30:17.722000,12.64198,12.63772,220,370
2017-08-04 12:30:17.823000,12.64298,12.63842,220,370
2017-08-04 12:30:17.873000,12.64199,12.63849,220,370
2017-08-04 12:30:18.118000,12.64298,12.63942,220,370
2017-08-04 12:30:18.169000,12.64298,12.63948,220,370
2017-08-04 12:30:18.221000,12.64449,12.64041,370,370
2017-08-04 12:30:18.271000,12.64299,12.64049,220,370
2017-08-04 12:30:18.423000,12.64248,12.63938,370,370
2017-08-04 12:30:18.476000,12.64248,12.64032,370,370
2017-08-04 12:30:18.633000,12.64249,12.63939,370,370
2017-08-04 12:30:18.684000,12.64049,12.63748,370,370
2017-08-04 12:30:18.735000,12.64099,12.63748,220,370
2017-08-04 12:30:18.786000,12.64099,12.63651,220,370
2017-08-04 12:30:18.887000,12.64322,12.63567,370,20
2017-08-04 12:30:18.938000,12.64099,12.63739,220,370
2017-08-04 12:30:18.988000,12.64148,12.63739,370,370
2017-08-04 12:30:19.105000,12.64098,12.63739,220,370
2017-08-04 12:30:19.410000,12.64098,12.63838,220,370
2017-08-04 12:30:19.461000,12.64248,12.63838,370,370
2017-08-04 12:30:19.563000,12.64149,12.63838,370,370
2017-08-04 12:30:19.749000,12.64248,12.63922,370,220
2017-08-04 12:30:19.800000,12.64248,12.63932,370,370
2017-08-04 12:30:19.951000,12.64299,12.63939,220,370
2017-08-04 12:30:20.103000,12.64249,12.63938,370,370
2017-08-04 12:30:20.208000,12.64199,12.63829,220,370
2017-08-04 12:30:20.342000,12.64249,12.63838,370,370
2017-08-04 12:30:20.393000,12.64248,12.63952,370,370
2017-08-04 12:30:20.695000,12.64219,12.63929,220,370
2017-08-04 12:30:20.746000,12.64149,12.63728,370,370
2017-08-04 12:30:20.892000,12.64348,12.63942,370,220
2017-08-04 12:30:21.094000,12.64149,12.63741,370,220
2017-08-04 12:30:21.195000,12.64249,12.63941,370,220
2017-08-04 12:30:21.297000,12.64218,12.63829,220,370
2017-08-04 12:30:21.448000,12.64218,12.63742,220,220
2017-08-04 12:30:21.500000,12.64249,12.63841,370,220
2017-08-04 12:30:21.803000,12.64349,12.64028,370,370
2017-08-04 12:30:21.997000,12.64448,12.64042,370,220
2017-08-04 12:30:22.098000,12.64419,12.64029,220,370
2017-08-04 12:30:22.149000,12.64448,12.64042,370,220
2017-08-04 12:30:22.301000,12.64548,12.64142,370,220
2017-08-04 12:30:22.602000,12.64549,12.64221,370,370
2017-08-04 12:30:22.906000,12.64419,12.64221,220,370
2017-08-04 12:30:22.957000,12.64418,12.64128,220,370
2017-08-04 12:30:23.008000,12.64712,12.64128,370,370
2017-08-04 12:30:23.131000,12.64661,12.64029,370,370
2017-08-04 12:30:23.187000,12.64549,12.64141,370,220
2017-08-04 12:30:23.339000,12.64519,12.64051,220,370
2017-08-04 12:30:23.389000,12.64519,12.64141,220,220
2017-08-04 12:30:23.592000,12.64449,12.64041,370,220
2017-08-04 12:30:23.774000,12.64349,12.64029,370,370
2017-08-04 12:30:23.976000,12.64218,12.63842,220,220
2017-08-04 12:30:24.077000,12.64319,12.63841,220,220
2017-08-04 12:30:24.580000,12.64218,12.63842,220,220
2017-08-04 12:30:24.887000,12.64218,12.63828,220,370
2017-08-04 12:30:25.088000,12.64258,12.63842,370,220
2017-08-04 12:30:25.189000,12.64219,12.63841,220,220
2017-08-04 12:30:25.240000,12.64219,12.63741,220,220
2017-08-04 12:30:25.291000,12.64219,12.63841,220,220
2017-08-04 12:30:25.407000,12.64219,12.63821,220,370
2017-08-04 12:30:25.458000,12.63989,12.63648,370,370
2017-08-04 12:30:25.561000,12.63959,12.63567,370,20
2017-08-04 12:30:25.612000,12.64018,12.63642,220,220
2017-08-04 12:30:25.962000,12.63892,12.63567,370,20
2017-08-04 12:30:26.267000,12.63791,12.63567,370,20
2017-08-04 12:30:26.418000,12.63891,12.63567,370,20
2017-08-04 12:30:26.561000,12.63818,12.63567,220,20
2017-08-04 12:30:26.662000,12.63892,12.63567,370,20
2017-08-04 12:30:26.864000,12.63819,12.63567,220,20
2017-08-04 12:30:26.914000,12.63891,12.63567,370,20
2017-08-04 12:30:27.135000,12.63959,12.63567,370,20
2017-08-04 12:30:27.185000,12.63919,12.63567,220,20
2017-08-04 12:30:27.387000,12.63992,12.63567,370,20
2017-08-04 12:30:27.438000,12.63918,12.63567,220,20
2017-08-04 12:30:27.757000,12.63959,12.63641,370,220
2017-08-04 12:30:27.909000,12.63958,12.63567,370,20
2017-08-04 12:30:27.959000,12.63959,12.63641,370,220
2017-08-04 12:30:28.264000,12.63719,12.63567,220,20
2017-08-04 12:30:28.416000,12.63781,12.63567,370,20
2017-08-04 12:30:28.953000,12.63782,12.63567,370,20
2017-08-04 12:30:29.004000,12.63882,12.63567,370,20
2017-08-04 12:30:29.054000,12.63819,12.63567,220,20
2017-08-04 12:30:29.312000,12.63859,12.63567,370,20
2017-08-04 12:30:29.363000,12.63882,12.63567,370,20
2017-08-04 12:30:29.464000,12.63882,12.63652,370,370
2017-08-04 12:30:29.515000,12.63928,12.63672,370,370
2017-08-04 12:30:29.616000,12.63819,12.63567,370,20
2017-08-04 12:30:29.666000,12.63859,12.63567,370,20
2017-08-04 12:30:29.827000,12.63691,12.63567,370,20
2017-08-04 12:30:30.262000,12.63729,12.63567,370,20
2017-08-04 12:30:30.558000,12.63659,12.63567,370,20
2017-08-04 12:30:30.659000,12.63691,12.63567,370,20
2017-08-04 12:30:30.760000,12.63342,12.63142,370,220
2017-08-04 12:30:30.861000,12.63378,12.63072,370,370
2017-08-04 12:30:31.024000,12.63519,12.63359,220,370
2017-08-04 12:30:31.076000,12.63518,12.63199,220,370
2017-08-04 12:30:31.126000,12.63519,12.63221,220,370
2017-08-04 12:30:31.228000,12.63519,12.63211,220,370
2017-08-04 12:30:31.585000,12.63518,12.63308,220,370
2017-08-04 12:30:31.787000,12.63419,12.63208,220,370
2017-08-04 12:30:31.955000,12.63419,12.63161,220,370
2017-08-04 12:30:32.006000,12.63358,12.63149,370,370
2017-08-04 12:30:32.127000,12.63462,12.63048,370,370
2017-08-04 12:30:32.178000,12.63258,12.63062,370,370
2017-08-04 12:30:32.435000,12.63422,12.63008,370,370
2017-08-04 12:30:32.486000,12.63258,12.63012,370,370
2017-08-04 12:30:32.637000,12.63159,12.62898,370,370
2017-08-04 12:30:32.738000,12.63119,12.62898,220,370
2017-08-04 12:30:32.873000,12.63322,12.62898,370,370
2017-08-04 12:30:32.939000,12.63118,12.62932,220,370
2017-08-04 12:30:32.990000,12.63119,12.62909,220,370
2017-08-04 12:30:33.041000,12.63118,12.62932,220,370
2017-08-04 12:30:33.142000,12.63059,12.62809,370,370
2017-08-04 12:30:33.244000,12.62979,12.62809,370,370
2017-08-04 12:30:33.295000,12.63058,12.62759,370,370
2017-08-04 12:30:33.427000,12.63171,12.62759,370,370
2017-08-04 12:30:33.478000,12.63019,12.62758,220,370
2017-08-04 12:30:33.681000,12.62919,12.62631,220,370
2017-08-04 12:30:33.732000,12.62958,12.62632,370,370
2017-08-04 12:30:33.782000,12.62919,12.62631,220,370
2017-08-04 12:30:34.118000,12.62919,12.62701,220,370
2017-08-04 12:30:34.325000,12.63019,12.62778,220,370
2017-08-04 12:30:34.426000,12.63102,12.62728,370,370
2017-08-04 12:30:34.482000,12.63019,12.62751,220,370
2017-08-04 12:30:34.689000,12.63018,12.62739,220,370
2017-08-04 12:30:34.741000,12.63018,12.62742,220,370
2017-08-04 12:30:34.895000,12.63052,12.62688,370,370
2017-08-04 12:30:34.946000,12.62918,12.62678,220,370
2017-08-04 12:30:35.298000,12.6282,12.62642,220,370
2017-08-04 12:30:35.349000,12.62919,12.62641,220,370
2017-08-04 12:30:35.402000,12.62919,12.62638,220,370
2017-08-04 12:30:35.453000,12.62919,12.62641,220,370
2017-08-04 12:30:35.755000,12.62928,12.62679,370,370
2017-08-04 12:30:35.973000,12.62979,12.62679,370,370
2017-08-04 12:30:36.025000,12.62978,12.62702,370,370
2017-08-04 12:30:36.177000,12.62982,12.62638,370,370
2017-08-04 12:30:36.228000,12.63038,12.62739,220,370
2017-08-04 12:30:36.589000,12.63029,12.62751,370,370
2017-08-04 12:30:36.741000,12.63022,12.62678,370,370
2017-08-04 12:30:36.792000,12.62929,12.62691,370,370
2017-08-04 12:30:36.842000,12.62939,12.62678,220,370
2017-08-04 12:30:36.944000,12.62839,12.62679,220,370
2017-08-04 12:30:36.995000,12.62839,12.62641,220,370
2017-08-04 12:30:37.169000,12.62939,12.62691,220,370
2017-08-04 12:30:37.270000,12.63029,12.62741,370,370
2017-08-04 12:30:37.323000,12.63028,12.62792,370,370
2017-08-04 12:30:37.373000,12.63028,12.62742,370,370
2017-08-04 12:30:37.424000,12.63029,12.62779,370,370
2017-08-04 12:30:37.525000,12.63028,12.62742,370,370
2017-08-04 12:30:37.576000,12.63029,12.62791,370,370
2017-08-04 12:30:37.760000,12.63038,12.62792,220,370
2017-08-04 12:30:37.865000,12.62928,12.62778,370,370
2017-08-04 12:30:37.916000,12.62929,12.62691,370,370
2017-08-04 12:30:38.118000,12.62929,12.62678,370,370
2017-08-04 12:30:38.389000,12.63039,12.62741,220,370
2017-08-04 12:30:38.440000,12.62838,12.62729,220,370
2017-08-04 12:30:38.491000,12.62929,12.62729,370,370
2017-08-04 12:30:38.542000,12.62929,12.62691,370,370
2017-08-04 12:30:38.693000,12.62922,12.62578,370,370
2017-08-04 12:30:38.744000,12.62922,12.62591,370,370
2017-08-04 12:30:38.845000,12.62922,12.62578,370,370
2017-08-04 12:30:38.896000,12.62922,12.62701,370,370
2017-08-04 12:30:39.040000,12.62928,12.62678,370,370
2017-08-04 12:30:39.141000,12.62928,12.62692,370,370
2017-08-04 12:30:39.242000,12.62922,12.62592,370,370
2017-08-04 12:30:39.293000,12.62839,12.62591,220,370
2017-08-04 12:30:39.394000,12.62922,12.62642,370,370
2017-08-04 12:30:39.495000,12.62928,12.62692,370,370
2017-08-04 12:30:39.781000,12.62938,12.62692,220,370
2017-08-04 12:30:39.933000,12.62928,12.62692,370,370
2017-08-04 12:30:40.196000,12.63128,12.62842,370,370
2017-08-04 12:30:40.247000,12.63038,12.62792,220,370
2017-08-04 12:30:40.298000,12.63029,12.62778,370,370
2017-08-04 12:30:40.450000,12.63039,12.62778,220,370
2017-08-04 12:30:40.500000,12.63129,12.62891,370,370
2017-08-04 12:30:40.652000,12.63222,12.62892,370,370
2017-08-04 12:30:40.703000,12.63222,12.62878,370,370
2017-08-04 12:30:40.806000,12.63222,12.62992,370,370
2017-08-04 12:30:40.857000,12.63228,12.62942,370,370
2017-08-04 12:30:40.907000,12.63138,12.62878,220,370
2017-08-04 12:30:41.211000,12.63321,12.63041,370,370
2017-08-04 12:30:41.262000,12.63239,12.63041,220,370
2017-08-04 12:30:41.312000,12.63322,12.63041,370,370
2017-08-04 12:30:41.460000,12.63039,12.62879,220,370
2017-08-04 12:30:41.512000,12.63138,12.62842,220,370
2017-08-04 12:30:41.563000,12.63139,12.62881,220,370
2017-08-04 12:30:41.613000,12.63129,12.62841,370,370
2017-08-04 12:30:41.714000,12.63128,12.62832,370,370
2017-08-04 12:30:41.765000,12.63029,12.62819,370,370
2017-08-04 12:30:41.816000,12.63112,12.62831,370,370
2017-08-04 12:30:41.867000,12.63039,12.62831,220,370
2017-08-04 12:30:41.917000,12.63038,12.62782,220,370
2017-08-04 12:30:42.103000,12.63129,12.62818,370,370
2017-08-04 12:30:42.154000,12.63029,12.62818,370,370
2017-08-04 12:30:42.204000,12.63028,12.62782,370,370
2017-08-04 12:30:42.305000,12.63039,12.62781,220,370
2017-08-04 12:30:42.608000,12.62929,12.62681,370,370
2017-08-04 12:30:42.818000,12.63039,12.62781,220,370
2017-08-04 12:30:42.969000,12.63029,12.62781,370,370
2017-08-04 12:30:43.020000,12.63039,12.62781,220,370
2017-08-04 12:30:43.071000,12.63039,12.62719,220,370
2017-08-04 12:30:43.171000,12.63022,12.62698,370,370
2017-08-04 12:30:43.527000,12.63038,12.62748,220,370
2017-08-04 12:30:43.678000,12.63021,12.62699,370,370
2017-08-04 12:30:44.061000,12.63122,12.62798,370,370
2017-08-04 12:30:44.162000,12.63038,12.62798,220,370
2017-08-04 12:30:44.212000,12.63022,12.62698,370,370
2017-08-04 12:30:44.263000,12.63022,12.62728,370,370
2017-08-04 12:30:44.364000,12.63071,12.62762,370,220
2017-08-04 12:30:44.465000,12.63038,12.62749,220,370
2017-08-04 12:30:44.516000,12.63021,12.62699,370,750
2017-08-04 12:30:44.566000,12.63021,12.62742,370,370
2017-08-04 12:30:44.657000,12.63021,12.62699,370,370
2017-08-04 12:30:44.708000,12.63071,12.62749,370,370
2017-08-04 12:30:44.910000,12.63222,12.62898,370,370
2017-08-04 12:30:45.012000,12.63121,12.62818,370,370
2017-08-04 12:30:45.113000,12.63121,12.62799,370,370
2017-08-04 12:30:45.332000,12.63079,12.62799,370,370
2017-08-04 12:30:45.383000,12.63122,12.62798,370,370
2017-08-04 12:30:45.433000,12.63072,12.62748,370,370
2017-08-04 12:30:45.736000,12.63128,12.62839,370,370
2017-08-04 12:30:45.787000,12.63112,12.62788,370,370
2017-08-04 12:30:46.039000,12.63039,12.62738,220,370
2017-08-04 12:30:46.177000,12.63011,12.62689,370,370
2017-08-04 12:30:46.434000,12.62912,12.62658,370,370
2017-08-04 12:30:46.484000,12.62912,12.62618,370,370
2017-08-04 12:30:46.586000,12.62912,12.62588,370,370
2017-08-04 12:30:46.768000,12.62879,12.62588,370,370
2017-08-04 12:30:46.919000,12.62822,12.62498,370,370
2017-08-04 12:30:47.021000,12.62721,12.62442,370,220
2017-08-04 12:30:47.172000,12.62772,12.62448,370,370
2017-08-04 12:30:47.223000,12.62729,12.62448,370,370
2017-08-04 12:30:47.555000,12.62721,12.62441,370,220
2017-08-04 12:30:48.009000,12.62621,12.62358,370,370
2017-08-04 12:30:48.153000,12.62621,12.62341,370,220
2017-08-04 12:30:48.305000,12.62572,12.62261,370,220
2017-08-04 12:30:48.406000,12.62621,12.62299,370,370
2017-08-04 12:30:48.507000,12.62621,12.62372,370,370
2017-08-04 12:30:48.558000,12.62639,12.62371,220,370
2017-08-04 12:30:48.609000,12.62539,12.62358,220,370
2017-08-04 12:30:48.777000,12.62539,12.62271,220,370
2017-08-04 12:30:48.829000,12.62538,12.62308,220,370
2017-08-04 12:30:48.883000,12.62629,12.62321,370,370
2017-08-04 12:30:48.934000,12.62539,12.62271,220,370
2017-08-04 12:30:49.238000,12.62401,12.62059,370,370
2017-08-04 12:30:49.444000,12.62339,12.62071,220,370
2017-08-04 12:30:49.546000,12.62339,12.62058,220,370
2017-08-04 12:30:49.647000,12.62332,12.62018,370,370
2017-08-04 12:30:49.697000,12.62104,12.62,590,20
2017-08-04 12:30:49.748000,12.62044,12.62,370,20
2017-08-04 12:30:49.849000,12.62041,12.62,370,20
2017-08-04 12:30:49.997000,12.62139,12.62,220,20
2017-08-04 12:30:50.098000,12.62239,12.62,220,20
2017-08-04 12:30:50.300000,12.62229,12.62,370,20
2017-08-04 12:30:50.350000,12.62238,12.62,220,20
2017-08-04 12:30:50.401000,12.62242,12.62062,370,220
2017-08-04 12:30:50.452000,12.62242,12.62032,370,370
2017-08-04 12:30:50.553000,12.62392,12.62078,370,370
2017-08-04 12:30:50.724000,12.62338,12.62078,220,370
2017-08-04 12:30:50.775000,12.62339,12.62039,220,370
2017-08-04 12:30:50.826000,12.62339,12.62028,220,370
2017-08-04 12:30:50.931000,12.62392,12.62078,370,370
2017-08-04 12:30:51.033000,12.62338,12.62078,220,370
2017-08-04 12:30:51.083000,12.62339,12.62028,220,370
2017-08-04 12:30:51.134000,12.62342,12.62031,370,370
2017-08-04 12:30:51.185000,12.62392,12.62078,370,370
2017-08-04 12:30:51.384000,12.62358,12.62078,220,370
2017-08-04 12:30:51.435000,12.62341,12.62032,370,370
2017-08-04 12:30:51.536000,12.62328,12.62029,370,370
2017-08-04 12:30:51.838000,12.62121,12.62,370,20
2017-08-04 12:30:52.058000,12.62128,12.62,370,20
2017-08-04 12:30:52.118000,12.62229,12.62,370,20
2017-08-04 12:30:52.169000,12.62258,12.62,220,20
2017-08-04 12:30:52.270000,12.62228,12.62,370,20
2017-08-04 12:30:52.573000,12.62128,12.62,370,20
2017-08-04 12:30:52.879000,12.62121,12.62,370,20
2017-08-04 12:30:53.333000,12.62058,12.62,220,20
2017-08-04 12:30:53.498000,12.62128,12.62,370,20
2017-08-04 12:30:54.081000,12.62129,12.62,370,20
2017-08-04 12:30:54.587000,12.62059,12.62,220,20
2017-08-04 12:30:54.880000,12.62128,12.62,370,20
2017-08-04 12:30:55.032000,12.62029,12.62,370,20
2017-08-04 12:30:55.133000,12.62128,12.62,370,20
2017-08-04 12:30:55.234000,12.62058,12.62,220,20
2017-08-04 12:30:55.512000,12.62129,12.62,370,20
2017-08-04 12:30:55.613000,12.62059,12.62,220,20
2017-08-04 12:30:55.714000,12.62128,12.62,370,20
2017-08-04 12:30:55.865000,12.62058,12.62,220,20
2017-08-04 12:30:56.183000,12.62028,12.62,370,20
2017-08-04 12:30:56.486000,12.61929,12.61701,370,370
2017-08-04 12:30:56.587000,12.61859,12.61638,220,370
2017-08-04 12:30:56.745000,12.61741,12.61511,370,220
2017-08-04 12:30:56.846000,12.61629,12.61358,370,370
2017-08-04 12:30:56.897000,12.61642,12.61358,370,370
2017-08-04 12:30:56.948000,12.61528,12.61318,370,370
2017-08-04 12:30:56.999000,12.61542,12.61261,370,220
2017-08-04 12:30:57.100000,12.61601,12.61279,370,370
2017-08-04 12:30:57.202000,12.61601,12.61281,370,220
2017-08-04 12:30:57.253000,12.61651,12.61329,370,370
2017-08-04 12:30:57.303000,12.61651,12.61371,370,600
2017-08-04 12:30:57.475000,12.61842,12.61518,370,370
2017-08-04 12:30:57.525000,12.61859,12.61618,220,370
2017-08-04 12:30:57.626000,12.61929,12.61618,370,370
2017-08-04 12:30:57.778000,12.61928,12.61609,370,370
2017-08-04 12:30:57.879000,12.61959,12.61708,220,370
2017-08-04 12:30:58.103000,12.61942,12.61618,370,370
2017-08-04 12:30:58.153000,12.61832,12.61561,370,220
2017-08-04 12:30:58.254000,12.61931,12.61609,370,370
2017-08-04 12:30:58.305000,12.61929,12.61609,370,370
2017-08-04 12:30:58.853000,12.61929,12.61608,370,370
2017-08-04 12:30:59.054000,12.61931,12.61609,370,370
2017-08-04 12:30:59.156000,12.61929,12.61648,370,370
2017-08-04 12:30:59.257000,12.61929,12.61609,370,370
2017-08-04 12:30:59.648000,12.61982,12.61682,370,370
2017-08-04 12:30:59.698000,12.61959,12.61658,220,370
2017-08-04 12:30:59.749000,12.61931,12.61638,370,370
2017-08-04 12:30:59.850000,12.61931,12.61609,370,370
2017-08-04 12:30:59.951000,12.61982,12.61682,370,370
2017-08-04 12:31:00.173000,12.62028,12.61708,370,370
2017-08-04 12:31:00.224000,12.61986,12.61639,370,370
2017-08-04 12:31:00.278000,12.61932,12.61608,370,370
2017-08-04 12:31:00.437000,12.61929,12.61608,370,370
2017-08-04 12:31:00.487000,12.61991,12.61669,370,370
2017-08-04 12:31:00.589000,12.61928,12.61692,370,370
2017-08-04 12:31:00.926000,12.61842,12.61592,370,370
2017-08-04 12:31:00.976000,12.61829,12.61591,370,370
2017-08-04 12:31:01.078000,12.61859,12.61591,220,370
2017-08-04 12:31:01.129000,12.61828,12.61592,370,370
2017-08-04 12:31:01.391000,12.61729,12.61491,370,370
2017-08-04 12:31:02.069000,12.61791,12.61469,370,370
2017-08-04 12:31:02.120000,12.61791,12.61487,370,370
2017-08-04 12:31:02.275000,12.61891,12.61564,370,370
2017-08-04 12:31:02.427000,12.61892,12.61586,370,370
2017-08-04 12:31:02.566000,12.61891,12.61569,370,370
2017-08-04 12:31:02.617000,12.61942,12.61613,370,370
2017-08-04 12:31:02.668000,12.61942,12.61686,370,370
2017-08-04 12:31:02.719000,12.61992,12.61682,370,220
2017-08-04 12:31:02.770000,12.61992,12.61787,370,370
2017-08-04 12:31:02.871000,12.62091,12.61769,370,370
2017-08-04 12:31:02.922000,12.62028,12.61769,370,370
2017-08-04 12:31:03.129000,12.6199,12.61638,370,370
2017-08-04 12:31:03.492000,12.61928,12.61638,370,370
2017-08-04 12:31:03.806000,12.61951,12.61639,370,370
2017-08-04 12:31:03.907000,12.62092,12.61728,370,370
2017-08-04 12:31:03.958000,12.61985,12.61728,370,370
2017-08-04 12:31:04.060000,12.61998,12.61682,220,600
2017-08-04 12:31:04.358000,12.61968,12.61669,370,370
2017-08-04 12:31:04.409000,12.61899,12.61581,220,370
2017-08-04 12:31:04.460000,12.61929,12.61681,370,370
2017-08-04 12:31:04.510000,12.61899,12.61631,220,370
2017-08-04 12:31:04.561000,12.61928,12.61682,370,370
2017-08-04 12:31:04.612000,12.61979,12.61681,370,370
2017-08-04 12:31:04.714000,12.61929,12.61681,370,370
2017-08-04 12:31:05.111000,12.62029,12.61781,370,370
2017-08-04 12:31:05.415000,12.61979,12.61632,220,370
2017-08-04 12:31:05.466000,12.61899,12.61676,220,370
2017-08-04 12:31:05.517000,12.61898,12.61628,220,370
2017-08-04 12:31:05.568000,12.61929,12.61686,370,370
2017-08-04 12:31:06.022000,12.61898,12.61688,220,370
2017-08-04 12:31:06.123000,12.61828,12.61592,370,370
2017-08-04 12:31:06.174000,12.61899,12.61686,220,370
2017-08-04 12:31:06.224000,12.61928,12.61689,370,370
2017-08-04 12:31:06.325000,12.61899,12.61689,220,370
2017-08-04 12:31:06.442000,12.61929,12.61689,370,370
2017-08-04 12:31:06.543000,12.61928,12.61642,370,370
2017-08-04 12:31:06.645000,12.61928,12.61688,370,370
2017-08-04 12:31:06.746000,12.62029,12.61786,370,370
2017-08-04 12:31:06.796000,12.61985,12.61786,370,370
2017-08-04 12:31:06.847000,12.62028,12.61786,370,370
2017-08-04 12:31:07.139000,12.62029,12.61741,370,370
2017-08-04 12:31:07.190000,12.61995,12.61729,220,370
2017-08-04 12:31:07.493000,12.62029,12.61786,370,370
2017-08-04 12:31:07.652000,12.62122,12.61786,370,370
2017-08-04 12:31:07.755000,12.62129,12.61836,750,370
2017-08-04 12:31:08.058000,12.62079,12.61836,220,370
2017-08-04 12:31:08.159000,12.62172,12.61828,370,370
2017-08-04 12:31:08.213000,12.62182,12.61873,370,370
2017-08-04 12:31:08.316000,12.62222,12.61873,370,370
2017-08-04 12:31:08.366000,12.62129,12.61886,750,370
2017-08-04 12:31:08.920000,12.62261,12.61923,370,370
2017-08-04 12:31:08.971000,12.62229,12.61936,750,370
2017-08-04 12:31:09.275000,12.62028,12.61792,370,370
2017-08-04 12:31:09.527000,12.61985,12.61691,370,370
2017-08-04 12:31:10.171000,12.61928,12.61692,370,370
2017-08-04 12:31:10.503000,12.61848,12.61592,370,370
2017-08-04 12:31:10.655000,12.61829,12.61601,370,370
2017-08-04 12:31:10.807000,12.61878,12.61629,220,370
2017-08-04 12:31:10.959000,12.61878,12.61602,600,370
2017-08-04 12:31:11.010000,12.61878,12.61642,220,370
2017-08-04 12:31:11.061000,12.61929,12.61641,370,370
2017-08-04 12:31:11.112000,12.61929,12.61691,370,370
2017-08-04 12:31:11.162000,12.61878,12.61592,600,370
2017-08-04 12:31:11.214000,12.61901,12.61641,370,370
2017-08-04 12:31:11.516000,12.61929,12.61691,370,370
2017-08-04 12:31:11.985000,12.62022,12.61678,370,370
2017-08-04 12:31:12.035000,12.61965,12.61629,370,370
2017-08-04 12:31:12.187000,12.61919,12.61591,220,370
2017-08-04 12:31:12.289000,12.61879,12.61591,370,370
2017-08-04 12:31:12.339000,12.61918,12.61592,220,370
2017-08-04 12:31:12.490000,12.61928,12.61692,370,370
2017-08-04 12:31:12.944000,12.61729,12.61491,370,370
2017-08-04 12:31:13.128000,12.61722,12.61378,370,370
2017-08-04 12:31:13.246000,12.61629,12.61429,370,370
2017-08-04 12:31:13.297000,12.61629,12.61391,370,370
2017-08-04 12:31:13.499000,12.61618,12.61392,220,370
2017-08-04 12:31:13.550000,12.61628,12.61392,370,370
2017-08-04 12:31:13.601000,12.61529,12.61291,370,370
2017-08-04 12:31:13.702000,12.61619,12.61341,220,370
2017-08-04 12:31:13.753000,12.61528,12.61329,370,370
2017-08-04 12:31:13.897000,12.61528,12.61292,370,370
2017-08-04 12:31:13.949000,12.61622,12.61392,370,370
2017-08-04 12:31:14,12.61619,12.61379,220,370
2017-08-04 12:31:14.051000,12.61618,12.61392,220,370
2017-08-04 12:31:14.102000,12.61618,12.61342,220,370
2017-08-04 12:31:14.152000,12.61529,12.61328,370,370
2017-08-04 12:31:14.253000,12.61529,12.61291,370,370
2017-08-04 12:31:14.405000,12.61618,12.61328,220,370
2017-08-04 12:31:14.455000,12.61619,12.61341,220,370
2017-08-04 12:31:14.797000,12.61528,12.61302,370,370
2017-08-04 12:31:14.898000,12.61529,12.61289,370,370
2017-08-04 12:31:14.949000,12.61448,12.61289,370,370
2017-08-04 12:31:15,12.61519,12.61289,220,370
2017-08-04 12:31:15.050000,12.61528,12.61302,370,370
2017-08-04 12:31:15.392000,12.61428,12.61202,370,370
2017-08-04 12:31:15.936000,12.61419,12.61201,220,370
2017-08-04 12:31:15.988000,12.61428,12.61188,370,370
2017-08-04 12:31:16.039000,12.61419,12.61151,220,370
2017-08-04 12:31:16.090000,12.61329,12.6115,370,100
2017-08-04 12:31:16.142000,12.61428,12.61202,370,370
2017-08-04 12:31:16.192000,12.61358,12.6115,370,100
2017-08-04 12:31:16.515000,12.61329,12.6115,370,100
2017-08-04 12:31:16.985000,12.61319,12.6115,220,100
2017-08-04 12:31:17.289000,12.61269,12.6115,370,100
2017-08-04 12:31:17.491000,12.61279,12.6115,370,100
2017-08-04 12:31:17.542000,12.61229,12.6115,370,100
2017-08-04 12:31:18.033000,12.61278,12.6115,370,100
2017-08-04 12:31:18.134000,12.61318,12.6115,220,100
2017-08-04 12:31:18.327000,12.61279,12.6115,370,100
2017-08-04 12:31:18.378000,12.61329,12.6115,370,100
2017-08-04 12:31:18.429000,12.61229,12.6115,370,100
2017-08-04 12:31:18.781000,12.61288,12.6115,370,100
2017-08-04 12:31:18.912000,12.61319,12.6115,220,100
2017-08-04 12:31:19.013000,12.61289,12.6115,370,100
2017-08-04 12:31:19.316000,12.61228,12.6115,370,100
2017-08-04 12:31:19.673000,12.61299,12.61071,370,370
2017-08-04 12:31:19.724000,12.61229,12.61021,370,370
2017-08-04 12:31:19.875000,12.61319,12.61059,220,370
2017-08-04 12:31:19.926000,12.61318,12.61122,220,370
2017-08-04 12:31:19.977000,12.61318,12.61059,220,370
2017-08-04 12:31:20.027000,12.61318,12.61122,220,370
2017-08-04 12:31:20.128000,12.61442,12.61108,370,370
2017-08-04 12:31:20.179000,12.61278,12.61022,370,370
2017-08-04 12:31:20.505000,12.61229,12.61021,370,370
2017-08-04 12:31:20.556000,12.61241,12.60922,370,370
2017-08-04 12:31:20.606000,12.61241,12.61022,370,370
2017-08-04 12:31:20.966000,12.61298,12.61022,370,370
2017-08-04 12:31:21.017000,12.61218,12.60922,220,370
2017-08-04 12:31:21.068000,12.61229,12.61021,370,370
2017-08-04 12:31:21.118000,12.61218,12.60972,220,370
2017-08-04 12:31:21.169000,12.61179,12.60958,370,370
2017-08-04 12:31:21.271000,12.61218,12.60922,220,370
2017-08-04 12:31:21.322000,12.61218,12.61022,220,370
2017-08-04 12:31:21.374000,12.61229,12.61021,370,370
2017-08-04 12:31:21.475000,12.61218,12.61009,220,370
2017-08-04 12:31:21.527000,12.61198,12.60959,370,370
2017-08-04 12:31:21.578000,12.61129,12.60959,370,370
2017-08-04 12:31:21.756000,12.61129,12.60921,370,370
2017-08-04 12:31:22.260000,12.61129,12.60899,370,370
2017-08-04 12:31:22.406000,12.60992,12.60698,370,370
2017-08-04 12:31:22.507000,12.61028,12.60748,370,370
2017-08-04 12:31:22.658000,12.60991,12.60699,370,370
2017-08-04 12:31:22.709000,12.60991,12.60702,370,220
2017-08-04 12:31:23.050000,12.61119,12.60899,220,370
2017-08-04 12:31:23.101000,12.61191,12.60899,370,370
2017-08-04 12:31:23.152000,12.61252,12.60998,370,370
2017-08-04 12:31:23.253000,12.61178,12.60898,370,370
2017-08-04 12:31:23.454000,12.61118,12.60898,220,370
2017-08-04 12:31:23.555000,12.61142,12.60848,370,370
2017-08-04 12:31:23.675000,12.61119,12.60848,220,370
2017-08-04 12:31:23.726000,12.61029,12.60748,370,370
2017-08-04 12:31:23.877000,12.61002,12.60702,370,220
2017-08-04 12:31:24.029000,12.61029,12.60749,370,370
2017-08-04 12:31:24.554000,12.61019,12.60749,220,370
2017-08-04 12:31:24.605000,12.61012,12.60708,370,370
2017-08-04 12:31:24.756000,12.60988,12.60709,370,370
2017-08-04 12:31:24.807000,12.61011,12.60709,370,370
2017-08-04 12:31:24.858000,12.60962,12.60658,370,370
2017-08-04 12:31:24.959000,12.60978,12.60758,370,370
2017-08-04 12:31:25.134000,12.61028,12.60758,370,370
2017-08-04 12:31:25.285000,12.61062,12.60758,370,370
2017-08-04 12:31:25.336000,12.61028,12.60758,370,370
2017-08-04 12:31:25.387000,12.61029,12.60748,370,370
2017-08-04 12:31:25.589000,12.61018,12.60748,220,370
2017-08-04 12:31:25.640000,12.61029,12.60749,370,370
2017-08-04 12:31:25.773000,12.61019,12.60749,220,370
2017-08-04 12:31:25.824000,12.61028,12.60749,370,370
2017-08-04 12:31:25.875000,12.61018,12.60749,220,370
2017-08-04 12:31:25.976000,12.61018,12.60698,220,370
2017-08-04 12:31:26.027000,12.61029,12.60701,370,220
2017-08-04 12:31:26.078000,12.60981,12.60702,370,220
2017-08-04 12:31:26.306000,12.61019,12.60701,220,220
2017-08-04 12:31:26.359000,12.61018,12.60748,220,370
2017-08-04 12:31:26.510000,12.60981,12.60702,370,220
2017-08-04 12:31:26.612000,12.61028,12.60749,370,370
2017-08-04 12:31:26.920000,12.61081,12.60749,370,370
2017-08-04 12:31:26.971000,12.61028,12.60748,370,370
2017-08-04 12:31:27.572000,12.61082,12.60748,370,370
2017-08-04 12:31:27.624000,12.61028,12.60748,370,370
2017-08-04 12:31:27.679000,12.61128,12.60799,370,370
2017-08-04 12:31:27.730000,12.61129,12.60821,370,370
2017-08-04 12:31:27.982000,12.61082,12.60772,370,370
2017-08-04 12:31:28.034000,12.61082,12.60802,370,220
2017-08-04 12:31:28.343000,12.61028,12.60832,370,370
2017-08-04 12:31:28.394000,12.61128,12.60819,370,370
2017-08-04 12:31:28.445000,12.61129,12.60908,370,370
2017-08-04 12:31:28.796000,12.61099,12.60908,220,370
2017-08-04 12:31:28.847000,12.60999,12.60791,220,370
2017-08-04 12:31:28.898000,12.61029,12.60791,370,370
2017-08-04 12:31:29.049000,12.61082,12.60791,370,370
2017-08-04 12:31:29.150000,12.61029,12.60791,370,370
2017-08-04 12:31:29.251000,12.61082,12.60791,370,370
2017-08-04 12:31:29.353000,12.61029,12.60791,370,370
2017-08-04 12:31:29.700000,12.61141,12.60819,370,370
2017-08-04 12:31:29.751000,12.61028,12.60819,370,370
2017-08-04 12:31:29.953000,12.61129,12.60891,370,370
2017-08-04 12:31:30.004000,12.61128,12.60909,370,370
2017-08-04 12:31:30.254000,12.61142,12.60818,370,370
2017-08-04 12:31:30.306000,12.61128,12.60902,370,370
2017-08-04 12:31:30.508000,12.61098,12.60818,220,370
2017-08-04 12:31:30.559000,12.61129,12.60901,370,370
2017-08-04 12:31:30.711000,12.61199,12.60918,220,370
2017-08-04 12:31:30.812000,12.61199,12.60968,220,370
2017-08-04 12:31:30.877000,12.61229,12.60968,370,370
2017-08-04 12:31:31.028000,12.61229,12.61019,370,370
2017-08-04 12:31:31.285000,12.61229,12.61001,370,370
2017-08-04 12:31:31.386000,12.61278,12.61019,370,370
2017-08-04 12:31:31.588000,12.61129,12.60968,370,370
2017-08-04 12:31:31.690000,12.61179,12.60968,370,370
2017-08-04 12:31:31.834000,12.61198,12.60932,220,370
2017-08-04 12:31:31.885000,12.61129,12.60931,370,370
2017-08-04 12:31:32.137000,12.61198,12.60932,220,370
2017-08-04 12:31:32.288000,12.61129,12.60931,370,370
2017-08-04 12:31:32.498000,12.61229,12.60969,370,370
2017-08-04 12:31:32.549000,12.61229,12.60981,370,370
2017-08-04 12:31:32.852000,12.61229,12.61021,370,370
2017-08-04 12:31:33.395000,12.61129,12.60921,370,370
2017-08-04 12:31:33.445000,12.61229,12.60921,370,370
2017-08-04 12:31:33.496000,12.61229,12.61021,370,370
2017-08-04 12:31:33.648000,12.61298,12.61022,220,370
2017-08-04 12:31:33.848000,12.61291,12.61022,370,370
2017-08-04 12:31:34.151000,12.61228,12.61022,370,370
2017-08-04 12:31:34.691000,12.61342,12.61008,370,370
2017-08-04 12:31:34.742000,12.61228,12.61022,370,370
2017-08-04 12:31:35.252000,12.61229,12.61021,370,370
2017-08-04 12:31:35.454000,12.61372,12.61109,370,370
2017-08-04 12:31:35.505000,12.61372,12.61121,370,370
2017-08-04 12:31:35.556000,12.61379,12.61121,370,370
2017-08-04 12:31:35.747000,12.61298,12.61122,220,370
2017-08-04 12:31:35.798000,12.61299,12.61058,220,370
2017-08-04 12:31:35.849000,12.61299,12.61021,220,370
2017-08-04 12:31:36.002000,12.61329,12.61058,370,370
2017-08-04 12:31:36.249000,12.61441,12.61109,370,370
2017-08-04 12:31:36.300000,12.61299,12.61109,220,370
2017-08-04 12:31:36.351000,12.61329,12.61109,370,370
2017-08-04 12:31:36.868000,12.61461,12.61222,370,370
2017-08-04 12:31:36.918000,12.61329,12.61208,370,370
2017-08-04 12:31:37.020000,12.61399,12.61121,220,370
2017-08-04 12:31:37.166000,12.61428,12.61222,370,370
2017-08-04 12:31:37.272000,12.61329,12.61121,370,370
2017-08-04 12:31:37.323000,12.61398,12.61122,220,370
2017-08-04 12:31:37.626000,12.61328,12.61122,370,370
2017-08-04 12:31:37.727000,12.61398,12.61122,220,370
2017-08-04 12:31:37.871000,12.61328,12.61122,370,370
2017-08-04 12:31:37.972000,12.61441,12.61109,370,370
2017-08-04 12:31:38.023000,12.61399,12.61121,220,370
2017-08-04 12:31:38.325000,12.61428,12.61132,370,370
2017-08-04 12:31:38.561000,12.61328,12.61132,370,370
2017-08-04 12:31:38.763000,12.61478,12.61158,600,370
2017-08-04 12:31:38.815000,12.61428,12.61232,370,370
2017-08-04 12:31:39.017000,12.61329,12.61131,370,370
2017-08-04 12:31:39.118000,12.61329,12.61109,370,370
2017-08-04 12:31:39.276000,12.61398,12.61132,220,370
2017-08-04 12:31:39.328000,12.61429,12.61181,370,370
2017-08-04 12:31:39.378000,12.61399,12.61131,220,370
2017-08-04 12:31:39.429000,12.61379,12.61131,370,370
2017-08-04 12:31:39.774000,12.61428,12.61182,370,370
2017-08-04 12:31:40.043000,12.61541,12.61209,370,370
2017-08-04 12:31:40.178000,12.61592,12.61258,370,370
2017-08-04 12:31:40.329000,12.61541,12.61209,370,370
2017-08-04 12:31:40.655000,12.61428,12.61222,370,370
2017-08-04 12:31:41.159000,12.61429,12.61221,370,370
2017-08-04 12:31:41.770000,12.61428,12.61222,370,370
2017-08-04 12:31:42.114000,12.61529,12.61321,370,370
2017-08-04 12:31:42.165000,12.61642,12.61401,370,220
2017-08-04 12:31:42.216000,12.61712,12.61509,370,370
2017-08-04 12:31:42.266000,12.61728,12.61509,370,370
2017-08-04 12:31:42.317000,12.61729,12.61521,370,370
2017-08-04 12:31:42.666000,12.61628,12.61422,370,370
2017-08-04 12:31:42.919000,12.61729,12.61471,370,370
2017-08-04 12:31:42.970000,12.61728,12.61522,370,370
2017-08-04 12:31:43.276000,12.61879,12.61609,370,370
2017-08-04 12:31:43.377000,12.61799,12.61521,220,370
2017-08-04 12:31:43.427000,12.61729,12.61521,370,370
2017-08-04 12:31:43.629000,12.61829,12.61571,370,370
2017-08-04 12:31:43.805000,12.61779,12.61608,370,370
2017-08-04 12:31:43.855000,12.61829,12.61559,370,370
2017-08-04 12:31:44.007000,12.61829,12.61571,370,370
2017-08-04 12:31:44.403000,12.61828,12.61622,340,370
2017-08-04 12:31:44.453000,12.61929,12.61708,370,370
2017-08-04 12:31:44.504000,12.61828,12.61708,370,370
2017-08-04 12:31:44.555000,12.61828,12.61622,370,370
2017-08-04 12:31:44.807000,12.61898,12.61622,220,370
2017-08-04 12:31:44.857000,12.61828,12.61622,370,370
2017-08-04 12:31:45.258000,12.61898,12.61622,220,370
2017-08-04 12:31:45.309000,12.61928,12.61672,370,370
2017-08-04 12:31:45.611000,12.61928,12.61722,370,370
2017-08-04 12:31:45.914000,12.62029,12.61758,370,370
2017-08-04 12:31:45.964000,12.6181,12.61699,220,370
2017-08-04 12:31:46.083000,12.61828,12.61728,370,370
2017-08-04 12:31:46.134000,12.61829,12.61621,370,370
2017-08-04 12:31:46.185000,12.61899,12.61621,220,370
2017-08-04 12:31:46.387000,12.61929,12.61699,370,370
2017-08-04 12:31:46.639000,12.61899,12.61621,220,370
2017-08-04 12:31:46.690000,12.61928,12.61722,370,370
2017-08-04 12:31:46.956000,12.62029,12.61771,370,370
2017-08-04 12:31:47.007000,12.62028,12.61822,370,370
2017-08-04 12:31:47.574000,12.62029,12.61821,370,370
2017-08-04 12:31:47.930000,12.62098,12.61848,220,370
2017-08-04 12:31:48.039000,12.62098,12.61822,220,370
2017-08-04 12:31:48.090000,12.62132,12.61798,370,370
2017-08-04 12:31:48.141000,12.62128,12.61872,370,370
2017-08-04 12:31:48.484000,12.62128,12.61912,370,370
2017-08-04 12:31:48.534000,12.62232,12.61911,370,370
2017-08-04 12:31:48.585000,12.62232,12.62022,370,370
2017-08-04 12:31:48.636000,12.62292,12.62022,370,370
2017-08-04 12:31:48.737000,12.62299,12.62021,220,370
2017-08-04 12:31:48.787000,12.62229,12.62021,370,370
2017-08-04 12:31:49.319000,12.62229,12.62049,370,370
2017-08-04 12:31:49.369000,12.62328,12.62112,370,370
2017-08-04 12:31:49.754000,12.62399,12.62198,220,370
2017-08-04 12:31:49.804000,12.62399,12.62111,220,370
2017-08-04 12:31:49.855000,12.62429,12.62211,370,370
2017-08-04 12:31:50.160000,12.62532,12.62198,370,370
2017-08-04 12:31:50.210000,12.62428,12.62222,370,370
2017-08-04 12:31:50.390000,12.62599,12.62311,220,370
2017-08-04 12:31:50.440000,12.62622,12.62361,370,370
2017-08-04 12:31:50.592000,12.62531,12.62211,370,370
2017-08-04 12:31:50.644000,12.62429,12.62211,370,370
2017-08-04 12:31:50.745000,12.62299,12.62061,220,370
2017-08-04 12:31:50.795000,12.62328,12.62099,370,370
2017-08-04 12:31:50.846000,12.62382,12.62099,370,370
2017-08-04 12:31:50.946000,12.62382,12.62048,370,370
2017-08-04 12:31:50.997000,12.62329,12.62121,370,370
2017-08-04 12:31:51.199000,12.62379,12.62121,370,370
2017-08-04 12:31:51.300000,12.62299,12.62071,220,370
2017-08-04 12:31:51.351000,12.62378,12.62122,370,370
2017-08-04 12:31:51.452000,12.62328,12.62122,370,370
2017-08-04 12:31:51.812000,12.62482,12.62148,370,370
2017-08-04 12:31:51.863000,12.62398,12.62148,220,370
2017-08-04 12:31:52.165000,12.62478,12.62222,370,370
2017-08-04 12:31:52.266000,12.62452,12.62148,370,370
2017-08-04 12:31:52.466000,12.62502,12.62202,370,220
2017-08-04 12:31:52.567000,12.62552,12.62248,370,370
2017-08-04 12:31:52.668000,12.62552,12.62269,370,370
2017-08-04 12:31:52.769000,12.62552,12.62259,370,370
2017-08-04 12:31:52.871000,12.62552,12.62248,370,370
2017-08-04 12:31:53.160000,12.62501,12.62208,370,370
2017-08-04 12:31:53.314000,12.62452,12.62148,370,370
2017-08-04 12:31:53.365000,12.62552,12.62248,370,370
2017-08-04 12:31:53.670000,12.62552,12.62268,370,370
2017-08-04 12:31:53.964000,12.62552,12.62248,370,370
2017-08-04 12:31:54.015000,12.62479,12.62248,750,370
2017-08-04 12:31:54.116000,12.62452,12.62212,370,370
2017-08-04 12:31:54.217000,12.62478,12.62212,370,370
2017-08-04 12:31:54.318000,12.62531,12.62311,370,370
2017-08-04 12:31:54.369000,12.62478,12.62248,370,370
2017-08-04 12:31:54.470000,12.62478,12.62212,370,370
2017-08-04 12:31:54.630000,12.62579,12.62261,370,370
2017-08-04 12:31:54.781000,12.62478,12.62212,370,370
2017-08-04 12:31:55.034000,12.62379,12.62111,370,370
2017-08-04 12:31:55.320000,12.62279,12.62098,370,370
2017-08-04 12:31:55.370000,12.62319,12.62021,220,370
2017-08-04 12:31:55.472000,12.62279,12.62021,370,370
2017-08-04 12:31:55.522000,12.62279,12.61999,370,370
2017-08-04 12:31:55.975000,12.62278,12.61969,370,370
2017-08-04 12:31:56.026000,12.62279,12.61999,370,370
2017-08-04 12:31:56.128000,12.62319,12.61999,220,370
