time,ask,bid,ask_volume,bid_volume
2018-05-04 12:25:00.048000,13.10572,13.10311,100,370
2018-05-04 12:25:00.099000,13.10502,13.10278,100,370
2018-05-04 12:25:00.151000,13.10502,13.10238,100,370
2018-05-04 12:25:00.202000,13.10502,13.10228,100,370
2018-05-04 12:25:00.392000,13.10502,13.10221,100,220
2018-05-04 12:25:00.559000,13.10502,13.10218,100,450
2018-05-04 12:25:00.835000,13.10502,13.10221,100,220
2018-05-04 12:25:01.021000,13.10502,13.10218,100,450
2018-05-04 12:25:01.236000,13.10502,13.10271,100,370
2018-05-04 12:25:01.287000,13.10559,13.10311,300,370
2018-05-04 12:25:01.489000,13.10559,13.10298,300,100
2018-05-04 12:25:01.677000,13.10559,13.10311,300,370
2018-05-04 12:25:01.980000,13.10562,13.10311,100,370
2018-05-04 12:25:02.487000,13.10559,13.10311,300,370
2018-05-04 12:25:02.801000,13.10552,13.10311,100,370
2018-05-04 12:25:03.131000,13.10559,13.10311,300,370
2018-05-04 12:25:03.232000,13.10561,13.10312,100,370
2018-05-04 12:25:03.971000,13.10559,13.10311,300,370
2018-05-04 12:25:04.120000,13.10561,13.10312,100,370
2018-05-04 12:25:04.628000,13.10561,13.10311,100,370
2018-05-04 12:25:05.387000,13.10559,13.10311,300,370
2018-05-04 12:25:06.337000,13.10558,13.10311,300,370
2018-05-04 12:25:06.481000,13.10561,13.10311,100,370
2018-05-04 12:25:06.532000,13.10492,13.10228,100,370
2018-05-04 12:25:06.583000,13.10492,13.10218,100,100
2018-05-04 12:25:06.812000,13.10491,13.10212,100,370
2018-05-04 12:25:08.003000,13.10491,13.10211,100,370
2018-05-04 12:25:08.788000,13.10491,13.10211,100,600
2018-05-04 12:25:09.774000,13.10491,13.10211,100,370
2018-05-04 12:25:10.989000,13.10491,13.10212,100,370
2018-05-04 12:25:11.364000,13.10491,13.10218,100,370
2018-05-04 12:25:11.737000,13.10492,13.10241,100,300
2018-05-04 12:25:11.843000,13.10571,13.10312,100,370
2018-05-04 12:25:13.051000,13.10571,13.10289,100,100
2018-05-04 12:25:13.449000,13.10558,13.10289,300,100
2018-05-04 12:25:13.997000,13.10559,13.10289,300,100
2018-05-04 12:25:14.786000,13.10558,13.10289,300,100
2018-05-04 12:25:15.007000,13.10571,13.10289,100,100
2018-05-04 12:25:16.487000,13.10559,13.10289,300,100
2018-05-04 12:25:16.817000,13.10571,13.10289,100,100
2018-05-04 12:25:17.674000,13.10559,13.10289,300,100
2018-05-04 12:25:17.808000,13.10571,13.10289,100,100
2018-05-04 12:25:18.668000,13.10559,13.10289,300,100
2018-05-04 12:25:18.718000,13.10571,13.10289,100,100
2018-05-04 12:25:18.908000,13.10492,13.10242,100,300
2018-05-04 12:25:19.009000,13.10492,13.10231,100,370
2018-05-04 12:25:19.459000,13.10489,13.10218,370,100
2018-05-04 12:25:19.510000,13.10381,13.10161,100,370
2018-05-04 12:25:19.953000,13.10382,13.10098,450,100
2018-05-04 12:25:20.004000,13.10382,13.10102,100,220
2018-05-04 12:25:20.301000,13.10381,13.10098,370,100
2018-05-04 12:25:20.568000,13.10358,13.10098,300,100
2018-05-04 12:25:20.619000,13.10359,13.10088,300,100
2018-05-04 12:25:20.720000,13.10338,13.10091,370,220
2018-05-04 12:25:20.770000,13.10301,13.10048,100,370
2018-05-04 12:25:20.821000,13.10302,13.10028,100,370
2018-05-04 12:25:20.909000,13.10302,13.10018,100,450
2018-05-04 12:25:21.457000,13.10302,13.10041,100,300
2018-05-04 12:25:21.508000,13.10302,13.10019,100,370
2018-05-04 12:25:21.559000,13.10281,13.10019,100,450
2018-05-04 12:25:21.870000,13.10281,13.10041,100,300
2018-05-04 12:25:21.921000,13.10292,13.10019,100,370
2018-05-04 12:25:21.972000,13.10292,13.10021,100,220
2018-05-04 12:25:22.538000,13.10292,13.10018,100,100
2018-05-04 12:25:23.719000,13.10281,13.10009,100,100
2018-05-04 12:25:24.716000,13.10262,13.09998,100,100
2018-05-04 12:25:26.136000,13.10261,13.09989,100,100
2018-05-04 12:25:26.187000,13.10229,13.09989,300,100
2018-05-04 12:25:26.490000,13.10239,13.10041,370,300
2018-05-04 12:25:26.541000,13.10239,13.09999,370,100
2018-05-04 12:25:26.592000,13.10142,13.09938,100,370
2018-05-04 12:25:26.806000,13.10111,13.09888,100,370
2018-05-04 12:25:26.857000,13.10111,13.09861,100,370
2018-05-04 12:25:26.958000,13.10108,13.09849,370,100
2018-05-04 12:25:27.009000,13.10108,13.09828,370,100
2018-05-04 12:25:27.110000,13.10081,13.09789,100,450
2018-05-04 12:25:27.160000,13.10071,13.09871,100,520
2018-05-04 12:25:27.262000,13.10108,13.09838,370,100
2018-05-04 12:25:27.843000,13.10108,13.09828,370,100
2018-05-04 12:25:27.894000,13.10091,13.09829,100,100
2018-05-04 12:25:29.171000,13.10079,13.09829,220,100
2018-05-04 12:25:29.223000,13.10091,13.09829,100,100
2018-05-04 12:25:29.918000,13.10059,13.09829,220,100
2018-05-04 12:25:29.969000,13.10091,13.09829,100,100
2018-05-04 12:25:30.457000,13.10091,13.09881,100,220
2018-05-04 12:25:30.508000,13.10189,13.09908,370,100
2018-05-04 12:25:30.559000,13.10189,13.09918,370,100
2018-05-04 12:25:30.863000,13.10118,13.09859,220,100
2018-05-04 12:25:31.187000,13.10129,13.09888,220,100
2018-05-04 12:25:31.352000,13.10121,13.09862,100,370
2018-05-04 12:25:31.402000,13.10119,13.09862,220,370
2018-05-04 12:25:31.756000,13.10109,13.09859,370,100
2018-05-04 12:25:32.374000,13.10121,13.09889,100,370
2018-05-04 12:25:32.479000,13.10129,13.09889,300,370
2018-05-04 12:25:32.530000,13.10119,13.09878,220,100
2018-05-04 12:25:32.582000,13.10119,13.09898,220,100
2018-05-04 12:25:32.899000,13.10119,13.09869,220,100
2018-05-04 12:25:33.207000,13.10118,13.09858,220,100
2018-05-04 12:25:33.393000,13.10109,13.09858,370,100
2018-05-04 12:25:33.710000,13.10109,13.09871,370,300
2018-05-04 12:25:33.926000,13.10119,13.09878,220,100
2018-05-04 12:25:34.079000,13.10118,13.09869,220,100
2018-05-04 12:25:34.180000,13.10109,13.09869,370,100
2018-05-04 12:25:34.332000,13.10109,13.09858,370,100
2018-05-04 12:25:34.484000,13.10079,13.09858,220,100
2018-05-04 12:25:34.535000,13.10109,13.09858,370,100
2018-05-04 12:25:34.765000,13.10069,13.09839,220,100
2018-05-04 12:25:34.866000,13.10109,13.09839,600,100
2018-05-04 12:25:35.448000,13.10081,13.09839,370,100
2018-05-04 12:25:35.499000,13.10012,13.09738,100,100
2018-05-04 12:25:35.663000,13.10019,13.09738,220,100
2018-05-04 12:25:35.785000,13.10008,13.09738,220,100
2018-05-04 12:25:36.278000,13.10018,13.09778,220,100
2018-05-04 12:25:36.949000,13.10009,13.09778,370,100
2018-05-04 12:25:37.440000,13.10089,13.09888,370,100
2018-05-04 12:25:37.918000,13.10089,13.09878,600,100
2018-05-04 12:25:38.504000,13.10089,13.09879,370,100
2018-05-04 12:25:38.555000,13.10028,13.09799,300,100
2018-05-04 12:25:38.606000,13.10039,13.09858,370,100
2018-05-04 12:25:38.858000,13.10039,13.09849,370,100
2018-05-04 12:25:38.917000,13.10092,13.09849,370,100
2018-05-04 12:25:39.218000,13.10102,13.09849,370,100
2018-05-04 12:25:39.269000,13.10109,13.09869,370,100
2018-05-04 12:25:39.376000,13.10129,13.09888,300,100
2018-05-04 12:25:39.427000,13.10119,13.09888,220,100
2018-05-04 12:25:39.575000,13.10119,13.09879,220,100
2018-05-04 12:25:39.676000,13.10109,13.09879,370,100
2018-05-04 12:25:40.107000,13.10109,13.09868,370,100
2018-05-04 12:25:40.158000,13.10038,13.09838,370,100
2018-05-04 12:25:40.397000,13.10018,13.09788,220,100
2018-05-04 12:25:40.789000,13.10079,13.09849,220,100
2018-05-04 12:25:40.840000,13.10089,13.09849,370,100
2018-05-04 12:25:40.890000,13.10089,13.09868,370,100
2018-05-04 12:25:41.150000,13.10089,13.09859,370,100
2018-05-04 12:25:41.281000,13.10059,13.09828,300,100
2018-05-04 12:25:41.382000,13.10049,13.09828,220,100
2018-05-04 12:25:41.769000,13.10028,13.09822,300,600
2018-05-04 12:25:41.924000,13.10019,13.09799,220,100
2018-05-04 12:25:42.075000,13.10008,13.09789,370,100
2018-05-04 12:25:42.460000,13.10008,13.09779,370,100
2018-05-04 12:25:42.724000,13.10008,13.09768,370,100
2018-05-04 12:25:42.775000,13.09989,13.09768,220,100
2018-05-04 12:25:43.041000,13.09999,13.09758,220,100
2018-05-04 12:25:43.143000,13.10008,13.09758,370,100
2018-05-04 12:25:43.194000,13.10008,13.09769,600,100
2018-05-04 12:25:43.628000,13.09959,13.09758,300,100
2018-05-04 12:25:43.861000,13.09999,13.09759,220,100
2018-05-04 12:25:44,13.09958,13.09759,300,100
2018-05-04 12:25:44.352000,13.09982,13.09748,370,100
2018-05-04 12:25:44.403000,13.09958,13.09748,300,100
2018-05-04 12:25:44.504000,13.09992,13.09748,100,100
2018-05-04 12:25:44.633000,13.09959,13.09718,300,100
2018-05-04 12:25:44.835000,13.09988,13.09738,220,100
2018-05-04 12:25:44.886000,13.09988,13.09769,220,100
2018-05-04 12:25:44.937000,13.09928,13.09688,670,100
2018-05-04 12:25:44.987000,13.09919,13.09681,220,370
2018-05-04 12:25:45.140000,13.09908,13.09659,220,100
2018-05-04 12:25:45.192000,13.09832,13.09669,370,100
2018-05-04 12:25:45.297000,13.09909,13.09669,370,100
2018-05-04 12:25:45.349000,13.09909,13.09648,370,100
2018-05-04 12:25:45.515000,13.09858,13.09649,300,100
2018-05-04 12:25:45.565000,13.09878,13.09638,220,100
2018-05-04 12:25:45.616000,13.09822,13.09572,100,300
2018-05-04 12:25:45.667000,13.09828,13.09628,370,100
2018-05-04 12:25:45.818000,13.09809,13.09569,370,370
2018-05-04 12:25:45.970000,13.09809,13.09559,370,100
2018-05-04 12:25:46.143000,13.09809,13.09561,370,370
2018-05-04 12:25:46.444000,13.09829,13.09598,300,100
2018-05-04 12:25:46.618000,13.09808,13.09558,370,100
2018-05-04 12:25:46.679000,13.09818,13.09558,220,100
2018-05-04 12:25:47.037000,13.09828,13.09559,520,100
2018-05-04 12:25:47.088000,13.09828,13.09579,300,100
2018-05-04 12:25:47.232000,13.09828,13.09572,300,300
2018-05-04 12:25:47.283000,13.09831,13.09618,370,100
2018-05-04 12:25:47.486000,13.09858,13.09622,300,370
2018-05-04 12:25:47.537000,13.09859,13.09629,300,100
2018-05-04 12:25:47.588000,13.09829,13.09589,300,100
2018-05-04 12:25:47.905000,13.09829,13.09571,520,300
2018-05-04 12:25:48.078000,13.09828,13.09568,300,100
2018-05-04 12:25:48.129000,13.09818,13.09568,220,100
2018-05-04 12:25:48.447000,13.09809,13.09568,370,100
2018-05-04 12:25:48.787000,13.09891,13.09622,100,370
2018-05-04 12:25:48.838000,13.09899,13.09621,220,370
2018-05-04 12:25:49.129000,13.09889,13.09621,220,370
2018-05-04 12:25:49.432000,13.09908,13.09658,370,100
2018-05-04 12:25:49.744000,13.09928,13.09722,300,370
2018-05-04 12:25:49.795000,13.09909,13.09698,370,100
2018-05-04 12:25:49.846000,13.09932,13.09778,370,100
2018-05-04 12:25:49.947000,13.10008,13.09778,370,100
2018-05-04 12:25:49.998000,13.10008,13.09759,370,100
2018-05-04 12:25:50.119000,13.09979,13.09748,220,100
2018-05-04 12:25:50.169000,13.10009,13.09748,370,100
2018-05-04 12:25:50.220000,13.09959,13.09748,300,100
2018-05-04 12:25:50.270000,13.09959,13.09729,300,100
2018-05-04 12:25:50.371000,13.09931,13.09729,370,100
2018-05-04 12:25:50.473000,13.09959,13.09729,300,100
2018-05-04 12:25:50.692000,13.09932,13.09729,370,100
2018-05-04 12:25:50.793000,13.09928,13.09698,300,100
2018-05-04 12:25:51.005000,13.09958,13.09698,300,100
2018-05-04 12:25:51.107000,13.09958,13.09719,300,100
2018-05-04 12:25:51.241000,13.10002,13.09721,100,370
2018-05-04 12:25:51.292000,13.10009,13.09749,970,100
2018-05-04 12:25:51.596000,13.09958,13.09728,300,100
2018-05-04 12:25:51.647000,13.10008,13.09729,370,100
2018-05-04 12:25:51.698000,13.10008,13.09749,370,100
2018-05-04 12:25:52.001000,13.09929,13.09728,370,100
2018-05-04 12:25:52.103000,13.09928,13.09688,300,100
2018-05-04 12:25:52.154000,13.09972,13.09738,370,100
2018-05-04 12:25:52.255000,13.10009,13.09739,370,100
2018-05-04 12:25:52.364000,13.10001,13.09739,100,100
2018-05-04 12:25:52.515000,13.10008,13.09738,370,100
2018-05-04 12:25:52.954000,13.09978,13.09739,220,100
2018-05-04 12:25:53.203000,13.09909,13.09658,370,100
2018-05-04 12:25:53.359000,13.09922,13.09738,370,100
2018-05-04 12:25:53.461000,13.10008,13.09738,370,100
2018-05-04 12:25:54.029000,13.10009,13.09738,750,100
2018-05-04 12:25:54.281000,13.09959,13.09738,300,100
2018-05-04 12:25:54.331000,13.09959,13.09719,300,100
2018-05-04 12:25:54.513000,13.10001,13.09739,100,100
2018-05-04 12:25:54.638000,13.10008,13.09739,370,100
2018-05-04 12:25:55.020000,13.09958,13.09739,300,100
2018-05-04 12:25:55.121000,13.10008,13.09739,600,100
2018-05-04 12:25:55.679000,13.10009,13.09739,970,100
2018-05-04 12:25:55.751000,13.10009,13.09782,600,370
2018-05-04 12:25:55.852000,13.10059,13.09788,450,100
2018-05-04 12:25:55.903000,13.10028,13.09788,300,100
2018-05-04 12:25:56.474000,13.10029,13.09788,300,100
2018-05-04 12:25:56.789000,13.10009,13.09798,370,100
2018-05-04 12:25:56.840000,13.10009,13.09759,750,100
2018-05-04 12:25:57.350000,13.10009,13.09758,370,100
2018-05-04 12:25:57.451000,13.10009,13.09749,370,100
2018-05-04 12:25:57.912000,13.10061,13.09839,370,100
2018-05-04 12:25:58.013000,13.10101,13.09839,100,100
2018-05-04 12:26:00.114000,13.10108,13.09838,370,100
2018-05-04 12:26:00.196000,13.10102,13.09832,100,370
2018-05-04 12:26:00.681000,13.10081,13.09831,100,370
2018-05-04 12:26:00.732000,13.10088,13.09832,220,370
2018-05-04 12:26:00.783000,13.10078,13.09818,220,100
2018-05-04 12:26:01.370000,13.10089,13.09831,220,370
2018-05-04 12:26:01.471000,13.10078,13.09818,220,100
2018-05-04 12:26:01.522000,13.10078,13.09809,220,100
2018-05-04 12:26:02.045000,13.10018,13.09832,220,370
2018-05-04 12:26:02.096000,13.10019,13.09759,750,100
2018-05-04 12:26:02.147000,13.10011,13.09759,370,100
2018-05-04 12:26:02.198000,13.10011,13.09748,370,100
2018-05-04 12:26:02.449000,13.10061,13.09831,370,370
2018-05-04 12:26:02.499000,13.10039,13.09782,150,370
2018-05-04 12:26:02.550000,13.10018,13.09782,220,370
2018-05-04 12:26:02.790000,13.10058,13.09799,300,100
2018-05-04 12:26:02.840000,13.10081,13.09839,370,100
2018-05-04 12:26:02.942000,13.10099,13.09831,220,370
2018-05-04 12:26:03.783000,13.10099,13.09898,220,100
2018-05-04 12:26:04.440000,13.10069,13.09889,220,100
2018-05-04 12:26:04.491000,13.10088,13.09889,220,100
2018-05-04 12:26:05.240000,13.10098,13.09899,220,100
2018-05-04 12:26:05.290000,13.10108,13.09898,370,100
2018-05-04 12:26:05.532000,13.10029,13.09899,300,100
2018-05-04 12:26:05.681000,13.10039,13.09899,370,100
2018-05-04 12:26:05.894000,13.10012,13.09879,370,100
2018-05-04 12:26:05.945000,13.10012,13.09809,370,100
2018-05-04 12:26:06.548000,13.10011,13.09809,370,100
2018-05-04 12:26:06.659000,13.10072,13.09888,370,100
2018-05-04 12:26:06.761000,13.10112,13.09908,370,100
2018-05-04 12:26:06.812000,13.10112,13.09898,370,100
2018-05-04 12:26:06.863000,13.10029,13.09898,300,100
2018-05-04 12:26:06.973000,13.10058,13.09888,300,100
2018-05-04 12:26:07.024000,13.10102,13.09888,370,100
2018-05-04 12:26:07.324000,13.10082,13.09888,370,100
2018-05-04 12:26:07.671000,13.10059,13.09888,300,100
2018-05-04 12:26:07.722000,13.10102,13.09888,370,100
2018-05-04 12:26:07.847000,13.10109,13.09888,370,100
2018-05-04 12:26:07.898000,13.10019,13.09809,220,100
2018-05-04 12:26:08.050000,13.10022,13.09808,370,100
2018-05-04 12:26:08.272000,13.10022,13.09821,370,370
2018-05-04 12:26:08.576000,13.10029,13.09869,300,100
2018-05-04 12:26:08.977000,13.10109,13.09888,370,100
2018-05-04 12:26:09.469000,13.10109,13.09891,370,220
2018-05-04 12:26:09.731000,13.10129,13.09908,520,100
2018-05-04 12:26:09.832000,13.10119,13.09908,220,100
2018-05-04 12:26:09.984000,13.10121,13.09908,370,100
2018-05-04 12:26:10.085000,13.10119,13.09908,220,100
2018-05-04 12:26:10.516000,13.10108,13.09908,370,100
2018-05-04 12:26:11.617000,13.10022,13.09809,370,100
2018-05-04 12:26:11.668000,13.10018,13.09809,220,100
2018-05-04 12:26:11.959000,13.10118,13.09898,220,100
2018-05-04 12:26:12.425000,13.10109,13.09898,370,100
2018-05-04 12:26:14.398000,13.10079,13.09898,220,100
2018-05-04 12:26:14.738000,13.10109,13.09898,370,100
2018-05-04 12:26:14.899000,13.10119,13.09908,220,100
2018-05-04 12:26:15.202000,13.10218,13.10008,220,100
2018-05-04 12:26:15.594000,13.10219,13.09999,220,100
2018-05-04 12:26:15.645000,13.10158,13.09999,300,100
2018-05-04 12:26:15.864000,13.10172,13.09969,370,100
2018-05-04 12:26:15.966000,13.10208,13.09998,370,100
2018-05-04 12:26:16.607000,13.10208,13.09999,370,100
2018-05-04 12:26:17.796000,13.10129,13.09968,300,100
2018-05-04 12:26:17.897000,13.10218,13.09998,220,100
2018-05-04 12:26:17.998000,13.10108,13.09909,370,100
2018-05-04 12:26:18.431000,13.10089,13.09909,220,100
2018-05-04 12:26:18.594000,13.10019,13.09808,220,100
2018-05-04 12:26:18.645000,13.10019,13.09789,220,100
2018-05-04 12:26:18.707000,13.10018,13.09802,220,220
2018-05-04 12:26:19.146000,13.10018,13.09821,220,370
2018-05-04 12:26:19.297000,13.10119,13.09899,220,100
2018-05-04 12:26:19.762000,13.10108,13.09898,370,100
2018-05-04 12:26:20.950000,13.10038,13.09892,370,220
2018-05-04 12:26:21.001000,13.10029,13.09808,300,100
2018-05-04 12:26:21.052000,13.10019,13.09808,220,100
2018-05-04 12:26:21.256000,13.10081,13.09868,370,100
2018-05-04 12:26:21.307000,13.10081,13.09899,370,100
2018-05-04 12:26:21.358000,13.10119,13.09899,220,100
2018-05-04 12:26:21.873000,13.10108,13.09899,370,100
2018-05-04 12:26:23.262000,13.10029,13.09808,670,100
2018-05-04 12:26:23.384000,13.10018,13.09808,220,100
2018-05-04 12:26:24.009000,13.10019,13.09808,220,100
2018-05-04 12:26:24.606000,13.10018,13.09808,220,100
2018-05-04 12:26:24.989000,13.10008,13.09808,370,100
2018-05-04 12:26:26.635000,13.10091,13.09891,370,220
2018-05-04 12:26:26.788000,13.10118,13.09899,220,100
2018-05-04 12:26:27.245000,13.10109,13.09899,370,100
2018-05-04 12:26:27.849000,13.10069,13.09899,220,100
2018-05-04 12:26:27.900000,13.10069,13.09888,220,100
2018-05-04 12:26:28.177000,13.10109,13.09888,370,100
2018-05-04 12:26:28.338000,13.10109,13.09892,370,220
2018-05-04 12:26:28.789000,13.10109,13.09908,370,100
2018-05-04 12:26:31.515000,13.10109,13.09898,370,100
2018-05-04 12:26:31.734000,13.10059,13.09898,370,100
2018-05-04 12:26:31.785000,13.10029,13.09809,520,100
2018-05-04 12:26:31.836000,13.10059,13.09878,670,100
2018-05-04 12:26:32.146000,13.10059,13.09898,370,100
2018-05-04 12:26:32.285000,13.10108,13.09898,370,100
2018-05-04 12:26:34.117000,13.10108,13.09902,370,220
2018-05-04 12:26:34.657000,13.10108,13.09901,370,220
2018-05-04 12:26:36.936000,13.10108,13.09902,370,220
2018-05-04 12:26:37.517000,13.10089,13.09901,220,220
2018-05-04 12:26:37.808000,13.10108,13.09909,370,100
2018-05-04 12:26:38.587000,13.10108,13.09908,370,100
2018-05-04 12:26:38.988000,13.10108,13.09901,370,220
2018-05-04 12:26:39.039000,13.10108,13.09898,370,100
2018-05-04 12:26:39.252000,13.10108,13.09902,370,220
2018-05-04 12:26:39.354000,13.10108,13.09898,370,100
2018-05-04 12:26:40.108000,13.10069,13.09898,220,100
2018-05-04 12:26:40.247000,13.10108,13.09898,370,100
2018-05-04 12:26:40.776000,13.10108,13.09899,370,100
2018-05-04 12:26:41.161000,13.10119,13.09899,600,100
2018-05-04 12:26:41.212000,13.10078,13.09898,220,100
2018-05-04 12:26:41.577000,13.10119,13.09898,600,100
2018-05-04 12:26:42.095000,13.10118,13.09898,220,100
2018-05-04 12:26:42.646000,13.10119,13.09898,600,100
2018-05-04 12:26:42.884000,13.10108,13.09898,370,100
2018-05-04 12:26:42.985000,13.10108,13.09879,370,100
2018-05-04 12:26:43.135000,13.10108,13.09898,370,100
2018-05-04 12:26:43.847000,13.10029,13.09808,670,100
2018-05-04 12:26:43.949000,13.10019,13.09808,220,100
2018-05-04 12:26:44.717000,13.10018,13.09808,220,100
2018-05-04 12:26:45.117000,13.09988,13.09808,370,100
2018-05-04 12:26:45.168000,13.09958,13.09769,300,100
2018-05-04 12:26:45.219000,13.09958,13.09789,300,100
2018-05-04 12:26:45.270000,13.09988,13.09789,370,100
2018-05-04 12:26:45.720000,13.09988,13.09809,370,100
2018-05-04 12:26:46.216000,13.10009,13.09909,370,100
2018-05-04 12:26:46.267000,13.10119,13.09908,220,100
2018-05-04 12:26:47.100000,13.10089,13.09908,220,100
2018-05-04 12:26:47.707000,13.10088,13.09909,220,100
2018-05-04 12:26:47.857000,13.10119,13.09909,600,100
2018-05-04 12:26:48.587000,13.10118,13.09909,220,100
2018-05-04 12:26:48.960000,13.10088,13.09908,220,100
2018-05-04 12:26:49.129000,13.10118,13.09908,370,100
2018-05-04 12:26:49.331000,13.10088,13.09908,220,100
2018-05-04 12:26:49.432000,13.10118,13.09908,370,100
2018-05-04 12:26:50.211000,13.10108,13.09908,220,100
2018-05-04 12:26:50.488000,13.10118,13.09908,370,100
2018-05-04 12:26:51.320000,13.10118,13.09909,370,100
2018-05-04 12:26:52.378000,13.10129,13.09968,300,100
2018-05-04 12:26:52.643000,13.10139,13.09962,370,220
2018-05-04 12:26:52.744000,13.10199,13.09989,220,100
2018-05-04 12:26:52.845000,13.10209,13.09998,370,100
2018-05-04 12:26:54.128000,13.10209,13.09988,370,100
2018-05-04 12:26:54.200000,13.10218,13.09988,220,100
2018-05-04 12:26:55.076000,13.10178,13.09988,220,100
2018-05-04 12:26:55.658000,13.10208,13.09988,220,100
2018-05-04 12:26:55.952000,13.10219,13.09991,600,220
2018-05-04 12:26:56.476000,13.10219,13.10001,600,220
2018-05-04 12:26:56.811000,13.10219,13.10008,600,100
2018-05-04 12:26:58.346000,13.10218,13.10008,220,100
2018-05-04 12:26:58.650000,13.10159,13.09999,300,100
2018-05-04 12:26:58.701000,13.10209,13.09998,600,100
2018-05-04 12:26:59.159000,13.10159,13.09998,300,100
2018-05-04 12:26:59.588000,13.10149,13.09979,220,100
2018-05-04 12:26:59.639000,13.10219,13.10009,220,100
2018-05-04 12:27:00.173000,13.10218,13.10008,600,100
2018-05-04 12:27:00.325000,13.10159,13.10008,300,100
2018-05-04 12:27:01.158000,13.10159,13.09989,300,100
2018-05-04 12:27:01.209000,13.10218,13.09989,370,100
2018-05-04 12:27:01.260000,13.10218,13.10008,370,100
2018-05-04 12:27:01.628000,13.10218,13.09999,370,100
2018-05-04 12:27:01.739000,13.10159,13.09998,300,100
2018-05-04 12:27:01.852000,13.10159,13.09968,300,100
2018-05-04 12:27:01.953000,13.10208,13.09998,370,100
2018-05-04 12:27:02.077000,13.10208,13.10001,370,220
2018-05-04 12:27:02.458000,13.10208,13.10009,370,100
2018-05-04 12:27:02.763000,13.10219,13.10038,220,100
2018-05-04 12:27:02.814000,13.10218,13.10008,220,100
2018-05-04 12:27:03.448000,13.10179,13.10008,220,100
2018-05-04 12:27:03.550000,13.10259,13.10071,300,220
2018-05-04 12:27:03.601000,13.10219,13.10009,220,100
2018-05-04 12:27:04.538000,13.10218,13.10009,220,100
2018-05-04 12:27:05.128000,13.10219,13.10008,600,100
2018-05-04 12:27:05.864000,13.10218,13.10009,220,100
2018-05-04 12:27:06.521000,13.10218,13.10008,220,100
2018-05-04 12:27:06.677000,13.10188,13.10008,220,100
2018-05-04 12:27:06.778000,13.10218,13.10008,220,100
2018-05-04 12:27:08.167000,13.10218,13.09999,220,100
2018-05-04 12:27:08.560000,13.10178,13.09999,220,100
2018-05-04 12:27:08.733000,13.10118,13.09908,220,100
2018-05-04 12:27:08.784000,13.10209,13.09988,600,100
2018-05-04 12:27:08.835000,13.10159,13.09961,300,220
2018-05-04 12:27:08.886000,13.10158,13.09958,300,100
2018-05-04 12:27:09.117000,13.10199,13.09991,220,220
2018-05-04 12:27:09.220000,13.10218,13.09992,220,220
2018-05-04 12:27:09.825000,13.10218,13.09991,370,220
2018-05-04 12:27:09.915000,13.10218,13.10009,370,100
2018-05-04 12:27:10.290000,13.10179,13.10009,220,100
2018-05-04 12:27:10.341000,13.10159,13.09968,300,100
2018-05-04 12:27:10.549000,13.10191,13.09988,370,100
2018-05-04 12:27:10.600000,13.10191,13.10008,370,100
2018-05-04 12:27:10.650000,13.10218,13.10008,220,100
2018-05-04 12:27:11.127000,13.10178,13.10008,220,100
2018-05-04 12:27:11.687000,13.10218,13.10008,220,100
2018-05-04 12:27:11.738000,13.10219,13.09989,750,100
2018-05-04 12:27:12.025000,13.10149,13.09978,220,100
2018-05-04 12:27:12.075000,13.10158,13.09978,300,100
2018-05-04 12:27:12.126000,13.10189,13.09978,220,100
2018-05-04 12:27:12.527000,13.10219,13.10008,220,100
2018-05-04 12:27:12.878000,13.10159,13.09979,300,100
2018-05-04 12:27:13.429000,13.10158,13.09979,300,100
2018-05-04 12:27:13.791000,13.10191,13.09988,370,100
2018-05-04 12:27:13.895000,13.10219,13.09988,220,100
2018-05-04 12:27:14.767000,13.10218,13.10008,220,100
2018-05-04 12:27:15.089000,13.10179,13.10008,220,100
2018-05-04 12:27:15.418000,13.10128,13.09959,300,100
2018-05-04 12:27:15.469000,13.10219,13.09998,220,100
2018-05-04 12:27:15.794000,13.10219,13.10008,370,100
2018-05-04 12:27:16.117000,13.10179,13.10009,220,100
2018-05-04 12:27:16.268000,13.10218,13.10008,220,100
2018-05-04 12:27:16.816000,13.10218,13.10009,220,100
2018-05-04 12:27:17.439000,13.10219,13.10001,600,220
2018-05-04 12:27:18.137000,13.10218,13.10002,220,220
2018-05-04 12:27:18.269000,13.10188,13.10002,220,220
2018-05-04 12:27:18.847000,13.10218,13.10002,220,220
2018-05-04 12:27:19.214000,13.10218,13.10018,220,100
2018-05-04 12:27:19.540000,13.10159,13.10019,370,100
2018-05-04 12:27:19.950000,13.10219,13.10019,600,100
2018-05-04 12:27:20.078000,13.10188,13.10019,220,100
2018-05-04 12:27:20.179000,13.10218,13.10019,220,100
2018-05-04 12:27:20.230000,13.10189,13.10019,220,100
2018-05-04 12:27:20.280000,13.10219,13.10018,600,100
2018-05-04 12:27:20.487000,13.10209,13.09998,220,100
2018-05-04 12:27:20.588000,13.10088,13.09988,370,100
2018-05-04 12:27:20.639000,13.10079,13.09918,370,100
2018-05-04 12:27:21.161000,13.10079,13.09919,370,100
2018-05-04 12:27:21.326000,13.10118,13.09919,370,100
2018-05-04 12:27:21.397000,13.10118,13.09911,370,220
2018-05-04 12:27:21.448000,13.10109,13.09911,220,220
2018-05-04 12:27:21.614000,13.10118,13.09911,370,220
2018-05-04 12:27:22.976000,13.10109,13.09911,220,220
2018-05-04 12:27:23.227000,13.10118,13.09911,370,220
2018-05-04 12:27:23.666000,13.10108,13.09912,220,220
2018-05-04 12:27:23.987000,13.10209,13.10018,220,100
2018-05-04 12:27:24.437000,13.10218,13.10018,220,100
2018-05-04 12:27:24.488000,13.10208,13.10018,220,100
2018-05-04 12:27:24.656000,13.10219,13.10018,600,100
2018-05-04 12:27:25.208000,13.10218,13.10018,220,100
2018-05-04 12:27:25.903000,13.10219,13.10018,600,100
2018-05-04 12:27:26.080000,13.10229,13.10068,300,100
2018-05-04 12:27:26.561000,13.10259,13.10088,300,100
2018-05-04 12:27:26.611000,13.10248,13.10088,220,100
2018-05-04 12:27:26.662000,13.10259,13.10088,300,100
2018-05-04 12:27:26.713000,13.10259,13.10099,300,100
2018-05-04 12:27:26.954000,13.10179,13.10011,370,220
2018-05-04 12:27:27.636000,13.10198,13.10012,220,220
2018-05-04 12:27:28.133000,13.10209,13.10011,220,220
2018-05-04 12:27:28.477000,13.10199,13.10011,220,220
2018-05-04 12:27:29.183000,13.10209,13.10011,220,220
2018-05-04 12:27:29.234000,13.10199,13.10011,220,220
2018-05-04 12:27:29.580000,13.10209,13.10011,220,220
2018-05-04 12:27:29.688000,13.10209,13.10019,220,100
2018-05-04 12:27:29.790000,13.10219,13.10019,600,100
2018-05-04 12:27:30.293000,13.10218,13.10019,220,100
2018-05-04 12:27:30.528000,13.10218,13.10022,220,370
2018-05-04 12:27:30.686000,13.10298,13.10088,220,100
2018-05-04 12:27:30.737000,13.10292,13.10088,370,100
2018-05-04 12:27:31.132000,13.10282,13.10089,370,100
2018-05-04 12:27:31.392000,13.10288,13.10089,220,100
2018-05-04 12:27:32.139000,13.10289,13.10089,220,100
2018-05-04 12:27:32.196000,13.10299,13.10089,220,100
2018-05-04 12:27:32.247000,13.10289,13.10089,220,100
2018-05-04 12:27:32.835000,13.10259,13.10088,520,100
2018-05-04 12:27:33.370000,13.10289,13.10088,220,100
2018-05-04 12:27:33.697000,13.10298,13.10088,220,100
2018-05-04 12:27:33.799000,13.10298,13.10108,220,100
2018-05-04 12:27:33.900000,13.10308,13.10108,370,100
2018-05-04 12:27:34.556000,13.10289,13.10108,220,100
2018-05-04 12:27:34.812000,13.10349,13.10141,220,370
2018-05-04 12:27:34.863000,13.10429,13.10299,300,100
2018-05-04 12:27:35.276000,13.10429,13.10318,300,100
2018-05-04 12:27:35.327000,13.10458,13.10319,300,100
2018-05-04 12:27:35.579000,13.10459,13.10308,300,100
2018-05-04 12:27:35.630000,13.10459,13.10288,300,100
2018-05-04 12:27:36.239000,13.10429,13.10288,300,100
2018-05-04 12:27:38.026000,13.10428,13.10288,300,100
2018-05-04 12:27:38.175000,13.10459,13.10288,300,100
2018-05-04 12:27:38.277000,13.10518,13.10308,220,100
2018-05-04 12:27:38.626000,13.10512,13.10308,370,100
2018-05-04 12:27:38.677000,13.10429,13.10218,1050,100
2018-05-04 12:27:38.728000,13.10419,13.10218,220,100
2018-05-04 12:27:39.260000,13.10449,13.10218,370,100
2018-05-04 12:27:39.518000,13.10418,13.10218,220,100
2018-05-04 12:27:40.054000,13.10419,13.10218,370,100
2018-05-04 12:27:40.377000,13.10428,13.10319,300,100
2018-05-04 12:27:40.428000,13.10429,13.10298,300,100
2018-05-04 12:27:41.617000,13.10428,13.10298,300,100
2018-05-04 12:27:42.417000,13.10429,13.10298,300,100
2018-05-04 12:27:42.838000,13.10428,13.10188,300,100
2018-05-04 12:27:43.118000,13.10431,13.10232,100,220
2018-05-04 12:27:43.169000,13.10431,13.10189,100,100
2018-05-04 12:27:43.220000,13.10461,13.10241,100,370
2018-05-04 12:27:43.357000,13.10459,13.10218,520,100
2018-05-04 12:27:43.509000,13.10472,13.10218,100,100
2018-05-04 12:27:43.660000,13.10471,13.10242,100,370
2018-05-04 12:27:44.217000,13.10471,13.10229,100,100
2018-05-04 12:27:44.458000,13.10471,13.10242,100,370
2018-05-04 12:27:45.058000,13.10471,13.10241,100,370
2018-05-04 12:27:46.108000,13.10471,13.10242,100,370
2018-05-04 12:27:46.639000,13.10471,13.10241,100,370
2018-05-04 12:27:47.368000,13.10472,13.10241,100,370
2018-05-04 12:27:47.945000,13.10472,13.10268,100,370
2018-05-04 12:27:47.996000,13.10572,13.10359,100,370
2018-05-04 12:27:48.116000,13.10609,13.10359,820,370
2018-05-04 12:27:48.166000,13.10588,13.10342,220,370
2018-05-04 12:27:48.510000,13.10532,13.10308,100,370
2018-05-04 12:27:48.560000,13.10532,13.10278,100,100
2018-05-04 12:27:48.611000,13.10471,13.10261,100,370
2018-05-04 12:27:48.763000,13.10591,13.10342,370,370
2018-05-04 12:27:48.814000,13.10561,13.10341,100,370
2018-05-04 12:27:48.865000,13.10559,13.10328,300,370
2018-05-04 12:27:48.916000,13.10551,13.10328,100,370
2018-05-04 12:27:49.267000,13.10562,13.10342,100,370
2018-05-04 12:27:49.737000,13.10551,13.10341,100,370
2018-05-04 12:27:50.327000,13.10551,13.10342,100,370
2018-05-04 12:27:51.056000,13.10551,13.10341,100,370
2018-05-04 12:27:51.649000,13.10551,13.10328,100,370
2018-05-04 12:27:52.278000,13.10551,13.10341,100,370
2018-05-04 12:27:52.329000,13.10562,13.10341,100,370
2018-05-04 12:27:52.878000,13.10562,13.10342,100,370
2018-05-04 12:27:52.992000,13.10619,13.10342,370,370
2018-05-04 12:27:53.214000,13.10619,13.10358,370,370
2018-05-04 12:27:53.366000,13.10649,13.10361,300,300
2018-05-04 12:27:53.417000,13.10629,13.10349,370,370
2018-05-04 12:27:53.468000,13.10628,13.10342,600,370
2018-05-04 12:27:53.736000,13.10619,13.10341,370,370
2018-05-04 12:27:54.171000,13.10648,13.10392,300,300
2018-05-04 12:27:54.272000,13.10629,13.10361,370,370
2018-05-04 12:27:54.509000,13.10619,13.10342,370,370
2018-05-04 12:27:54.933000,13.10629,13.10372,600,370
2018-05-04 12:27:54.984000,13.10648,13.10372,520,370
2018-05-04 12:27:55.035000,13.10672,13.10381,370,220
2018-05-04 12:27:55.086000,13.10678,13.10392,300,520
2018-05-04 12:27:55.597000,13.10698,13.10442,370,370
2018-05-04 12:27:56.247000,13.10728,13.10442,220,370
2018-05-04 12:27:56.767000,13.10729,13.10441,600,370
2018-05-04 12:27:57.446000,13.10728,13.10442,220,370
2018-05-04 12:27:58.297000,13.10729,13.10441,520,370
2018-05-04 12:27:59.198000,13.10728,13.10442,150,370
2018-05-04 12:27:59.566000,13.10728,13.10462,220,520
2018-05-04 12:27:59.721000,13.10828,13.10542,450,370
2018-05-04 12:27:59.772000,13.10828,13.10572,450,370
2018-05-04 12:28:00.092000,13.10749,13.10509,300,370
2018-05-04 12:28:00.143000,13.10739,13.10471,450,370
2018-05-04 12:28:02.198000,13.10822,13.10522,370,600
2018-05-04 12:28:02.379000,13.10839,13.10541,450,370
2018-05-04 12:28:02.890000,13.10749,13.10512,220,370
2018-05-04 12:28:03.042000,13.10751,13.10439,370,370
2018-05-04 12:28:03.143000,13.10688,13.10379,220,370
2018-05-04 12:28:03.395000,13.10768,13.10442,150,370
2018-05-04 12:28:03.446000,13.10748,13.10432,220,220
2018-05-04 12:28:03.699000,13.10719,13.10391,520,670
2018-05-04 12:28:03.750000,13.10719,13.10398,370,370
2018-05-04 12:28:04.068000,13.10719,13.10422,370,220
2018-05-04 12:28:04.231000,13.10739,13.10441,220,750
2018-05-04 12:28:04.829000,13.10738,13.10441,450,370
2018-05-04 12:28:05.315000,13.10739,13.10471,450,220
2018-05-04 12:28:05.835000,13.10738,13.10442,450,370
2018-05-04 12:28:06.584000,13.10739,13.10441,450,750
2018-05-04 12:28:07.052000,13.10739,13.10471,450,370
2018-05-04 12:28:07.429000,13.10739,13.10441,450,750
2018-05-04 12:28:07.480000,13.10719,13.10398,370,370
2018-05-04 12:28:07.531000,13.10638,13.10391,220,370
2018-05-04 12:28:08.140000,13.10639,13.10371,450,370
2018-05-04 12:28:10.208000,13.10638,13.10371,370,370
2018-05-04 12:28:11.397000,13.10638,13.10372,820,370
2018-05-04 12:28:12.037000,13.10638,13.10371,370,370
2018-05-04 12:28:12.628000,13.10638,13.10372,820,370
2018-05-04 12:28:12.799000,13.10638,13.10342,600,370
2018-05-04 12:28:12.901000,13.10638,13.10372,600,370
2018-05-04 12:28:12.951000,13.10649,13.10371,220,370
2018-05-04 12:28:13.002000,13.10688,13.10362,370,370
2018-05-04 12:28:13.123000,13.10688,13.10372,600,370
2018-05-04 12:28:13.500000,13.10638,13.10372,220,370
2018-05-04 12:28:13.901000,13.10639,13.10362,220,370
2018-05-04 12:28:14.107000,13.10639,13.10371,220,370
2018-05-04 12:28:15.558000,13.10638,13.10371,370,370
2018-05-04 12:28:16.719000,13.10638,13.10372,600,370
2018-05-04 12:28:17.277000,13.10638,13.10371,370,370
2018-05-04 12:28:17.637000,13.10618,13.10372,220,370
2018-05-04 12:28:17.688000,13.10638,13.10371,370,370
2018-05-04 12:28:17.897000,13.10619,13.10371,220,370
2018-05-04 12:28:17.949000,13.10608,13.10328,220,370
2018-05-04 12:28:18.050000,13.10549,13.10291,220,370
2018-05-04 12:28:18.418000,13.10539,13.10291,220,370
2018-05-04 12:28:18.519000,13.10539,13.10271,220,370
2018-05-04 12:28:18.570000,13.10539,13.10289,220,370
2018-05-04 12:28:18.722000,13.10632,13.10342,370,370
2018-05-04 12:28:18.821000,13.10638,13.10342,450,370
2018-05-04 12:28:18.984000,13.10638,13.10352,450,370
2018-05-04 12:28:19.035000,13.10639,13.10342,370,370
2018-05-04 12:28:19.136000,13.10659,13.10342,220,370
2018-05-04 12:28:19.389000,13.10659,13.10339,220,370
2018-05-04 12:28:19.790000,13.10678,13.10338,370,370
2018-05-04 12:28:19.998000,13.10628,13.10329,220,370
2018-05-04 12:28:20.358000,13.10639,13.10371,220,370
2018-05-04 12:28:20.629000,13.10619,13.10348,220,370
2018-05-04 12:28:20.680000,13.10598,13.10289,220,370
2018-05-04 12:28:20.911000,13.10598,13.10282,220,370
2018-05-04 12:28:20.962000,13.10568,13.10282,220,370
2018-05-04 12:28:21.013000,13.10599,13.10282,450,370
2018-05-04 12:28:21.197000,13.10599,13.10271,450,370
2018-05-04 12:28:21.248000,13.10579,13.10271,150,370
2018-05-04 12:28:21.349000,13.10599,13.10271,450,370
2018-05-04 12:28:21.502000,13.10549,13.10271,520,370
2018-05-04 12:28:21.805000,13.10538,13.10272,220,370
2018-05-04 12:28:22.424000,13.10539,13.10271,600,370
2018-05-04 12:28:22.626000,13.10499,13.10198,450,370
2018-05-04 12:28:22.677000,13.10439,13.10171,220,370
2018-05-04 12:28:23.430000,13.10438,13.10172,600,370
2018-05-04 12:28:26.120000,13.10438,13.10171,370,370
2018-05-04 12:28:26.451000,13.10349,13.10098,670,370
2018-05-04 12:28:26.502000,13.10328,13.10072,220,370
2018-05-04 12:28:26.634000,13.10299,13.10021,220,370
2018-05-04 12:28:26.685000,13.10299,13.09988,450,370
2018-05-04 12:28:26.736000,13.10289,13.09988,220,370
2018-05-04 12:28:26.786000,13.10278,13.09972,220,370
2018-05-04 12:28:26.940000,13.10269,13.09971,220,370
2018-05-04 12:28:27.392000,13.10239,13.09971,220,370
2018-05-04 12:28:27.684000,13.10249,13.09971,520,370
2018-05-04 12:28:27.836000,13.10279,13.09971,450,370
2018-05-04 12:28:28.428000,13.10278,13.09972,220,370
2018-05-04 12:28:28.480000,13.10269,13.09971,220,370
2018-05-04 12:28:29.097000,13.10278,13.09972,450,370
2018-05-04 12:28:29.756000,13.10279,13.09971,450,370
2018-05-04 12:28:30.187000,13.10269,13.09949,220,370
2018-05-04 12:28:30.745000,13.10268,13.09949,220,370
2018-05-04 12:28:30.908000,13.10268,13.09999,220,370
2018-05-04 12:28:31.040000,13.10279,13.09981,150,220
2018-05-04 12:28:31.353000,13.10268,13.09942,450,370
2018-05-04 12:28:31.404000,13.10179,13.09951,220,370
2018-05-04 12:28:31.456000,13.10249,13.09951,300,370
2018-05-04 12:28:31.557000,13.10269,13.09951,220,370
2018-05-04 12:28:31.699000,13.10238,13.09938,220,370
2018-05-04 12:28:31.750000,13.10238,13.09922,220,220
2018-05-04 12:28:31.834000,13.10179,13.09939,220,370
2018-05-04 12:28:31.885000,13.10269,13.09971,220,370
2018-05-04 12:28:32.040000,13.10269,13.09959,220,370
2018-05-04 12:28:32.091000,13.10269,13.09938,220,370
2018-05-04 12:28:32.667000,13.10259,13.09938,220,370
2018-05-04 12:28:33.382000,13.10268,13.09962,220,220
2018-05-04 12:28:33.689000,13.10249,13.09938,220,370
2018-05-04 12:28:33.855000,13.10291,13.10052,370,370
2018-05-04 12:28:33.905000,13.10329,13.10071,220,370
2018-05-04 12:28:34.098000,13.10308,13.10072,220,370
2018-05-04 12:28:34.278000,13.10248,13.09959,300,370
2018-05-04 12:28:34.329000,13.10249,13.09931,300,220
2018-05-04 12:28:34.380000,13.10238,13.09932,220,220
2018-05-04 12:28:34.686000,13.10299,13.10018,220,370
2018-05-04 12:28:35.130000,13.10339,13.10051,220,370
2018-05-04 12:28:35.278000,13.10349,13.10051,520,370
2018-05-04 12:28:35.329000,13.10349,13.10071,520,370
2018-05-04 12:28:35.379000,13.10378,13.10052,600,220
2018-05-04 12:28:35.793000,13.10348,13.10052,300,370
2018-05-04 12:28:35.844000,13.10342,13.10022,370,220
2018-05-04 12:28:35.894000,13.10319,13.10021,220,220
2018-05-04 12:28:36.235000,13.10339,13.10071,370,370
2018-05-04 12:28:36.419000,13.10369,13.10071,220,370
2018-05-04 12:28:36.520000,13.10378,13.10072,220,370
2018-05-04 12:28:37.252000,13.10389,13.10071,150,370
2018-05-04 12:28:37.353000,13.10389,13.10078,220,370
2018-05-04 12:28:37.722000,13.10409,13.10151,220,370
2018-05-04 12:28:38.168000,13.10419,13.10151,220,370
2018-05-04 12:28:38.601000,13.10429,13.10171,220,370
2018-05-04 12:28:39.268000,13.10438,13.10172,600,370
2018-05-04 12:28:39.459000,13.10429,13.10171,220,370
2018-05-04 12:28:39.755000,13.10438,13.10171,370,370
2018-05-04 12:28:39.806000,13.10429,13.10172,370,370
2018-05-04 12:28:40.126000,13.10419,13.10171,220,370
2018-05-04 12:28:40.176000,13.10448,13.10172,520,370
2018-05-04 12:28:40.227000,13.10429,13.10121,370,600
2018-05-04 12:28:40.278000,13.10409,13.10131,220,220
2018-05-04 12:28:40.587000,13.10408,13.10172,220,370
2018-05-04 12:28:40.688000,13.10328,13.10002,370,370
2018-05-04 12:28:40.739000,13.10319,13.10002,220,370
2018-05-04 12:28:41.100000,13.10328,13.10071,370,370
2018-05-04 12:28:41.350000,13.10338,13.10072,220,370
2018-05-04 12:28:41.511000,13.10329,13.10071,220,370
2018-05-04 12:28:41.856000,13.10308,13.10072,220,370
2018-05-04 12:28:42.069000,13.10318,13.10072,220,370
2018-05-04 12:28:42.477000,13.10309,13.10039,220,370
2018-05-04 12:28:42.528000,13.10299,13.10021,220,220
2018-05-04 12:28:42.727000,13.10309,13.10051,220,370
2018-05-04 12:28:42.968000,13.10318,13.10052,220,370
2018-05-04 12:28:43.398000,13.10308,13.10022,220,600
2018-05-04 12:28:43.813000,13.10298,13.10011,220,370
2018-05-04 12:28:43.941000,13.10289,13.10011,220,370
2018-05-04 12:28:44.177000,13.10318,13.10022,450,600
2018-05-04 12:28:44.278000,13.10308,13.10011,220,370
2018-05-04 12:28:44.547000,13.10298,13.10011,220,370
2018-05-04 12:28:45.019000,13.10318,13.10052,450,370
2018-05-04 12:28:45.070000,13.10318,13.10039,220,370
2018-05-04 12:28:45.343000,13.10319,13.10029,220,370
2018-05-04 12:28:45.394000,13.10309,13.10028,220,370
2018-05-04 12:28:45.795000,13.10308,13.10022,220,220
2018-05-04 12:28:45.899000,13.10299,13.10011,220,370
2018-05-04 12:28:46.378000,13.10309,13.10021,220,220
2018-05-04 12:28:47.217000,13.10318,13.10022,220,220
2018-05-04 12:28:47.342000,13.10319,13.10039,220,370
2018-05-04 12:28:47.681000,13.10318,13.10052,220,370
2018-05-04 12:28:48.157000,13.10329,13.10051,220,370
2018-05-04 12:28:48.773000,13.10338,13.10058,220,370
2018-05-04 12:28:49.058000,13.10338,13.10052,220,370
2018-05-04 12:28:49.109000,13.10319,13.10011,220,370
2018-05-04 12:28:49.217000,13.10298,13.10011,220,370
2018-05-04 12:28:49.371000,13.10279,13.09988,220,370
2018-05-04 12:28:49.422000,13.10308,13.09992,600,300
2018-05-04 12:28:49.818000,13.10288,13.09992,220,300
2018-05-04 12:28:49.870000,13.10308,13.09992,820,300
2018-05-04 12:28:50.172000,13.10309,13.10029,220,370
2018-05-04 12:28:50.508000,13.10409,13.10171,220,370
2018-05-04 12:28:51.121000,13.10419,13.10171,220,370
2018-05-04 12:28:51.421000,13.10409,13.10171,220,370
2018-05-04 12:28:51.681000,13.10419,13.10171,220,370
2018-05-04 12:28:51.928000,13.10408,13.10172,220,370
2018-05-04 12:28:52.259000,13.10399,13.10171,220,370
2018-05-04 12:28:52.310000,13.10399,13.10151,220,370
2018-05-04 12:28:52.474000,13.10399,13.10121,220,600
2018-05-04 12:28:52.526000,13.10399,13.10129,220,370
2018-05-04 12:28:52.752000,13.10399,13.10121,220,600
2018-05-04 12:28:52.883000,13.10399,13.10128,220,370
2018-05-04 12:28:53.195000,13.10409,13.10151,220,370
2018-05-04 12:28:53.680000,13.10408,13.10158,220,370
2018-05-04 12:28:53.781000,13.10418,13.10158,220,370
2018-05-04 12:28:53.832000,13.10419,13.10171,220,370
2018-05-04 12:28:54.298000,13.10398,13.10152,220,370
2018-05-04 12:28:54.349000,13.10398,13.10132,220,220
2018-05-04 12:28:54.513000,13.10349,13.10071,220,970
2018-05-04 12:28:55.062000,13.10388,13.10072,450,370
2018-05-04 12:28:55.521000,13.10368,13.10072,220,370
2018-05-04 12:28:55.853000,13.10349,13.10071,520,370
2018-05-04 12:28:56.207000,13.10339,13.10071,220,370
2018-05-04 12:28:56.539000,13.10329,13.10071,220,370
2018-05-04 12:28:56.965000,13.10309,13.10021,220,600
2018-05-04 12:28:57.016000,13.10328,13.10072,220,370
2018-05-04 12:28:57.234000,13.10308,13.10039,220,370
2018-05-04 12:28:57.396000,13.10299,13.10039,220,370
2018-05-04 12:28:58.032000,13.10308,13.10039,220,370
2018-05-04 12:28:58.099000,13.10329,13.10051,220,370
2018-05-04 12:28:58.149000,13.10328,13.10072,220,370
2018-05-04 12:28:59.283000,13.10309,13.10072,370,370
2018-05-04 12:28:59.334000,13.10259,13.09981,220,370
2018-05-04 12:28:59.488000,13.10269,13.09981,220,370
2018-05-04 12:28:59.694000,13.10209,13.09981,220,370
2018-05-04 12:28:59.745000,13.10228,13.09981,220,370
2018-05-04 12:28:59.796000,13.10228,13.09972,220,370
2018-05-04 12:28:59.847000,13.10218,13.09972,220,370
2018-05-04 12:29:00.363000,13.10219,13.09971,220,370
2018-05-04 12:29:00.795000,13.10238,13.09972,220,370
2018-05-04 12:29:00.846000,13.10208,13.09952,220,370
2018-05-04 12:29:01.350000,13.10208,13.09972,220,370
2018-05-04 12:29:01.521000,13.10208,13.09952,220,370
2018-05-04 12:29:02.290000,13.10208,13.09972,220,370
2018-05-04 12:29:02.470000,13.10229,13.09971,220,370
2018-05-04 12:29:02.744000,13.10239,13.09971,220,370
2018-05-04 12:29:02.928000,13.10229,13.09951,220,370
2018-05-04 12:29:02.979000,13.10308,13.10062,220,370
2018-05-04 12:29:03.241000,13.10288,13.09992,220,300
2018-05-04 12:29:03.292000,13.10289,13.10021,220,220
2018-05-04 12:29:03.471000,13.10258,13.09972,220,370
2018-05-04 12:29:03.573000,13.10268,13.09972,220,370
2018-05-04 12:29:03.724000,13.10279,13.09971,450,370
2018-05-04 12:29:04.165000,13.10289,13.09991,220,300
2018-05-04 12:29:04.217000,13.10279,13.09971,220,370
2018-05-04 12:29:04.547000,13.10269,13.09971,220,370
2018-05-04 12:29:04.619000,13.10278,13.09972,220,370
2018-05-04 12:29:04.792000,13.10299,13.09991,450,300
2018-05-04 12:29:04.842000,13.10289,13.09991,220,300
2018-05-04 12:29:05.069000,13.10288,13.09972,450,370
2018-05-04 12:29:05.307000,13.10309,13.09991,220,300
2018-05-04 12:29:05.397000,13.10299,13.09991,220,300
2018-05-04 12:29:05.739000,13.10259,13.09991,220,300
2018-05-04 12:29:05.790000,13.10258,13.09972,220,370
2018-05-04 12:29:05.891000,13.10279,13.09971,450,370
2018-05-04 12:29:06.628000,13.10278,13.09972,450,370
2018-05-04 12:29:07.009000,13.10249,13.09971,220,370
2018-05-04 12:29:07.111000,13.10298,13.09992,220,300
2018-05-04 12:29:07.346000,13.10258,13.09972,220,370
2018-05-04 12:29:07.462000,13.10278,13.09972,450,370
2018-05-04 12:29:07.513000,13.10279,13.09991,220,300
2018-05-04 12:29:07.563000,13.10269,13.09971,220,370
2018-05-04 12:29:07.999000,13.10278,13.09972,220,600
2018-05-04 12:29:08.149000,13.10249,13.09971,220,370
2018-05-04 12:29:08.200000,13.10279,13.09971,450,370
2018-05-04 12:29:08.301000,13.10299,13.09981,220,220
2018-05-04 12:29:08.678000,13.10289,13.09981,220,220
2018-05-04 12:29:08.981000,13.10309,13.09991,220,520
2018-05-04 12:29:09.052000,13.10298,13.09992,220,220
2018-05-04 12:29:09.599000,13.10268,13.09972,220,370
2018-05-04 12:29:09.931000,13.10289,13.09991,220,300
2018-05-04 12:29:09.981000,13.10399,13.10171,220,370
2018-05-04 12:29:10.308000,13.10418,13.10172,220,370
2018-05-04 12:29:10.491000,13.10409,13.10171,220,370
2018-05-04 12:29:11.209000,13.10428,13.10172,220,370
2018-05-04 12:29:11.461000,13.10439,13.10171,220,370
2018-05-04 12:29:11.865000,13.10478,13.10192,220,300
2018-05-04 12:29:11.966000,13.10449,13.10171,300,600
2018-05-04 12:29:12.279000,13.10429,13.10171,220,600
2018-05-04 12:29:12.679000,13.10428,13.10122,220,600
2018-05-04 12:29:13.189000,13.10448,13.10122,520,600
2018-05-04 12:29:13.240000,13.10438,13.10122,220,600
2018-05-04 12:29:13.581000,13.10438,13.10172,220,370
2018-05-04 12:29:13.903000,13.10428,13.10172,220,750
2018-05-04 12:29:14.004000,13.10349,13.10061,220,370
2018-05-04 12:29:14.169000,13.10338,13.10062,220,370
2018-05-04 12:29:14.394000,13.10339,13.10021,220,600
2018-05-04 12:29:14.500000,13.10339,13.10038,220,370
2018-05-04 12:29:14.825000,13.10349,13.10028,220,370
2018-05-04 12:29:14.876000,13.10362,13.10041,370,220
2018-05-04 12:29:14.927000,13.10379,13.10041,220,220
2018-05-04 12:29:15.128000,13.10349,13.09991,300,300
2018-05-04 12:29:15.251000,13.10348,13.10022,520,600
2018-05-04 12:29:15.600000,13.10439,13.10171,220,750
2018-05-04 12:29:17.084000,13.10438,13.10122,220,600
2018-05-04 12:29:17.134000,13.10438,13.10128,220,370
2018-05-04 12:29:17.652000,13.10439,13.10161,220,370
2018-05-04 12:29:18.355000,13.10438,13.10162,220,370
2018-05-04 12:29:20.539000,13.10439,13.10161,220,370
2018-05-04 12:29:21.568000,13.10348,13.10069,300,370
2018-05-04 12:29:21.669000,13.10348,13.10062,300,370
2018-05-04 12:29:21.720000,13.10338,13.10062,220,370
2018-05-04 12:29:21.832000,13.10438,13.10092,220,300
2018-05-04 12:29:21.953000,13.10439,13.10101,220,220
2018-05-04 12:29:22.108000,13.10439,13.10091,220,220
2018-05-04 12:29:22.209000,13.10439,13.10101,220,220
2018-05-04 12:29:22.460000,13.10442,13.10101,370,220
2018-05-04 12:29:22.511000,13.10389,13.10061,220,370
2018-05-04 12:29:22.840000,13.10348,13.10062,520,370
2018-05-04 12:29:23.173000,13.10338,13.10062,220,370
2018-05-04 12:29:23.224000,13.10349,13.10061,520,370
2018-05-04 12:29:23.599000,13.10371,13.10092,370,520
2018-05-04 12:29:23.650000,13.10439,13.10091,220,520
2018-05-04 12:29:23.986000,13.10438,13.10102,220,220
2018-05-04 12:29:24.187000,13.10438,13.10092,220,220
2018-05-04 12:29:24.929000,13.10439,13.10091,220,520
2018-05-04 12:29:25.206000,13.10439,13.10161,220,370
2018-05-04 12:29:25.308000,13.10438,13.10129,220,370
2018-05-04 12:29:25.981000,13.10439,13.10101,220,220
2018-05-04 12:29:26.069000,13.10389,13.10091,220,220
2018-05-04 12:29:26.389000,13.10339,13.10061,220,370
2018-05-04 12:29:27.129000,13.10338,13.10062,220,370
2018-05-04 12:29:27.778000,13.10339,13.10061,220,370
2018-05-04 12:29:28.374000,13.10338,13.10062,220,370
2018-05-04 12:29:28.928000,13.10339,13.10061,220,370
2018-05-04 12:29:29.042000,13.10399,13.10061,220,370
2018-05-04 12:29:29.093000,13.10349,13.10061,520,370
2018-05-04 12:29:29.236000,13.10339,13.10001,220,220
2018-05-04 12:29:29.297000,13.10338,13.10062,220,370
2018-05-04 12:29:29.438000,13.10349,13.10061,520,370
2018-05-04 12:29:29.489000,13.10339,13.10001,220,220
2018-05-04 12:29:29.802000,13.10339,13.10061,220,370
2018-05-04 12:29:29.853000,13.10338,13.10038,220,370
2018-05-04 12:29:30.360000,13.10249,13.09991,520,300
2018-05-04 12:29:30.410000,13.10249,13.09961,220,370
2018-05-04 12:29:30.461000,13.10339,13.09961,220,370
2018-05-04 12:29:30.512000,13.10351,13.09961,100,370
2018-05-04 12:29:30.614000,13.10339,13.09961,220,370
2018-05-04 12:29:30.889000,13.10339,13.09929,220,100
2018-05-04 12:29:31.176000,13.10338,13.09962,220,370
2018-05-04 12:29:31.580000,13.10239,13.09891,220,300
2018-05-04 12:29:31.630000,13.10338,13.09962,220,370
2018-05-04 12:29:31.782000,13.10309,13.09918,220,100
2018-05-04 12:29:31.925000,13.10309,13.09901,220,220
2018-05-04 12:29:31.976000,13.10309,13.09961,220,370
2018-05-04 12:29:32.027000,13.10309,13.09901,220,220
2018-05-04 12:29:32.146000,13.10249,13.09961,520,370
2018-05-04 12:29:32.249000,13.10332,13.09961,100,370
2018-05-04 12:29:32.300000,13.10332,13.09902,100,220
2018-05-04 12:29:32.500000,13.10341,13.09961,100,370
2018-05-04 12:29:32.804000,13.10361,13.09962,100,370
2018-05-04 12:29:33.159000,13.10391,13.10061,100,370
2018-05-04 12:29:33.210000,13.10372,13.10001,100,220
2018-05-04 12:29:33.261000,13.10178,13.09892,220,300
2018-05-04 12:29:33.413000,13.10322,13.09891,100,520
2018-05-04 12:29:34.467000,13.10322,13.09961,100,370
2018-05-04 12:29:34.646000,13.10311,13.09902,100,220
2018-05-04 12:29:34.697000,13.10322,13.09961,100,370
2018-05-04 12:29:34.871000,13.10322,13.09901,100,220
2018-05-04 12:29:34.973000,13.10301,13.09891,100,520
2018-05-04 12:29:35.243000,13.10312,13.09891,100,520
2018-05-04 12:29:35.293000,13.10248,13.09892,300,300
2018-05-04 12:29:35.394000,13.10281,13.09891,100,300
2018-05-04 12:29:35.445000,13.10291,13.09891,100,300
2018-05-04 12:29:35.975000,13.10291,13.09961,100,220
2018-05-04 12:29:36.460000,13.10249,13.09891,520,300
2018-05-04 12:29:36.667000,13.10159,13.09891,220,300
2018-05-04 12:29:36.819000,13.10272,13.09961,100,220
2018-05-04 12:29:36.870000,13.10292,13.09962,100,220
2018-05-04 12:29:36.921000,13.10312,13.09961,100,370
2018-05-04 12:29:37.741000,13.10312,13.09891,100,520
2018-05-04 12:29:38.049000,13.10312,13.09921,100,220
2018-05-04 12:29:38.357000,13.10281,13.09892,100,520
2018-05-04 12:29:38.765000,13.10292,13.09962,100,220
2018-05-04 12:29:38.816000,13.10292,13.09891,100,300
2018-05-04 12:29:39.038000,13.10261,13.09891,100,300
2018-05-04 12:29:39.190000,13.10312,13.09901,100,220
2018-05-04 12:29:39.495000,13.10239,13.09891,150,300
2018-05-04 12:29:39.547000,13.10242,13.09861,100,370
2018-05-04 12:29:39.598000,13.10109,13.09791,220,220
2018-05-04 12:29:39.649000,13.10182,13.09791,100,220
2018-05-04 12:29:39.700000,13.10079,13.09771,220,300
2018-05-04 12:29:39.751000,13.10148,13.09728,300,100
2018-05-04 12:29:39.802000,13.10149,13.09761,300,370
2018-05-04 12:29:40.024000,13.10102,13.09661,100,370
2018-05-04 12:29:40.075000,13.10071,13.09661,100,370
2018-05-04 12:29:40.380000,13.10048,13.09702,300,220
2018-05-04 12:29:40.631000,13.10049,13.09691,220,300
2018-05-04 12:29:40.733000,13.10048,13.09662,220,370
2018-05-04 12:29:40.882000,13.10038,13.09662,220,370
2018-05-04 12:29:40.932000,13.10039,13.09601,220,220
2018-05-04 12:29:41.218000,13.10082,13.09702,100,220
2018-05-04 12:29:41.533000,13.09979,13.09609,220,100
2018-05-04 12:29:41.724000,13.09979,13.09601,220,220
2018-05-04 12:29:41.775000,13.10031,13.09591,100,220
2018-05-04 12:29:41.827000,13.10031,13.09631,100,220
2018-05-04 12:29:42.131000,13.10081,13.09661,100,370
2018-05-04 12:29:42.238000,13.10059,13.09691,220,220
2018-05-04 12:29:42.443000,13.10092,13.09661,100,370
2018-05-04 12:29:42.522000,13.10092,13.09692,100,220
2018-05-04 12:29:42.784000,13.10091,13.09661,100,370
2018-05-04 12:29:43.090000,13.10148,13.09702,220,220
2018-05-04 12:29:43.539000,13.10181,13.09822,100,220
2018-05-04 12:29:43.689000,13.10232,13.09821,100,220
2018-05-04 12:29:43.740000,13.10239,13.09801,220,220
2018-05-04 12:29:43.791000,13.10169,13.09801,220,220
2018-05-04 12:29:43.892000,13.10109,13.09701,220,220
2018-05-04 12:29:43.943000,13.10149,13.09701,300,220
2018-05-04 12:29:44.045000,13.10212,13.09701,100,220
2018-05-04 12:29:44.341000,13.10108,13.09692,220,520
2018-05-04 12:29:44.443000,13.10211,13.09691,100,520
2018-05-04 12:29:44.864000,13.10108,13.09692,220,520
2018-05-04 12:29:44.965000,13.10202,13.09691,100,520
2018-05-04 12:29:45.016000,13.10202,13.09782,100,220
2018-05-04 12:29:45.168000,13.10038,13.09602,220,220
2018-05-04 12:29:45.554000,13.10048,13.09602,220,220
2018-05-04 12:29:45.659000,13.10049,13.09771,220,220
2018-05-04 12:29:45.811000,13.10122,13.09602,100,220
2018-05-04 12:29:45.862000,13.10322,13.09902,100,220
2018-05-04 12:29:45.913000,13.10322,13.09821,100,370
2018-05-04 12:29:45.964000,13.10292,13.09821,100,370
2018-05-04 12:29:46.391000,13.10338,13.09822,220,370
2018-05-04 12:29:46.492000,13.10249,13.09721,300,370
2018-05-04 12:29:46.543000,13.10281,13.09729,100,100
2018-05-04 12:29:46.649000,13.10282,13.09748,100,100
2018-05-04 12:29:47.150000,13.10339,13.09891,220,220
2018-05-04 12:29:47.552000,13.10248,13.09902,520,220
2018-05-04 12:29:47.603000,13.10209,13.09791,220,220
2018-05-04 12:29:47.654000,13.10138,13.09792,220,220
2018-05-04 12:29:47.755000,13.10138,13.09702,220,220
2018-05-04 12:29:48.139000,13.10089,13.09791,220,300
2018-05-04 12:29:48.241000,13.10238,13.09792,220,520
2018-05-04 12:29:48.292000,13.10209,13.09801,220,220
2018-05-04 12:29:48.521000,13.10238,13.09792,220,220
2018-05-04 12:29:48.628000,13.10239,13.09801,220,220
2018-05-04 12:29:49.049000,13.10282,13.10022,100,370
2018-05-04 12:29:49.103000,13.10291,13.09801,100,220
2018-05-04 12:29:49.251000,13.10291,13.09962,100,220
2018-05-04 12:29:49.301000,13.10312,13.09961,100,220
2018-05-04 12:29:49.352000,13.10312,13.09891,100,300
2018-05-04 12:29:49.403000,13.10232,13.09802,100,220
2018-05-04 12:29:49.454000,13.10139,13.09801,220,220
2018-05-04 12:29:49.606000,13.10248,13.09792,520,520
2018-05-04 12:29:49.708000,13.10118,13.09792,220,220
2018-05-04 12:29:49.809000,13.10238,13.09792,220,220
2018-05-04 12:29:50.595000,13.10249,13.09801,520,220
2018-05-04 12:29:50.646000,13.10238,13.09802,220,220
2018-05-04 12:29:51.025000,13.10139,13.09701,220,220
2018-05-04 12:29:51.075000,13.10232,13.10011,370,220
2018-05-04 12:29:51.126000,13.10249,13.09891,220,520
2018-05-04 12:29:51.277000,13.10229,13.09801,220,220
2018-05-04 12:29:51.328000,13.10149,13.09891,520,220
2018-05-04 12:29:51.379000,13.10139,13.09701,220,220
2018-05-04 12:29:51.480000,13.10139,13.09791,220,220
2018-05-04 12:29:51.530000,13.10098,13.09692,220,520
2018-05-04 12:29:51.655000,13.10138,13.09692,220,520
2018-05-04 12:29:51.823000,13.10049,13.09601,300,220
2018-05-04 12:29:51.873000,13.09959,13.09741,220,220
2018-05-04 12:29:51.926000,13.09949,13.09601,520,220
2018-05-04 12:29:51.977000,13.10039,13.09691,220,220
2018-05-04 12:29:52.027000,13.10048,13.09592,520,300
2018-05-04 12:29:52.078000,13.09982,13.09622,100,220
2018-05-04 12:29:52.128000,13.10082,13.09622,370,220
2018-05-04 12:29:52.179000,13.10238,13.09622,220,220
2018-05-04 12:29:52.229000,13.10038,13.09692,220,300
2018-05-04 12:29:52.280000,13.10149,13.09601,300,220
2018-05-04 12:29:52.331000,13.10248,13.09892,520,220
2018-05-04 12:29:52.432000,13.10249,13.09701,520,220
2018-05-04 12:29:52.533000,13.10338,13.09802,220,220
2018-05-04 12:29:52.856000,13.10219,13.09791,220,520
2018-05-04 12:29:53.108000,13.10238,13.09792,220,300
2018-05-04 12:29:53.227000,13.10549,13.10171,300,220
2018-05-04 12:29:53.378000,13.10538,13.10002,220,220
2018-05-04 12:29:53.531000,13.10338,13.10012,220,220
2018-05-04 12:29:53.581000,13.10449,13.09858,300,100
2018-05-04 12:29:53.632000,13.10382,13.10082,100,220
2018-05-04 12:29:53.683000,13.10439,13.10061,220,220
2018-05-04 12:29:53.825000,13.10409,13.09901,220,220
2018-05-04 12:29:53.875000,13.10409,13.10011,220,220
2018-05-04 12:29:54.003000,13.10431,13.09902,100,220
2018-05-04 12:29:54.054000,13.10439,13.09901,220,220
2018-05-04 12:29:54.481000,13.10439,13.09991,220,300
2018-05-04 12:29:54.797000,13.10439,13.10001,220,220
2018-05-04 12:29:55.508000,13.10438,13.10002,220,220
2018-05-04 12:29:55.786000,13.10449,13.10001,520,220
2018-05-04 12:29:56.068000,13.10438,13.09992,220,520
2018-05-04 12:29:56.170000,13.10539,13.09991,220,300
2018-05-04 12:29:56.272000,13.10539,13.10121,220,220
2018-05-04 12:29:56.602000,13.10638,13.10202,220,220
2018-05-04 12:29:57.392000,13.10648,13.10292,220,520
2018-05-04 12:29:57.493000,13.10639,13.10201,220,220
2018-05-04 12:29:57.842000,13.10639,13.10291,220,220
2018-05-04 12:29:58.264000,13.10539,13.10101,220,220
2018-05-04 12:29:58.416000,13.10539,13.10091,220,520
2018-05-04 12:29:58.517000,13.10449,13.10091,300,520
2018-05-04 12:29:58.568000,13.10639,13.10101,220,220
2018-05-04 12:29:58.738000,13.10648,13.10192,520,520
2018-05-04 12:29:59.021000,13.10681,13.10201,100,220
2018-05-04 12:29:59.168000,13.10732,13.10201,100,220
2018-05-04 12:29:59.219000,13.10648,13.10292,220,220
2018-05-04 12:29:59.270000,13.10739,13.10301,220,220
2018-05-04 12:29:59.371000,13.10739,13.10391,220,520
2018-05-04 12:29:59.747000,13.10839,13.10401,220,220
2018-05-04 12:29:59.850000,13.10619,13.10201,220,220
2018-05-04 12:30:00.053000,13.10738,13.10302,220,220
2018-05-04 12:30:00.204000,13.10782,13.10411,100,220
2018-05-04 12:30:00.255000,13.10782,13.10301,100,220
2018-05-04 12:30:00.306000,13.10669,13.10401,220,220
2018-05-04 12:30:00.357000,13.10739,13.10351,220,220
2018-05-04 12:30:00.485000,13.10838,13.10452,220,220
2018-05-04 12:30:00.586000,13.10839,13.10391,220,520
2018-05-04 12:30:00.687000,13.10929,13.10551,300,220
2018-05-04 12:30:00.788000,13.10928,13.10502,300,220
2018-05-04 12:30:00.889000,13.10929,13.10591,300,220
2018-05-04 12:30:01.006000,13.10889,13.10501,220,220
2018-05-04 12:30:01.107000,13.11072,13.10741,370,220
2018-05-04 12:30:01.158000,13.11238,13.10882,220,220
2018-05-04 12:30:01.209000,13.11179,13.10701,220,220
2018-05-04 12:30:01.260000,13.11139,13.10761,220,220
2018-05-04 12:30:01.468000,13.11331,13.10932,100,220
2018-05-04 12:30:01.519000,13.11548,13.11082,300,220
2018-05-04 12:30:01.570000,13.11549,13.11221,300,220
2018-05-04 12:30:01.671000,13.11631,13.11231,100,220
2018-05-04 12:30:01.722000,13.11731,13.11321,100,220
2018-05-04 12:30:01.773000,13.11981,13.11481,370,220
2018-05-04 12:30:01.824000,13.11788,13.11372,220,220
2018-05-04 12:30:02.026000,13.12882,13.12381,370,150
2018-05-04 12:30:02.201000,13.13088,13.12682,220,220
2018-05-04 12:30:02.302000,13.13358,13.12982,220,220
2018-05-04 12:30:02.353000,13.13468,13.12782,220,220
2018-05-04 12:30:02.420000,13.13571,13.13012,370,220
2018-05-04 12:30:02.745000,13.13761,13.13172,100,220
2018-05-04 12:30:02.796000,13.13649,13.13238,220,370
2018-05-04 12:30:03.011000,13.14441,13.13679,370,370
2018-05-04 12:30:03.069000,13.15048,13.14428,220,370
2018-05-04 12:30:03.365000,13.14902,13.14138,370,370
2018-05-04 12:30:03.416000,13.14708,13.14352,370,220
2018-05-04 12:30:03.716000,13.15211,13.14641,370,220
2018-05-04 12:30:03.767000,13.15119,13.14611,220,220
2018-05-04 12:30:04.074000,13.15099,13.14631,220,220
2018-05-04 12:30:04.344000,13.14888,13.14502,220,220
2018-05-04 12:30:04.395000,13.14909,13.14351,300,220
2018-05-04 12:30:04.452000,13.14859,13.14451,220,220
2018-05-04 12:30:04.960000,13.14819,13.14318,220,370
2018-05-04 12:30:05.011000,13.14599,13.14041,220,220
2018-05-04 12:30:05.062000,13.14798,13.14352,220,220
2018-05-04 12:30:05.113000,13.14669,13.14101,220,220
2018-05-04 12:30:05.164000,13.14408,13.14069,220,370
2018-05-04 12:30:05.216000,13.14408,13.13842,220,220
2018-05-04 12:30:05.267000,13.14449,13.14001,220,220
2018-05-04 12:30:05.403000,13.14672,13.14172,370,220
2018-05-04 12:30:05.552000,13.14508,13.14039,220,370
2018-05-04 12:30:05.603000,13.14572,13.13902,370,150
2018-05-04 12:30:05.660000,13.14409,13.13901,520,370
2018-05-04 12:30:05.989000,13.14162,13.13742,370,220
2018-05-04 12:30:06.243000,13.14129,13.13641,220,220
2018-05-04 12:30:06.575000,13.14029,13.13811,220,220
2018-05-04 12:30:06.626000,13.14018,13.13772,220,220
2018-05-04 12:30:06.710000,13.14272,13.13772,370,220
2018-05-04 12:30:06.870000,13.14298,13.13872,220,220
2018-05-04 12:30:06.921000,13.14299,13.13681,220,220
2018-05-04 12:30:06.972000,13.14008,13.13692,220,220
2018-05-04 12:30:07.024000,13.14248,13.13602,220,150
2018-05-04 12:30:07.308000,13.14149,13.13781,220,220
2018-05-04 12:30:07.685000,13.14139,13.13771,220,220
2018-05-04 12:30:07.866000,13.14028,13.13582,220,220
2018-05-04 12:30:07.916000,13.13948,13.13582,220,220
2018-05-04 12:30:07.967000,13.14008,13.13582,520,220
2018-05-04 12:30:08.037000,13.14209,13.13731,300,300
2018-05-04 12:30:08.374000,13.14098,13.13732,220,300
2018-05-04 12:30:08.521000,13.14209,13.13618,300,370
2018-05-04 12:30:08.589000,13.14009,13.13568,220,370
2018-05-04 12:30:08.983000,13.14088,13.13592,220,220
2018-05-04 12:30:09.034000,13.13929,13.13681,220,220
2018-05-04 12:30:09.085000,13.13989,13.13641,220,220
2018-05-04 12:30:09.139000,13.14019,13.13641,220,220
2018-05-04 12:30:09.292000,13.14029,13.13691,220,220
2018-05-04 12:30:09.343000,13.14339,13.13781,220,220
2018-05-04 12:30:09.471000,13.14149,13.13691,220,220
2018-05-04 12:30:09.785000,13.14049,13.13701,220,220
2018-05-04 12:30:09.920000,13.14149,13.13731,220,220
2018-05-04 12:30:10.004000,13.14139,13.13921,220,220
2018-05-04 12:30:10.130000,13.14179,13.13951,220,370
2018-05-04 12:30:10.187000,13.14262,13.13951,370,370
2018-05-04 12:30:10.238000,13.14278,13.13952,220,370
2018-05-04 12:30:10.289000,13.14108,13.13952,220,370
2018-05-04 12:30:10.541000,13.14269,13.13951,220,370
2018-05-04 12:30:10.593000,13.14159,13.13821,220,220
2018-05-04 12:30:10.644000,13.14122,13.13822,370,220
2018-05-04 12:30:10.892000,13.14128,13.13792,220,220
2018-05-04 12:30:10.945000,13.14079,13.13851,220,370
2018-05-04 12:30:11.063000,13.14121,13.13782,370,150
2018-05-04 12:30:11.189000,13.14099,13.13821,220,220
2018-05-04 12:30:11.306000,13.14079,13.13741,220,220
2018-05-04 12:30:11.407000,13.14038,13.13722,220,220
2018-05-04 12:30:11.458000,13.14232,13.13911,370,520
2018-05-04 12:30:11.615000,13.14271,13.13972,370,370
2018-05-04 12:30:11.679000,13.14288,13.13972,300,370
2018-05-04 12:30:11.730000,13.14302,13.13708,370,370
2018-05-04 12:30:11.781000,13.14319,13.13871,220,370
2018-05-04 12:30:12.115000,13.13909,13.13551,220,370
2018-05-04 12:30:12.418000,13.13978,13.13752,220,370
2018-05-04 12:30:12.652000,13.14102,13.13852,370,370
2018-05-04 12:30:12.703000,13.14059,13.13751,220,600
2018-05-04 12:30:12.775000,13.14052,13.13761,370,220
2018-05-04 12:30:13.122000,13.14072,13.13851,370,370
2018-05-04 12:30:13.298000,13.14231,13.13941,370,220
2018-05-04 12:30:13.352000,13.14252,13.13932,370,220
2018-05-04 12:30:13.403000,13.14211,13.13962,370,150
2018-05-04 12:30:13.506000,13.14268,13.13952,220,370
2018-05-04 12:30:13.557000,13.14362,13.14152,370,370
2018-05-04 12:30:13.607000,13.14352,13.14052,370,370
2018-05-04 12:30:13.658000,13.14322,13.14051,370,370
2018-05-04 12:30:13.983000,13.14382,13.14101,370,220
2018-05-04 12:30:14.052000,13.14382,13.14168,370,370
2018-05-04 12:30:14.153000,13.14582,13.14321,370,220
2018-05-04 12:30:14.204000,13.14681,13.14361,370,220
2018-05-04 12:30:14.255000,13.14611,13.14272,370,370
2018-05-04 12:30:14.361000,13.14638,13.14232,220,220
2018-05-04 12:30:14.415000,13.14722,13.14452,370,220
2018-05-04 12:30:14.568000,13.14871,13.14541,370,220
2018-05-04 12:30:14.619000,13.14812,13.14431,370,220
2018-05-04 12:30:14.670000,13.14812,13.14471,370,220
2018-05-04 12:30:14.850000,13.14869,13.14471,300,220
2018-05-04 12:30:14.901000,13.14891,13.14632,370,220
2018-05-04 12:30:14.952000,13.14892,13.14591,370,220
2018-05-04 12:30:15.003000,13.14852,13.14522,370,220
2018-05-04 12:30:15.054000,13.14842,13.14571,370,600
2018-05-04 12:30:15.105000,13.14902,13.14612,370,220
2018-05-04 12:30:15.156000,13.14861,13.14622,370,220
2018-05-04 12:30:15.295000,13.14992,13.14671,370,300
2018-05-04 12:30:15.347000,13.15141,13.14871,370,220
2018-05-04 12:30:15.399000,13.15241,13.14931,370,220
2018-05-04 12:30:15.451000,13.15241,13.14962,370,220
2018-05-04 12:30:15.552000,13.15252,13.14921,370,220
2018-05-04 12:30:15.603000,13.15221,13.14901,370,220
2018-05-04 12:30:15.832000,13.14941,13.14591,370,220
2018-05-04 12:30:15.883000,13.14812,13.14551,370,220
2018-05-04 12:30:15.934000,13.14912,13.14581,370,220
2018-05-04 12:30:15.985000,13.14932,13.14601,370,220
2018-05-04 12:30:16.319000,13.14682,13.14411,370,220
2018-05-04 12:30:16.472000,13.14761,13.14471,370,220
2018-05-04 12:30:16.523000,13.14771,13.14551,370,220
2018-05-04 12:30:16.574000,13.14922,13.14651,370,220
2018-05-04 12:30:16.628000,13.14878,13.14662,220,220
2018-05-04 12:30:16.720000,13.14911,13.14642,370,370
2018-05-04 12:30:16.771000,13.14851,13.14581,370,220
2018-05-04 12:30:16.872000,13.15722,13.15411,370,220
2018-05-04 12:30:16.923000,13.15649,13.15281,220,220
2018-05-04 12:30:16.975000,13.15569,13.15271,220,300
2018-05-04 12:30:17.026000,13.15618,13.15272,220,300
2018-05-04 12:30:17.144000,13.15538,13.15172,220,370
2018-05-04 12:30:17.195000,13.15512,13.15251,370,300
2018-05-04 12:30:17.296000,13.15542,13.15252,370,300
2018-05-04 12:30:17.347000,13.15522,13.15252,370,300
2018-05-04 12:30:17.696000,13.15511,13.15251,370,300
2018-05-04 12:30:17.747000,13.15512,13.15171,370,600
2018-05-04 12:30:17.810000,13.15482,13.15171,370,600
2018-05-04 12:30:18.139000,13.15159,13.14979,220,370
2018-05-04 12:30:18.291000,13.15212,13.14851,370,300
2018-05-04 12:30:18.341000,13.15161,13.15021,370,370
2018-05-04 12:30:18.392000,13.15232,13.15032,370,370
2018-05-04 12:30:18.445000,13.15182,13.14932,370,370
2018-05-04 12:30:18.497000,13.15188,13.14932,220,370
2018-05-04 12:30:18.548000,13.15149,13.14931,300,370
2018-05-04 12:30:18.729000,13.15019,13.14731,220,370
2018-05-04 12:30:18.865000,13.15052,13.14751,370,220
2018-05-04 12:30:18.918000,13.15018,13.14732,220,370
2018-05-04 12:30:19.220000,13.14538,13.14298,370,370
2018-05-04 12:30:19.311000,13.14552,13.14231,370,370
2018-05-04 12:30:19.362000,13.14741,13.14431,370,370
2018-05-04 12:30:19.665000,13.14448,13.14232,220,370
2018-05-04 12:30:19.950000,13.14302,13.14031,370,370
2018-05-04 12:30:20.051000,13.14131,13.13932,370,370
2018-05-04 12:30:20.102000,13.14212,13.13932,370,370
2018-05-04 12:30:20.153000,13.14132,13.13932,370,370
2018-05-04 12:30:20.388000,13.13849,13.13631,220,370
2018-05-04 12:30:20.498000,13.13811,13.13531,380,370
2018-05-04 12:30:20.548000,13.13749,13.13531,300,360
2018-05-04 12:30:20.607000,13.13731,13.13461,370,220
2018-05-04 12:30:20.658000,13.13721,13.13381,380,220
2018-05-04 12:30:20.709000,13.13658,13.13432,220,370
2018-05-04 12:30:20.914000,13.13748,13.13382,520,220
2018-05-04 12:30:20.965000,13.13782,13.13651,370,890
2018-05-04 12:30:21.065000,13.13772,13.13721,710,220
2018-05-04 12:30:21.116000,13.14011,13.13722,370,220
2018-05-04 12:30:21.167000,13.13992,13.13722,370,220
2018-05-04 12:30:21.319000,13.14012,13.13722,370,220
2018-05-04 12:30:21.423000,13.14012,13.13711,370,220
2018-05-04 12:30:21.473000,13.14012,13.13721,370,220
2018-05-04 12:30:21.679000,13.13982,13.13652,370,220
2018-05-04 12:30:21.730000,13.14002,13.13721,370,220
2018-05-04 12:30:21.831000,13.13991,13.13702,370,220
2018-05-04 12:30:21.990000,13.14012,13.13771,370,220
2018-05-04 12:30:22.041000,13.14071,13.13782,370,220
2018-05-04 12:30:22.092000,13.14081,13.13782,370,220
2018-05-04 12:30:22.142000,13.14062,13.13782,370,220
2018-05-04 12:30:22.193000,13.14082,13.13762,370,220
2018-05-04 12:30:22.244000,13.13992,13.13701,370,220
2018-05-04 12:30:22.590000,13.14072,13.13871,370,370
2018-05-04 12:30:22.641000,13.14162,13.13891,370,220
2018-05-04 12:30:22.692000,13.14171,13.13851,370,220
2018-05-04 12:30:22.743000,13.14251,13.13951,370,220
2018-05-04 12:30:22.793000,13.14179,13.13861,220,220
2018-05-04 12:30:22.844000,13.13992,13.13758,370,370
2018-05-04 12:30:22.994000,13.13972,13.13661,370,220
2018-05-04 12:30:23.045000,13.13892,13.13562,370,220
2018-05-04 12:30:23.096000,13.13838,13.13482,220,220
2018-05-04 12:30:23.197000,13.13899,13.13581,220,220
2018-05-04 12:30:23.298000,13.14218,13.13892,220,220
2018-05-04 12:30:23.349000,13.14221,13.13901,370,220
2018-05-04 12:30:23.399000,13.14318,13.13912,220,220
2018-05-04 12:30:23.477000,13.14298,13.13932,220,220
2018-05-04 12:30:23.579000,13.14249,13.13841,520,220
2018-05-04 12:30:23.629000,13.14248,13.13872,520,220
2018-05-04 12:30:24.004000,13.14049,13.13731,520,220
2018-05-04 12:30:24.055000,13.14039,13.13701,220,220
2018-05-04 12:30:24.161000,13.14148,13.13812,220,220
2018-05-04 12:30:24.312000,13.14499,13.14151,220,220
2018-05-04 12:30:24.363000,13.14448,13.14152,520,520
2018-05-04 12:30:24.480000,13.14519,13.14181,220,220
2018-05-04 12:30:24.531000,13.14479,13.14181,220,220
2018-05-04 12:30:24.581000,13.14599,13.14161,220,220
2018-05-04 12:30:24.632000,13.14662,13.14441,370,220
2018-05-04 12:30:24.683000,13.14768,13.14492,220,220
2018-05-04 12:30:24.784000,13.14749,13.14391,520,220
2018-05-04 12:30:24.835000,13.14728,13.14372,220,600
2018-05-04 12:30:24.957000,13.14649,13.14271,520,600
2018-05-04 12:30:25.007000,13.14619,13.14251,220,520
2018-05-04 12:30:25.108000,13.14639,13.14261,220,220
2018-05-04 12:30:25.159000,13.14589,13.14251,220,300
2018-05-04 12:30:25.260000,13.14648,13.14222,300,370
2018-05-04 12:30:25.311000,13.14548,13.14202,300,220
2018-05-04 12:30:25.361000,13.14449,13.14101,220,220
2018-05-04 12:30:25.412000,13.14399,13.14151,220,300
2018-05-04 12:30:25.476000,13.14449,13.14141,300,220
2018-05-04 12:30:25.527000,13.14428,13.13972,370,370
2018-05-04 12:30:25.577000,13.14378,13.13942,370,220
2018-05-04 12:30:25.883000,13.14258,13.13922,220,220
2018-05-04 12:30:25.985000,13.14349,13.13951,520,220
2018-05-04 12:30:26.036000,13.14248,13.13922,300,220
2018-05-04 12:30:26.103000,13.14338,13.13932,220,220
2018-05-04 12:30:26.153000,13.14248,13.13922,520,220
2018-05-04 12:30:26.356000,13.14249,13.13871,520,220
2018-05-04 12:30:26.407000,13.14229,13.13871,220,220
2018-05-04 12:30:26.458000,13.14249,13.13881,520,220
2018-05-04 12:30:26.508000,13.14229,13.13871,220,220
2018-05-04 12:30:26.852000,13.14149,13.13871,220,370
2018-05-04 12:30:26.903000,13.14248,13.13872,520,370
2018-05-04 12:30:26.954000,13.14109,13.13751,220,300
2018-05-04 12:30:27.155000,13.14098,13.13722,220,220
2018-05-04 12:30:27.206000,13.14059,13.13731,220,220
2018-05-04 12:30:27.257000,13.14048,13.13712,520,220
2018-05-04 12:30:27.377000,13.14002,13.13661,100,220
2018-05-04 12:30:27.428000,13.13829,13.13551,220,220
2018-05-04 12:30:27.479000,13.13849,13.13491,300,220
2018-05-04 12:30:27.530000,13.13878,13.13492,370,220
2018-05-04 12:30:27.581000,13.13899,13.13581,220,220
2018-05-04 12:30:27.632000,13.13929,13.13571,220,220
2018-05-04 12:30:27.683000,13.13938,13.13592,220,220
2018-05-04 12:30:27.784000,13.13962,13.13378,100,370
2018-05-04 12:30:27.919000,13.13828,13.13482,370,220
2018-05-04 12:30:27.970000,13.15538,13.15066,220,740
2018-05-04 12:30:28.020000,13.15508,13.15172,220,370
2018-05-04 12:30:28.121000,13.15529,13.15171,370,370
2018-05-04 12:30:28.172000,13.15509,13.15181,220,220
2018-05-04 12:30:28.508000,13.15529,13.15221,220,150
2018-05-04 12:30:28.559000,13.15602,13.14998,370,370
2018-05-04 12:30:28.609000,13.15508,13.15182,220,220
2018-05-04 12:30:28.660000,13.15528,13.15182,220,220
2018-05-04 12:30:28.761000,13.15488,13.15172,220,600
2018-05-04 12:30:29.044000,13.14549,13.14161,300,220
2018-05-04 12:30:29.095000,13.14519,13.14171,220,220
2018-05-04 12:30:29.297000,13.14629,13.14221,220,370
2018-05-04 12:30:29.348000,13.14429,13.14111,220,220
2018-05-04 12:30:29.399000,13.14449,13.14121,220,370
2018-05-04 12:30:29.451000,13.14438,13.14112,220,220
2018-05-04 12:30:29.680000,13.14338,13.13992,220,220
2018-05-04 12:30:29.784000,13.14338,13.13972,220,600
2018-05-04 12:30:29.840000,13.14299,13.13921,220,220
2018-05-04 12:30:29.891000,13.14249,13.13901,300,220
2018-05-04 12:30:29.944000,13.14309,13.13951,220,300
2018-05-04 12:30:29.995000,13.14319,13.13971,220,370
2018-05-04 12:30:30.320000,13.14279,13.13951,220,220
2018-05-04 12:30:30.523000,13.14289,13.13931,220,220
2018-05-04 12:30:30.574000,13.14258,13.13962,220,220
2018-05-04 12:30:30.626000,13.14299,13.13961,220,220
2018-05-04 12:30:30.677000,13.14228,13.13952,220,300
2018-05-04 12:30:30.729000,13.14248,13.13922,520,220
2018-05-04 12:30:30.858000,13.14312,13.13962,370,220
2018-05-04 12:30:30.909000,13.14349,13.14081,300,220
2018-05-04 12:30:30.960000,13.14448,13.14152,300,220
2018-05-04 12:30:31.011000,13.14511,13.14151,370,300
2018-05-04 12:30:31.062000,13.14539,13.14201,220,220
2018-05-04 12:30:31.265000,13.14528,13.14182,220,220
2018-05-04 12:30:31.387000,13.14468,13.14162,220,220
2018-05-04 12:30:31.489000,13.14512,13.14191,370,220
2018-05-04 12:30:31.540000,13.14539,13.14191,220,220
2018-05-04 12:30:31.642000,13.14539,13.14211,220,220
2018-05-04 12:30:31.794000,13.14639,13.14271,220,370
2018-05-04 12:30:31.946000,13.14539,13.14211,220,220
2018-05-04 12:30:32.102000,13.14549,13.14121,300,220
2018-05-04 12:30:32.153000,13.14549,13.14211,300,220
2018-05-04 12:30:32.469000,13.14589,13.14331,220,220
2018-05-04 12:30:32.520000,13.14639,13.14281,220,220
2018-05-04 12:30:32.570000,13.14639,13.14311,220,220
2018-05-04 12:30:32.624000,13.14712,13.14372,370,370
2018-05-04 12:30:32.674000,13.14812,13.14521,370,150
2018-05-04 12:30:32.775000,13.15289,13.14961,220,220
2018-05-04 12:30:32.826000,13.15259,13.14961,220,220
2018-05-04 12:30:33.035000,13.15289,13.14961,220,220
2018-05-04 12:30:33.085000,13.15259,13.14961,220,220
2018-05-04 12:30:33.136000,13.15288,13.14962,220,220
2018-05-04 12:30:33.237000,13.15279,13.14961,150,220
2018-05-04 12:30:33.289000,13.15309,13.14961,220,220
2018-05-04 12:30:33.440000,13.15288,13.14952,220,300
2018-05-04 12:30:33.703000,13.15309,13.14971,220,220
2018-05-04 12:30:33.757000,13.15268,13.14962,220,220
2018-05-04 12:30:33.808000,13.15318,13.14972,220,220
2018-05-04 12:30:33.858000,13.15269,13.14971,220,220
2018-05-04 12:30:33.914000,13.15269,13.14961,220,220
2018-05-04 12:30:33.966000,13.15279,13.14971,150,220
2018-05-04 12:30:34.017000,13.15308,13.14982,220,220
2018-05-04 12:30:34.068000,13.15268,13.14962,220,220
2018-05-04 12:30:34.255000,13.15289,13.14961,220,220
2018-05-04 12:30:34.406000,13.15259,13.14961,220,220
2018-05-04 12:30:34.507000,13.15289,13.14971,220,600
2018-05-04 12:30:34.558000,13.15298,13.14972,220,220
2018-05-04 12:30:34.608000,13.15289,13.14971,220,600
2018-05-04 12:30:34.743000,13.15298,13.14962,220,220
2018-05-04 12:30:34.794000,13.15309,13.14971,220,220
2018-05-04 12:30:34.845000,13.15319,13.14971,220,370
2018-05-04 12:30:34.898000,13.15338,13.14982,220,220
2018-05-04 12:30:34.949000,13.15279,13.14961,370,220
2018-05-04 12:30:35,13.15328,13.14962,220,220
2018-05-04 12:30:35.108000,13.15339,13.15001,220,220
2018-05-04 12:30:35.291000,13.15319,13.14961,220,220
2018-05-04 12:30:35.342000,13.15289,13.14961,220,220
2018-05-04 12:30:35.393000,13.15412,13.15071,370,370
2018-05-04 12:30:35.447000,13.15378,13.15032,150,220
2018-05-04 12:30:35.498000,13.15379,13.15041,150,220
2018-05-04 12:30:35.651000,13.15339,13.14991,220,220
2018-05-04 12:30:35.702000,13.15338,13.15022,220,370
2018-05-04 12:30:35.753000,13.15339,13.15001,220,220
2018-05-04 12:30:35.882000,13.15339,13.15021,220,220
2018-05-04 12:30:35.984000,13.15461,13.15112,370,220
2018-05-04 12:30:36.034000,13.15428,13.15092,220,220
2018-05-04 12:30:36.088000,13.15349,13.14991,300,220
2018-05-04 12:30:36.139000,13.15239,13.14891,220,220
2018-05-04 12:30:36.190000,13.15239,13.14871,220,370
2018-05-04 12:30:36.240000,13.15239,13.14891,220,220
2018-05-04 12:30:36.548000,13.15008,13.14652,220,220
2018-05-04 12:30:36.650000,13.14999,13.14731,220,220
2018-05-04 12:30:36.700000,13.14949,13.14651,300,300
2018-05-04 12:30:36.751000,13.14939,13.14651,220,300
2018-05-04 12:30:36.802000,13.15009,13.14651,220,220
2018-05-04 12:30:36.853000,13.14939,13.14601,220,220
2018-05-04 12:30:37.173000,13.14748,13.14452,520,300
2018-05-04 12:30:37.274000,13.14639,13.14331,220,220
2018-05-04 12:30:37.325000,13.14628,13.14312,220,220
2018-05-04 12:30:37.426000,13.14538,13.14202,220,220
2018-05-04 12:30:37.546000,13.14538,13.14232,220,220
2018-05-04 12:30:37.600000,13.14539,13.14201,220,220
2018-05-04 12:30:37.671000,13.14528,13.14182,220,220
2018-05-04 12:30:37.721000,13.14449,13.14161,300,220
2018-05-04 12:30:37.822000,13.14418,13.14072,220,220
2018-05-04 12:30:37.873000,13.14389,13.14061,220,220
2018-05-04 12:30:37.924000,13.14428,13.14092,220,220
2018-05-04 12:30:37.975000,13.14419,13.14091,220,220
2018-05-04 12:30:38.027000,13.14529,13.14171,750,220
2018-05-04 12:30:38.078000,13.14259,13.14011,220,220
2018-05-04 12:30:38.193000,13.14349,13.14041,300,220
2018-05-04 12:30:38.246000,13.14458,13.14152,220,300
2018-05-04 12:30:38.347000,13.14448,13.14132,520,220
2018-05-04 12:30:38.398000,13.14449,13.14141,520,220
2018-05-04 12:30:38.449000,13.14448,13.14122,300,150
2018-05-04 12:30:38.500000,13.14521,13.14161,370,220
2018-05-04 12:30:38.551000,13.14521,13.14181,370,220
2018-05-04 12:30:38.653000,13.14549,13.14181,520,220
2018-05-04 12:30:38.703000,13.14539,13.14231,220,220
2018-05-04 12:30:38.804000,13.14609,13.14281,220,220
2018-05-04 12:30:38.955000,13.14599,13.14271,220,220
2018-05-04 12:30:39.058000,13.14549,13.14191,300,220
2018-05-04 12:30:39.109000,13.14549,13.14221,520,370
2018-05-04 12:30:39.413000,13.14608,13.14282,220,220
2018-05-04 12:30:39.514000,13.14549,13.14221,520,370
2018-05-04 12:30:39.636000,13.14518,13.14222,220,370
2018-05-04 12:30:39.687000,13.14529,13.14221,220,370
2018-05-04 12:30:39.802000,13.14539,13.14221,220,370
2018-05-04 12:30:39.871000,13.14509,13.14221,220,370
2018-05-04 12:30:39.922000,13.14509,13.14181,220,220
2018-05-04 12:30:39.973000,13.14499,13.14181,220,220
2018-05-04 12:30:40.074000,13.14549,13.14221,520,370
2018-05-04 12:30:40.175000,13.14519,13.14181,220,220
2018-05-04 12:30:40.322000,13.14449,13.14121,520,370
2018-05-04 12:30:40.629000,13.14491,13.14181,370,220
2018-05-04 12:30:40.970000,13.14372,13.14092,370,220
2018-05-04 12:30:41.021000,13.14391,13.14092,370,220
2018-05-04 12:30:41.122000,13.14391,13.14081,370,220
2018-05-04 12:30:41.234000,13.14341,13.14081,370,220
2018-05-04 12:30:41.425000,13.14382,13.14072,370,670
2018-05-04 12:30:41.475000,13.14382,13.14082,370,220
2018-05-04 12:30:41.536000,13.14391,13.14082,370,220
2018-05-04 12:30:41.587000,13.14391,13.14171,370,220
2018-05-04 12:30:41.638000,13.14491,13.14181,370,220
2018-05-04 12:30:41.740000,13.14502,13.14181,370,220
2018-05-04 12:30:42.245000,13.14522,13.14182,370,220
2018-05-04 12:30:42.658000,13.14512,13.14181,370,220
2018-05-04 12:30:42.961000,13.14322,13.14001,370,220
2018-05-04 12:30:43.301000,13.14421,13.14171,370,300
2018-05-04 12:30:43.351000,13.14482,13.14192,370,220
2018-05-04 12:30:43.452000,13.14449,13.14181,300,220
2018-05-04 12:30:43.505000,13.14402,13.14071,370,220
2018-05-04 12:30:43.555000,13.14402,13.14082,370,220
2018-05-04 12:30:43.871000,13.14401,13.14101,370,220
2018-05-04 12:30:44.004000,13.14422,13.14111,370,220
2018-05-04 12:30:44.055000,13.14432,13.14172,370,300
2018-05-04 12:30:44.105000,13.14481,13.14212,370,220
2018-05-04 12:30:44.156000,13.14481,13.14221,370,220
2018-05-04 12:30:44.207000,13.14491,13.14221,370,220
2018-05-04 12:30:44.308000,13.14582,13.14282,370,220
2018-05-04 12:30:44.528000,13.14591,13.14281,370,220
2018-05-04 12:30:44.579000,13.14601,13.14292,370,220
2018-05-04 12:30:44.680000,13.14691,13.14361,370,220
2018-05-04 12:30:44.731000,13.14672,13.14422,370,220
2018-05-04 12:30:44.782000,13.14691,13.14422,370,220
2018-05-04 12:30:44.833000,13.14671,13.14382,370,220
2018-05-04 12:30:44.885000,13.14701,13.14381,370,220
2018-05-04 12:30:45.068000,13.14701,13.14371,370,300
2018-05-04 12:30:45.119000,13.14772,13.14481,370,220
2018-05-04 12:30:45.170000,13.14698,13.14372,220,520
2018-05-04 12:30:45.275000,13.14622,13.14312,370,220
2018-05-04 12:30:45.531000,13.14749,13.14431,220,220
2018-05-04 12:30:45.695000,13.14701,13.14388,370,370
2018-05-04 12:30:45.746000,13.14699,13.14371,220,520
2018-05-04 12:30:45.848000,13.14712,13.14388,370,370
2018-05-04 12:30:45.898000,13.14732,13.14402,370,220
2018-05-04 12:30:45.949000,13.14751,13.14481,370,220
2018-05-04 12:30:46.001000,13.14772,13.14481,370,220
2018-05-04 12:30:46.052000,13.14812,13.14481,370,220
2018-05-04 12:30:46.103000,13.14802,13.14531,370,220
2018-05-04 12:30:46.186000,13.14802,13.14481,370,220
2018-05-04 12:30:46.237000,13.14812,13.14481,370,220
2018-05-04 12:30:46.287000,13.14832,13.14541,370,150
2018-05-04 12:30:46.401000,13.14862,13.14541,370,150
2018-05-04 12:30:46.453000,13.14911,13.14592,370,220
2018-05-04 12:30:46.554000,13.14989,13.14641,220,370
2018-05-04 12:30:46.605000,13.15029,13.14671,220,900
2018-05-04 12:30:46.657000,13.15089,13.14731,220,220
2018-05-04 12:30:46.965000,13.14988,13.14742,220,150
2018-05-04 12:30:47.035000,13.15032,13.14771,370,300
2018-05-04 12:30:47.087000,13.15122,13.14802,370,220
2018-05-04 12:30:47.138000,13.15028,13.14712,220,220
2018-05-04 12:30:47.189000,13.15022,13.14691,370,220
2018-05-04 12:30:47.248000,13.15012,13.14691,370,220
2018-05-04 12:30:47.400000,13.15079,13.14721,220,220
2018-05-04 12:30:47.453000,13.15112,13.14771,370,900
2018-05-04 12:30:47.653000,13.15108,13.14692,370,300
2018-05-04 12:30:47.705000,13.14909,13.14551,220,220
2018-05-04 12:30:48.085000,13.14931,13.14581,370,220
2018-05-04 12:30:48.393000,13.15112,13.14771,370,900
2018-05-04 12:30:48.665000,13.14941,13.14591,370,220
2018-05-04 12:30:48.766000,13.15002,13.14672,370,220
2018-05-04 12:30:48.917000,13.15018,13.14642,220,370
2018-05-04 12:30:49.032000,13.15019,13.14671,220,220
2018-05-04 12:30:49.336000,13.15048,13.14702,300,300
2018-05-04 12:30:49.677000,13.15032,13.14701,370,220
2018-05-04 12:30:49.829000,13.15062,13.14721,370,220
2018-05-04 12:30:49.880000,13.15122,13.14772,370,220
2018-05-04 12:30:49.930000,13.15049,13.14741,520,220
2018-05-04 12:30:49.982000,13.15038,13.14702,220,220
2018-05-04 12:30:50.032000,13.14972,13.14672,370,520
2018-05-04 12:30:50.377000,13.14889,13.14708,220,370
2018-05-04 12:30:50.428000,13.14919,13.14638,220,370
2018-05-04 12:30:50.479000,13.14918,13.14668,220,370
2018-05-04 12:30:50.701000,13.15049,13.14769,520,370
2018-05-04 12:30:50.783000,13.15039,13.14769,220,370
2018-05-04 12:30:50.935000,13.15039,13.14748,220,370
2018-05-04 12:30:50.986000,13.15038,13.14779,220,370
2018-05-04 12:30:51.037000,13.15038,13.14768,220,370
2018-05-04 12:30:51.088000,13.15038,13.14758,220,370
2018-05-04 12:30:51.232000,13.15039,13.14768,220,370
2018-05-04 12:30:51.433000,13.14949,13.14659,520,370
2018-05-04 12:30:51.484000,13.14938,13.14659,220,370
2018-05-04 12:30:51.585000,13.14949,13.14648,520,370
2018-05-04 12:30:51.660000,13.14939,13.14648,220,370
2018-05-04 12:30:51.976000,13.14848,13.14609,520,370
2018-05-04 12:30:52.027000,13.14919,13.14648,150,370
2018-05-04 12:30:52.078000,13.14919,13.14678,220,370
2018-05-04 12:30:52.129000,13.14939,13.14688,220,370
2018-05-04 12:30:52.180000,13.14939,13.14668,220,370
2018-05-04 12:30:52.231000,13.14948,13.14668,520,370
2018-05-04 12:30:52.282000,13.14938,13.14669,220,370
2018-05-04 12:30:52.594000,13.14919,13.14669,220,370
2018-05-04 12:30:52.696000,13.15018,13.14758,220,370
2018-05-04 12:30:52.747000,13.15038,13.14769,220,370
2018-05-04 12:30:52.798000,13.15038,13.14809,220,370
2018-05-04 12:30:52.852000,13.15099,13.14838,150,370
2018-05-04 12:30:53,13.15039,13.14778,220,370
2018-05-04 12:30:53.203000,13.15049,13.14758,300,370
2018-05-04 12:30:53.253000,13.15048,13.14809,520,370
2018-05-04 12:30:53.304000,13.15049,13.14779,520,370
2018-05-04 12:30:53.355000,13.15098,13.14808,220,370
2018-05-04 12:30:53.405000,13.14949,13.14759,300,370
2018-05-04 12:30:53.456000,13.14948,13.14728,300,370
2018-05-04 12:30:53.630000,13.15049,13.14758,520,370
2018-05-04 12:30:53.681000,13.15148,13.14858,520,370
2018-05-04 12:30:53.982000,13.15139,13.14878,220,370
2018-05-04 12:30:54.033000,13.15198,13.14928,220,370
2018-05-04 12:30:54.084000,13.15199,13.14949,220,370
2018-05-04 12:30:54.185000,13.15219,13.14968,220,370
2018-05-04 12:30:54.280000,13.15209,13.14968,220,370
2018-05-04 12:30:54.431000,13.15148,13.14888,520,370
2018-05-04 12:30:54.586000,13.15149,13.14868,520,370
2018-05-04 12:30:54.687000,13.15089,13.14669,150,370
2018-05-04 12:30:54.737000,13.14949,13.14678,520,370
2018-05-04 12:30:54.788000,13.15022,13.14718,100,370
2018-05-04 12:30:54.889000,13.15031,13.14712,370,220
2018-05-04 12:30:54.950000,13.15031,13.14729,370,370
2018-05-04 12:30:55.001000,13.15018,13.14712,220,220
2018-05-04 12:30:55.102000,13.15049,13.14739,520,370
2018-05-04 12:30:55.153000,13.15049,13.14731,520,220
2018-05-04 12:30:55.254000,13.15049,13.14721,520,220
2018-05-04 12:30:55.329000,13.15048,13.14732,520,220
2018-05-04 12:30:55.481000,13.15049,13.14721,520,220
2018-05-04 12:30:55.590000,13.15048,13.14732,300,220
2018-05-04 12:30:56.045000,13.15048,13.14782,520,220
2018-05-04 12:30:56.222000,13.15049,13.14711,520,220
2018-05-04 12:30:56.273000,13.15049,13.14701,520,220
2018-05-04 12:30:56.373000,13.14959,13.14661,220,220
2018-05-04 12:30:56.535000,13.14949,13.14601,520,220
2018-05-04 12:30:56.643000,13.14948,13.14612,520,220
2018-05-04 12:30:56.831000,13.15009,13.14671,220,300
2018-05-04 12:30:56.882000,13.15009,13.14681,220,220
2018-05-04 12:30:56.983000,13.14948,13.14612,300,220
2018-05-04 12:30:57.083000,13.15018,13.14672,370,300
2018-05-04 12:30:57.134000,13.15038,13.14682,220,220
2018-05-04 12:30:57.184000,13.15069,13.14791,220,220
2018-05-04 12:30:57.299000,13.15149,13.14791,520,220
2018-05-04 12:30:57.350000,13.15118,13.14782,220,220
2018-05-04 12:30:57.400000,13.15128,13.14782,220,220
2018-05-04 12:30:57.501000,13.15119,13.14781,220,220
2018-05-04 12:30:57.552000,13.15049,13.14691,300,220
2018-05-04 12:30:57.603000,13.15039,13.14691,220,220
2018-05-04 12:30:57.704000,13.14949,13.14571,300,520
2018-05-04 12:30:57.754000,13.14929,13.14558,220,370
2018-05-04 12:30:58.102000,13.14718,13.14442,220,220
2018-05-04 12:30:58.153000,13.14689,13.14388,220,370
2018-05-04 12:30:58.204000,13.14748,13.14372,520,670
2018-05-04 12:30:58.254000,13.14748,13.14382,520,220
2018-05-04 12:30:58.599000,13.14838,13.14492,220,220
2018-05-04 12:30:58.801000,13.14889,13.14519,220,370
2018-05-04 12:30:58.852000,13.14888,13.14522,220,220
2018-05-04 12:30:59.167000,13.14849,13.14491,520,220
2018-05-04 12:30:59.269000,13.14848,13.14482,520,220
2018-05-04 12:30:59.320000,13.14839,13.14551,220,220
2018-05-04 12:30:59.370000,13.14839,13.14488,220,370
2018-05-04 12:30:59.421000,13.14838,13.14492,220,220
2018-05-04 12:30:59.472000,13.14849,13.14491,520,220
2018-05-04 12:30:59.522000,13.14819,13.14541,220,220
2018-05-04 12:30:59.573000,13.14839,13.14481,220,220
2018-05-04 12:30:59.624000,13.14829,13.14481,220,220
2018-05-04 12:30:59.964000,13.14848,13.14542,220,220
2018-05-04 12:31:00.116000,13.14899,13.14571,220,300
2018-05-04 12:31:00.167000,13.14879,13.14541,220,150
2018-05-04 12:31:00.218000,13.14848,13.14542,220,150
2018-05-04 12:31:00.441000,13.15049,13.14731,300,220
2018-05-04 12:31:00.492000,13.15049,13.14681,520,220
2018-05-04 12:31:00.544000,13.15049,13.14741,520,370
2018-05-04 12:31:00.696000,13.15118,13.14782,220,220
2018-05-04 12:31:00.747000,13.15048,13.14712,300,100
2018-05-04 12:31:01.089000,13.15148,13.14842,300,150
2018-05-04 12:31:01.190000,13.15149,13.14801,520,220
2018-05-04 12:31:01.292000,13.15148,13.14792,520,220
2018-05-04 12:31:01.343000,13.15148,13.14842,300,150
2018-05-04 12:31:01.394000,13.15148,13.14812,220,220
2018-05-04 12:31:01.445000,13.15199,13.14841,220,150
2018-05-04 12:31:01.496000,13.15169,13.14841,220,150
2018-05-04 12:31:01.547000,13.15198,13.14842,220,150
2018-05-04 12:31:01.597000,13.15179,13.14841,220,150
2018-05-04 12:31:01.902000,13.15049,13.14741,520,150
2018-05-04 12:31:02.004000,13.14888,13.14572,220,300
2018-05-04 12:31:02.055000,13.14828,13.14559,220,370
2018-05-04 12:31:02.105000,13.14828,13.14492,220,220
2018-05-04 12:31:02.156000,13.14872,13.14562,370,220
2018-05-04 12:31:02.207000,13.14849,13.14511,220,220
2018-05-04 12:31:02.258000,13.14839,13.14491,220,220
2018-05-04 12:31:02.432000,13.14772,13.14472,370,520
2018-05-04 12:31:02.483000,13.14749,13.14431,220,220
2018-05-04 12:31:02.534000,13.14549,13.14409,300,370
2018-05-04 12:31:02.636000,13.14518,13.14242,220,150
2018-05-04 12:31:02.686000,13.14609,13.14341,150,150
2018-05-04 12:31:02.737000,13.14628,13.14292,220,220
2018-05-04 12:31:02.787000,13.14598,13.14272,150,370
2018-05-04 12:31:02.838000,13.14649,13.14301,520,220
2018-05-04 12:31:02.982000,13.14648,13.14352,520,220
2018-05-04 12:31:03.084000,13.14711,13.14391,370,220
2018-05-04 12:31:03.135000,13.14711,13.14421,370,220
2018-05-04 12:31:03.186000,13.14729,13.14401,220,220
2018-05-04 12:31:03.238000,13.14701,13.14381,370,220
2018-05-04 12:31:03.581000,13.14661,13.14391,370,220
2018-05-04 12:31:03.631000,13.14608,13.14332,220,220
2018-05-04 12:31:03.683000,13.14661,13.14372,370,300
2018-05-04 12:31:03.735000,13.14661,13.14402,370,220
2018-05-04 12:31:03.798000,13.14688,13.14382,220,220
2018-05-04 12:31:03.849000,13.14648,13.14372,300,220
2018-05-04 12:31:03.900000,13.14648,13.14358,520,370
2018-05-04 12:31:04.058000,13.14601,13.14342,370,220
2018-05-04 12:31:04.109000,13.14549,13.14261,520,220
2018-05-04 12:31:04.159000,13.14548,13.14282,520,220
2018-05-04 12:31:04.210000,13.14549,13.14251,520,220
2018-05-04 12:31:04.261000,13.14499,13.14251,220,220
2018-05-04 12:31:04.312000,13.14549,13.14221,520,220
2018-05-04 12:31:04.362000,13.14549,13.14241,520,150
2018-05-04 12:31:04.514000,13.14548,13.14232,520,220
2018-05-04 12:31:04.565000,13.14479,13.14241,220,150
2018-05-04 12:31:04.616000,13.14449,13.14109,300,370
2018-05-04 12:31:04.754000,13.14348,13.14058,520,370
2018-05-04 12:31:04.857000,13.14349,13.14001,520,220
2018-05-04 12:31:04.908000,13.14209,13.13968,220,370
2018-05-04 12:31:04.959000,13.14148,13.13882,220,220
2018-05-04 12:31:05.060000,13.14211,13.13941,370,150
2018-05-04 12:31:05.111000,13.14249,13.13869,300,370
2018-05-04 12:31:05.161000,13.14199,13.13869,220,370
2018-05-04 12:31:05.416000,13.14329,13.13991,220,220
2018-05-04 12:31:05.467000,13.14339,13.13981,220,220
2018-05-04 12:31:05.634000,13.14329,13.13991,220,220
2018-05-04 12:31:05.991000,13.14239,13.13921,220,370
2018-05-04 12:31:06.041000,13.14278,13.13922,150,150
2018-05-04 12:31:06.092000,13.14289,13.13951,220,300
2018-05-04 12:31:06.244000,13.14249,13.13871,300,370
2018-05-04 12:31:06.294000,13.14229,13.13871,220,370
2018-05-04 12:31:06.627000,13.14328,13.13972,220,600
2018-05-04 12:31:06.689000,13.14339,13.13971,220,370
2018-05-04 12:31:06.740000,13.14308,13.13972,220,370
2018-05-04 12:31:06.793000,13.14279,13.13921,220,150
2018-05-04 12:31:06.894000,13.14299,13.14031,220,220
2018-05-04 12:31:06.945000,13.14319,13.14031,220,220
2018-05-04 12:31:07.046000,13.14319,13.14021,220,150
2018-05-04 12:31:07.097000,13.14349,13.14061,220,220
2018-05-04 12:31:07.148000,13.14339,13.14021,220,150
2018-05-04 12:31:07.347000,13.14342,13.14051,370,300
2018-05-04 12:31:07.398000,13.14392,13.14072,370,370
2018-05-04 12:31:07.499000,13.14369,13.14061,220,220
2018-05-04 12:31:07.551000,13.14429,13.14071,220,370
2018-05-04 12:31:07.653000,13.14432,13.14072,370,600
2018-05-04 12:31:07.755000,13.14419,13.14121,220,220
2018-05-04 12:31:07.806000,13.14439,13.14121,220,150
2018-05-04 12:31:07.988000,13.14438,13.14082,220,220
2018-05-04 12:31:08.039000,13.14429,13.14079,220,370
2018-05-04 12:31:08.140000,13.14439,13.14079,220,370
2018-05-04 12:31:08.191000,13.14319,13.13978,220,370
2018-05-04 12:31:08.351000,13.14428,13.14078,220,370
2018-05-04 12:31:08.402000,13.14418,13.14078,220,370
2018-05-04 12:31:08.503000,13.14428,13.14078,220,370
2018-05-04 12:31:08.553000,13.14348,13.14022,300,150
2018-05-04 12:31:08.886000,13.14278,13.13968,220,370
2018-05-04 12:31:09.089000,13.14418,13.14079,220,370
2018-05-04 12:31:09.140000,13.14399,13.14079,220,370
2018-05-04 12:31:09.299000,13.14332,13.13982,370,220
2018-05-04 12:31:09.350000,13.14329,13.14021,220,150
2018-05-04 12:31:09.552000,13.14428,13.14078,220,370
2018-05-04 12:31:09.602000,13.14428,13.14082,220,220
2018-05-04 12:31:09.991000,13.14412,13.14129,100,370
2018-05-04 12:31:10.093000,13.14408,13.14079,220,370
2018-05-04 12:31:10.143000,13.14368,13.14079,220,370
2018-05-04 12:31:10.194000,13.14431,13.14091,450,220
2018-05-04 12:31:10.245000,13.14431,13.14251,370,220
2018-05-04 12:31:10.295000,13.14431,13.14222,370,370
2018-05-04 12:31:10.346000,13.14581,13.14252,100,300
2018-05-04 12:31:10.447000,13.14609,13.14278,220,370
2018-05-04 12:31:10.597000,13.14512,13.14221,370,150
2018-05-04 12:31:10.698000,13.14511,13.14179,370,370
2018-05-04 12:31:10.749000,13.14511,13.14251,370,220
2018-05-04 12:31:10.901000,13.14491,13.14221,370,150
2018-05-04 12:31:11.002000,13.14502,13.14172,370,370
2018-05-04 12:31:11.105000,13.14449,13.14168,300,370
2018-05-04 12:31:11.207000,13.14502,13.14201,370,220
2018-05-04 12:31:11.258000,13.14502,13.14192,370,220
2018-05-04 12:31:11.309000,13.14502,13.14212,370,220
2018-05-04 12:31:11.410000,13.14502,13.14201,370,220
2018-05-04 12:31:11.511000,13.14502,13.14222,370,150
2018-05-04 12:31:11.759000,13.14508,13.14202,220,220
2018-05-04 12:31:11.810000,13.14499,13.14201,220,220
2018-05-04 12:31:11.860000,13.14571,13.14271,370,370
2018-05-04 12:31:11.962000,13.14612,13.14292,100,220
2018-05-04 12:31:12.064000,13.14549,13.14288,300,370
2018-05-04 12:31:12.114000,13.14588,13.14288,220,370
2018-05-04 12:31:12.337000,13.14579,13.14288,220,370
2018-05-04 12:31:12.388000,13.14572,13.14261,370,220
2018-05-04 12:31:12.439000,13.14572,13.14312,370,220
2018-05-04 12:31:12.490000,13.14569,13.14289,220,370
2018-05-04 12:31:12.541000,13.14611,13.14301,100,220
2018-05-04 12:31:12.592000,13.14598,13.14302,220,220
2018-05-04 12:31:12.684000,13.14611,13.14301,100,220
2018-05-04 12:31:12.735000,13.14611,13.14292,100,220
2018-05-04 12:31:12.785000,13.14598,13.14292,220,220
2018-05-04 12:31:12.891000,13.14598,13.14289,220,370
2018-05-04 12:31:13.084000,13.14621,13.14302,370,220
2018-05-04 12:31:13.135000,13.14618,13.14292,220,220
2018-05-04 12:31:13.249000,13.14621,13.14322,370,220
2018-05-04 12:31:13.608000,13.14572,13.14322,370,150
2018-05-04 12:31:13.659000,13.14552,13.14288,370,370
2018-05-04 12:31:13.710000,13.14561,13.14292,370,220
2018-05-04 12:31:13.811000,13.14572,13.14289,370,370
2018-05-04 12:31:13.861000,13.14559,13.14281,220,220
2018-05-04 12:31:13.912000,13.14572,13.14282,750,220
2018-05-04 12:31:13.963000,13.14572,13.14321,370,150
2018-05-04 12:31:14.013000,13.14582,13.14321,370,150
2018-05-04 12:31:14.114000,13.14582,13.14372,370,370
2018-05-04 12:31:14.186000,13.14602,13.14372,370,370
2018-05-04 12:31:14.292000,13.14662,13.14389,370,370
2018-05-04 12:31:14.343000,13.14651,13.14389,370,370
2018-05-04 12:31:14.545000,13.14522,13.14241,370,220
2018-05-04 12:31:14.596000,13.14491,13.14242,370,220
2018-05-04 12:31:14.646000,13.14491,13.14221,370,370
2018-05-04 12:31:14.795000,13.14491,13.14231,370,220
2018-05-04 12:31:15.116000,13.14471,13.14231,370,220
2018-05-04 12:31:15.398000,13.14471,13.14221,370,370
2018-05-04 12:31:15.499000,13.14471,13.14231,370,220
2018-05-04 12:31:15.834000,13.14481,13.14232,370,220
2018-05-04 12:31:15.981000,13.14472,13.14232,370,220
2018-05-04 12:31:16.032000,13.14472,13.14221,370,220
2018-05-04 12:31:16.323000,13.14492,13.14222,370,220
2018-05-04 12:31:16.526000,13.14528,13.14222,220,220
2018-05-04 12:31:16.578000,13.14582,13.14271,370,370
2018-05-04 12:31:16.628000,13.14552,13.14318,370,370
2018-05-04 12:31:16.780000,13.14521,13.14269,370,370
2018-05-04 12:31:16.881000,13.14602,13.14381,370,220
2018-05-04 12:31:16.931000,13.14582,13.14331,370,220
2018-05-04 12:31:17.032000,13.14562,13.14318,370,370
2018-05-04 12:31:17.216000,13.14581,13.14318,370,370
2018-05-04 12:31:17.266000,13.14581,13.14322,370,150
2018-05-04 12:31:17.368000,13.14582,13.14318,370,370
2018-05-04 12:31:17.419000,13.14581,13.14311,370,220
2018-05-04 12:31:17.469000,13.14552,13.14291,370,220
2018-05-04 12:31:17.774000,13.14471,13.14232,370,220
2018-05-04 12:31:18.065000,13.14471,13.14221,370,370
2018-05-04 12:31:18.122000,13.14412,13.14188,370,370
2018-05-04 12:31:18.274000,13.14342,13.14089,370,370
2018-05-04 12:31:18.325000,13.14361,13.14182,370,220
2018-05-04 12:31:18.377000,13.14372,13.14141,370,220
2018-05-04 12:31:18.428000,13.14362,13.14122,370,370
2018-05-04 12:31:18.555000,13.14362,13.14139,370,370
2018-05-04 12:31:18.607000,13.14422,13.14191,370,220
2018-05-04 12:31:18.659000,13.14362,13.14139,370,370
2018-05-04 12:31:18.710000,13.14371,13.14131,370,220
2018-05-04 12:31:18.811000,13.14381,13.14151,100,300
2018-05-04 12:31:18.964000,13.14402,13.14162,370,220
2018-05-04 12:31:19.014000,13.14421,13.14182,370,220
2018-05-04 12:31:19.264000,13.14432,13.14191,370,220
2018-05-04 12:31:19.314000,13.14421,13.14188,370,370
2018-05-04 12:31:19.416000,13.14442,13.14191,370,220
2018-05-04 12:31:19.636000,13.14451,13.14221,370,220
2018-05-04 12:31:19.687000,13.14432,13.14192,370,220
2018-05-04 12:31:19.738000,13.14432,13.14188,370,370
2018-05-04 12:31:19.789000,13.14442,13.14188,370,370
2018-05-04 12:31:19.906000,13.14442,13.14238,370,100
2018-05-04 12:31:19.957000,13.14502,13.14288,370,370
2018-05-04 12:31:20.008000,13.14541,13.14301,370,220
2018-05-04 12:31:20.063000,13.14591,13.14372,370,600
2018-05-04 12:31:20.113000,13.14612,13.14372,370,600
2018-05-04 12:31:20.164000,13.14612,13.14391,370,220
2018-05-04 12:31:20.468000,13.14511,13.14291,370,220
2018-05-04 12:31:20.607000,13.14531,13.14302,370,220
2018-05-04 12:31:20.660000,13.14531,13.14291,370,220
2018-05-04 12:31:20.872000,13.14522,13.14311,370,220
2018-05-04 12:31:20.923000,13.14532,13.14291,370,220
2018-05-04 12:31:20.974000,13.14532,13.14302,370,220
2018-05-04 12:31:21.099000,13.14522,13.14291,370,220
2018-05-04 12:31:21.200000,13.14532,13.14301,370,220
2018-05-04 12:31:21.543000,13.14422,13.14188,370,100
2018-05-04 12:31:21.594000,13.14422,13.14251,370,220
2018-05-04 12:31:21.645000,13.14542,13.14321,370,150
2018-05-04 12:31:21.696000,13.14551,13.14321,100,150
2018-05-04 12:31:21.848000,13.14542,13.14288,370,370
2018-05-04 12:31:22.049000,13.14551,13.14301,450,220
2018-05-04 12:31:22.100000,13.14541,13.14288,370,370
2018-05-04 12:31:22.151000,13.14541,13.14292,370,220
2018-05-04 12:31:22.457000,13.14612,13.14432,370,220
2018-05-04 12:31:22.667000,13.14622,13.14402,370,220
2018-05-04 12:31:22.718000,13.14611,13.14421,370,220
2018-05-04 12:31:22.769000,13.14632,13.14421,370,220
2018-05-04 12:31:22.870000,13.14612,13.14352,370,300
2018-05-04 12:31:22.922000,13.14582,13.14321,450,150
2018-05-04 12:31:22.972000,13.14532,13.14319,370,370
2018-05-04 12:31:23.023000,13.14532,13.14272,370,370
2018-05-04 12:31:23.132000,13.14512,13.14251,370,520
2018-05-04 12:31:23.183000,13.14521,13.14271,370,600
2018-05-04 12:31:23.533000,13.14582,13.14331,370,220
2018-05-04 12:31:23.585000,13.14562,13.14322,370,150
2018-05-04 12:31:23.962000,13.14542,13.14292,370,220
2018-05-04 12:31:24.064000,13.14532,13.14292,370,220
2018-05-04 12:31:24.115000,13.14531,13.14279,370,100
2018-05-04 12:31:24.166000,13.14491,13.14221,370,150
2018-05-04 12:31:24.217000,13.14481,13.14221,450,150
2018-05-04 12:31:24.654000,13.14451,13.14221,370,370
2018-05-04 12:31:24.705000,13.14311,13.14069,100,370
2018-05-04 12:31:24.756000,13.14261,13.14069,370,370
2018-05-04 12:31:24.806000,13.14292,13.14051,370,300
2018-05-04 12:31:24.857000,13.14302,13.14052,370,220
2018-05-04 12:31:24.908000,13.14272,13.14022,370,370
2018-05-04 12:31:25.171000,13.14241,13.13988,370,100
2018-05-04 12:31:25.374000,13.14242,13.13979,370,100
2018-05-04 12:31:25.425000,13.14231,13.13978,370,100
2018-05-04 12:31:25.730000,13.14151,13.13932,370,220
2018-05-04 12:31:25.781000,13.14149,13.13901,300,220
2018-05-04 12:31:25.832000,13.14142,13.13878,370,100
2018-05-04 12:31:25.883000,13.14151,13.13878,370,100
2018-05-04 12:31:26.121000,13.14152,13.13882,370,220
2018-05-04 12:31:26.470000,13.14232,13.13982,370,220
2018-05-04 12:31:26.672000,13.14381,13.14082,370,220
2018-05-04 12:31:26.723000,13.14341,13.14128,370,100
2018-05-04 12:31:26.824000,13.14392,13.14121,370,150
2018-05-04 12:31:26.875000,13.14361,13.14121,370,150
2018-05-04 12:31:27.032000,13.14342,13.14092,370,220
2018-05-04 12:31:27.083000,13.14302,13.14052,370,520
2018-05-04 12:31:27.184000,13.14291,13.14021,370,150
2018-05-04 12:31:27.234000,13.14262,13.14022,370,150
2018-05-04 12:31:27.386000,13.14242,13.13981,370,220
2018-05-04 12:31:27.487000,13.14242,13.13971,370,370
2018-05-04 12:31:27.538000,13.14241,13.14002,370,220
2018-05-04 12:31:27.625000,13.14242,13.13981,370,220
2018-05-04 12:31:27.676000,13.14232,13.13971,370,600
2018-05-04 12:31:27.983000,13.14151,13.13902,370,220
2018-05-04 12:31:28.252000,13.14242,13.13991,370,220
2018-05-04 12:31:28.303000,13.14272,13.14021,370,150
2018-05-04 12:31:28.606000,13.14322,13.14059,370,100
2018-05-04 12:31:28.656000,13.14331,13.14072,370,600
2018-05-04 12:31:28.926000,13.14261,13.14001,370,220
2018-05-04 12:31:29.002000,13.14292,13.14111,370,220
2018-05-04 12:31:29.057000,13.14322,13.14082,370,220
