time,ask,bid,ask_volume,bid_volume
2019-04-05 12:25:00.129000,12.89202,12.88848,970,370
2019-04-05 12:25:00.418000,12.89195,12.88848,370,370
2019-04-05 12:25:00.519000,12.89102,12.88748,300,670
2019-04-05 12:25:00.714000,12.89102,12.88758,370,300
2019-04-05 12:25:00.864000,12.89102,12.88828,370,300
2019-04-05 12:25:00.965000,12.89132,12.88848,300,370
2019-04-05 12:25:01.139000,12.89185,12.88848,370,370
2019-04-05 12:25:01.426000,12.89182,12.88848,750,370
2019-04-05 12:25:02.712000,12.89132,12.88848,300,370
2019-04-05 12:25:02.763000,12.89182,12.88848,750,370
2019-04-05 12:25:03.816000,12.89162,12.88848,220,370
2019-04-05 12:25:04,12.89182,12.88848,750,370
2019-04-05 12:25:04.773000,12.89122,12.88828,370,300
2019-04-05 12:25:04.875000,12.89102,12.88828,670,300
2019-04-05 12:25:06.106000,12.89102,12.88798,670,220
2019-04-05 12:25:06.529000,12.89102,12.88828,670,300
2019-04-05 12:25:06.942000,12.89102,12.88798,670,220
2019-04-05 12:25:07.411000,12.89102,12.88828,370,300
2019-04-05 12:25:07.927000,12.89132,12.88828,300,300
2019-04-05 12:25:08.548000,12.89132,12.88848,300,370
2019-04-05 12:25:08.699000,12.89162,12.88848,220,370
2019-04-05 12:25:08.866000,12.89182,12.88848,750,370
2019-04-05 12:25:08.957000,12.89162,12.88848,220,370
2019-04-05 12:25:09.176000,12.89185,12.88848,370,370
2019-04-05 12:25:09.276000,12.89202,12.88848,900,600
2019-04-05 12:25:09.598000,12.89202,12.88858,670,220
2019-04-05 12:25:09.847000,12.89192,12.88858,750,220
2019-04-05 12:25:09.948000,12.89182,12.88848,750,600
2019-04-05 12:25:09.998000,12.89202,12.88848,670,600
2019-04-05 12:25:10.399000,12.89195,12.88848,370,600
2019-04-05 12:25:10.537000,12.89182,12.88848,750,370
2019-04-05 12:25:11.414000,12.89175,12.88848,370,370
2019-04-05 12:25:11.515000,12.89132,12.88828,300,300
2019-04-05 12:25:11.711000,12.89102,12.88828,150,300
2019-04-05 12:25:11.761000,12.89132,12.88828,520,300
2019-04-05 12:25:12.217000,12.89102,12.88828,520,300
2019-04-05 12:25:12.666000,12.89122,12.88828,370,300
2019-04-05 12:25:12.766000,12.89102,12.88828,300,300
2019-04-05 12:25:12.975000,12.89162,12.88848,220,370
2019-04-05 12:25:13.082000,12.89185,12.88848,370,370
2019-04-05 12:25:13.234000,12.89162,12.88848,220,370
2019-04-05 12:25:14.331000,12.89182,12.88848,750,370
2019-04-05 12:25:14.432000,12.89192,12.88848,220,370
2019-04-05 12:25:14.647000,12.89205,12.88968,370,300
2019-04-05 12:25:14.712000,12.89275,12.88968,370,300
2019-04-05 12:25:14.763000,12.89392,12.89048,220,370
2019-04-05 12:25:15.852000,12.89302,12.88998,150,600
2019-04-05 12:25:15.953000,12.89332,12.89048,300,370
2019-04-05 12:25:16.054000,12.89362,12.89048,220,370
2019-04-05 12:25:16.155000,12.89382,12.89048,750,370
2019-04-05 12:25:16.288000,12.89392,12.89048,220,370
2019-04-05 12:25:16.425000,12.89392,12.89055,220,370
2019-04-05 12:25:16.526000,12.89472,12.89148,220,370
2019-04-05 12:25:16.660000,12.89462,12.89148,220,370
2019-04-05 12:25:16.761000,12.89432,12.89128,300,520
2019-04-05 12:25:17.039000,12.89432,12.89148,300,370
2019-04-05 12:25:17.159000,12.89462,12.89148,220,370
2019-04-05 12:25:17.518000,12.89462,12.89138,220,220
2019-04-05 12:25:17.742000,12.89462,12.89148,220,370
2019-04-05 12:25:17.920000,12.89472,12.89148,220,370
2019-04-05 12:25:21.103000,12.89382,12.89048,220,600
2019-04-05 12:25:21.204000,12.89392,12.89048,220,370
2019-04-05 12:25:21.481000,12.89392,12.89058,220,300
2019-04-05 12:25:21.600000,12.89392,12.89068,220,300
2019-04-05 12:25:21.650000,12.89392,12.89058,220,300
2019-04-05 12:25:22.145000,12.89392,12.89068,220,520
2019-04-05 12:25:22.321000,12.89392,12.89058,220,300
2019-04-05 12:25:22.594000,12.89392,12.89068,220,300
2019-04-05 12:25:22.644000,12.89392,12.89048,220,370
2019-04-05 12:25:23.497000,12.89392,12.89058,220,300
2019-04-05 12:25:23.591000,12.89392,12.89048,220,670
2019-04-05 12:25:23.642000,12.89392,12.89058,220,300
2019-04-05 12:25:24.297000,12.89392,12.89048,220,370
2019-04-05 12:25:24.548000,12.89392,12.89058,220,300
2019-04-05 12:25:24.599000,12.89392,12.89048,220,370
2019-04-05 12:25:24.979000,12.89392,12.89078,220,220
2019-04-05 12:25:25.211000,12.89392,12.89048,220,370
2019-04-05 12:25:25.839000,12.89472,12.89148,220,370
2019-04-05 12:25:26.117000,12.89462,12.89138,220,220
2019-04-05 12:25:26.218000,12.89402,12.89098,150,220
2019-04-05 12:25:26.319000,12.89402,12.89128,150,300
2019-04-05 12:25:26.470000,12.89432,12.89128,300,300
2019-04-05 12:25:26.571000,12.89462,12.89148,220,370
2019-04-05 12:25:27.190000,12.89515,12.89085,370,370
2019-04-05 12:25:27.380000,12.89462,12.89148,220,370
2019-04-05 12:25:27.543000,12.89432,12.89128,300,520
2019-04-05 12:25:27.744000,12.89402,12.89128,150,300
2019-04-05 12:25:27.795000,12.89432,12.89128,300,300
2019-04-05 12:25:28.579000,12.89432,12.89148,300,370
2019-04-05 12:25:28.710000,12.89462,12.89148,220,370
2019-04-05 12:25:29.151000,12.89462,12.89138,220,220
2019-04-05 12:25:29.839000,12.89462,12.89148,220,370
2019-04-05 12:25:30.235000,12.89492,12.89148,100,370
2019-04-05 12:25:30.532000,12.89482,12.89148,750,370
2019-04-05 12:25:30.754000,12.89432,12.89128,300,300
2019-04-05 12:25:31.292000,12.89462,12.89148,220,370
2019-04-05 12:25:32.244000,12.89482,12.89148,750,370
2019-04-05 12:25:33.100000,12.89402,12.89128,670,300
2019-04-05 12:25:33.506000,12.89402,12.89048,670,600
2019-04-05 12:25:33.607000,12.89382,12.89048,750,370
2019-04-05 12:25:34.193000,12.89402,12.89048,670,370
2019-04-05 12:25:34.761000,12.89402,12.89058,670,300
2019-04-05 12:25:35.080000,12.89402,12.89068,670,300
2019-04-05 12:25:35.352000,12.89402,12.89058,670,300
2019-04-05 12:25:35.402000,12.89402,12.89068,670,300
2019-04-05 12:25:35.503000,12.89402,12.89098,670,220
2019-04-05 12:25:35.625000,12.89402,12.89068,670,300
2019-04-05 12:25:36.152000,12.89402,12.89058,670,520
2019-04-05 12:25:36.412000,12.89362,12.89058,450,220
2019-04-05 12:25:36.520000,12.89382,12.89048,750,370
2019-04-05 12:25:36.590000,12.89382,12.89058,750,220
2019-04-05 12:25:37.219000,12.89382,12.89048,750,370
2019-04-05 12:25:38.179000,12.89382,12.89058,750,220
2019-04-05 12:25:38.450000,12.89392,12.89058,750,220
2019-04-05 12:25:38.551000,12.89382,12.89058,750,220
2019-04-05 12:25:38.692000,12.89402,12.89098,1420,220
2019-04-05 12:25:39.043000,12.89422,12.89148,220,370
2019-04-05 12:25:39.093000,12.89482,12.89148,750,370
2019-04-05 12:25:40.088000,12.89492,12.89148,300,370
2019-04-05 12:25:40.384000,12.89482,12.89158,750,220
2019-04-05 12:25:40.515000,12.89482,12.89148,750,370
2019-04-05 12:25:40.702000,12.89492,12.89158,300,220
2019-04-05 12:25:40.803000,12.89492,12.89218,100,220
2019-04-05 12:25:40.853000,12.89492,12.89198,300,220
2019-04-05 12:25:40.954000,12.89492,12.89168,300,220
2019-04-05 12:25:42.250000,12.89492,12.89158,300,220
2019-04-05 12:25:42.805000,12.89482,12.89148,750,600
2019-04-05 12:25:43.021000,12.89462,12.89148,220,370
2019-04-05 12:25:44.112000,12.89472,12.89148,220,600
2019-04-05 12:25:44.163000,12.89472,12.89198,220,220
2019-04-05 12:25:44.317000,12.89492,12.89228,100,300
2019-04-05 12:25:44.468000,12.89472,12.89158,220,300
2019-04-05 12:25:44.763000,12.89472,12.89168,220,300
2019-04-05 12:25:44.837000,12.89472,12.89158,220,300
2019-04-05 12:25:45.043000,12.89472,12.89148,220,600
2019-04-05 12:25:45.295000,12.89472,12.89158,220,300
2019-04-05 12:25:45.421000,12.89472,12.89148,220,370
2019-04-05 12:25:45.471000,12.89472,12.89158,220,300
2019-04-05 12:25:45.522000,12.89472,12.89148,220,370
2019-04-05 12:25:46.229000,12.89402,12.89088,670,300
2019-04-05 12:25:46.280000,12.89402,12.89068,370,300
2019-04-05 12:25:47.049000,12.89402,12.89058,670,220
2019-04-05 12:25:47.476000,12.89402,12.89098,670,220
2019-04-05 12:25:48.033000,12.89352,12.89068,220,220
2019-04-05 12:25:48.083000,12.89382,12.89048,750,370
2019-04-05 12:25:48.135000,12.89382,12.89068,750,220
2019-04-05 12:25:48.236000,12.89382,12.89048,750,370
2019-04-05 12:25:49.132000,12.89392,12.89048,750,370
2019-04-05 12:25:49.784000,12.89402,12.89128,750,300
2019-04-05 12:25:49.915000,12.89412,12.89128,750,300
2019-04-05 12:25:49.965000,12.89402,12.89128,150,300
2019-04-05 12:25:50.675000,12.89402,12.89098,670,220
2019-04-05 12:25:50.743000,12.89435,12.89148,370,370
2019-04-05 12:25:50.794000,12.89432,12.89128,300,520
2019-04-05 12:25:50.844000,12.89432,12.89148,300,370
2019-04-05 12:25:50.995000,12.89432,12.89128,300,300
2019-04-05 12:25:51.192000,12.89462,12.89148,220,370
2019-04-05 12:25:51.768000,12.89432,12.89128,300,300
2019-04-05 12:25:51.903000,12.89402,12.89048,670,600
2019-04-05 12:25:52.102000,12.89402,12.89058,670,300
2019-04-05 12:25:52.210000,12.89402,12.89068,670,300
2019-04-05 12:25:52.311000,12.89402,12.89048,670,600
2019-04-05 12:25:52.943000,12.89402,12.89058,670,300
2019-04-05 12:25:53.230000,12.89402,12.89048,670,600
2019-04-05 12:25:54.003000,12.89392,12.89048,220,600
2019-04-05 12:25:56.645000,12.89392,12.89058,220,300
2019-04-05 12:25:57.153000,12.89392,12.89048,220,670
2019-04-05 12:25:57.203000,12.89392,12.89058,220,300
2019-04-05 12:25:57.306000,12.89392,12.89048,220,670
2019-04-05 12:25:57.357000,12.89392,12.89058,220,300
2019-04-05 12:25:58.038000,12.89392,12.89048,220,900
2019-04-05 12:25:58.088000,12.89392,12.89058,220,300
2019-04-05 12:25:58.868000,12.89392,12.89048,220,670
2019-04-05 12:25:58.969000,12.89382,12.89048,750,600
2019-04-05 12:25:59.100000,12.89292,12.88948,750,370
2019-04-05 12:25:59.419000,12.89282,12.88978,750,220
2019-04-05 12:25:59.713000,12.89282,12.88948,750,370
2019-04-05 12:25:59.763000,12.89282,12.88978,750,220
2019-04-05 12:25:59.814000,12.89282,12.88948,750,370
2019-04-05 12:26:00.014000,12.89302,12.88948,670,370
2019-04-05 12:26:00.725000,12.89302,12.88978,670,220
2019-04-05 12:26:00.776000,12.89302,12.88948,670,370
2019-04-05 12:26:00.967000,12.89302,12.89008,670,220
2019-04-05 12:26:01.075000,12.89302,12.88998,670,220
2019-04-05 12:26:01.126000,12.89302,12.88948,670,370
2019-04-05 12:26:01.394000,12.89302,12.89008,670,220
2019-04-05 12:26:01.444000,12.89302,12.88998,670,220
2019-04-05 12:26:01.495000,12.89302,12.88948,670,370
2019-04-05 12:26:01.693000,12.89302,12.89018,670,220
2019-04-05 12:26:01.921000,12.89302,12.88948,670,370
2019-04-05 12:26:04.207000,12.89302,12.88988,370,220
2019-04-05 12:26:04.295000,12.89302,12.88948,370,370
2019-04-05 12:26:05.103000,12.89332,12.89048,300,370
2019-04-05 12:26:05.254000,12.89332,12.89038,300,220
2019-04-05 12:26:05.405000,12.89332,12.89048,300,370
2019-04-05 12:26:06.077000,12.89342,12.89048,220,370
2019-04-05 12:26:06.453000,12.89302,12.88948,520,370
2019-04-05 12:26:09.844000,12.89292,12.88948,220,370
2019-04-05 12:26:09.971000,12.89232,12.88928,300,300
2019-04-05 12:26:10.071000,12.89202,12.88865,370,370
2019-04-05 12:26:10.122000,12.89202,12.88848,370,370
2019-04-05 12:26:11.049000,12.89102,12.88798,670,220
2019-04-05 12:26:11.100000,12.89102,12.88748,670,370
2019-04-05 12:26:20.806000,12.89032,12.88728,300,520
2019-04-05 12:26:20.856000,12.89012,12.88675,370,370
2019-04-05 12:26:20.907000,12.89002,12.88648,370,370
2019-04-05 12:26:24.666000,12.88902,12.88628,670,300
2019-04-05 12:26:24.717000,12.88902,12.88548,670,370
2019-04-05 12:26:32.451000,12.88902,12.88588,670,220
2019-04-05 12:26:32.501000,12.88902,12.88548,670,370
2019-04-05 12:26:34.047000,12.88932,12.88638,300,220
2019-04-05 12:26:34.492000,12.88932,12.88628,300,300
2019-04-05 12:26:34.592000,12.88902,12.88598,370,220
2019-04-05 12:26:34.693000,12.88902,12.88548,370,370
2019-04-05 12:26:35.184000,12.88902,12.88598,670,220
2019-04-05 12:26:35.433000,12.88902,12.88548,670,370
2019-04-05 12:26:36.418000,12.88902,12.88598,670,220
2019-04-05 12:26:36.707000,12.88902,12.88548,670,370
2019-04-05 12:26:37.603000,12.88912,12.88598,370,220
2019-04-05 12:26:37.704000,12.88912,12.88548,370,370
2019-04-05 12:26:37.820000,12.88902,12.88548,370,370
2019-04-05 12:26:38.142000,12.88902,12.88598,670,220
2019-04-05 12:26:38.193000,12.88902,12.88548,670,370
2019-04-05 12:26:38.419000,12.88902,12.88598,670,220
2019-04-05 12:26:38.789000,12.88902,12.88548,670,370
2019-04-05 12:26:39.889000,12.88912,12.88628,370,300
2019-04-05 12:26:39.990000,12.88932,12.88628,300,300
2019-04-05 12:26:40.192000,12.88952,12.88648,220,370
2019-04-05 12:26:40.715000,12.88932,12.88628,300,520
2019-04-05 12:26:40.867000,12.88932,12.88638,300,220
2019-04-05 12:26:41.297000,12.88932,12.88628,520,300
2019-04-05 12:26:42.979000,12.89002,12.88678,220,220
2019-04-05 12:26:43.030000,12.89002,12.88648,370,370
2019-04-05 12:26:43.631000,12.88992,12.88648,220,370
2019-04-05 12:26:45.130000,12.89002,12.88648,670,370
2019-04-05 12:26:47.829000,12.89002,12.88678,300,220
2019-04-05 12:26:48.244000,12.89002,12.88648,670,370
2019-04-05 12:26:48.346000,12.89012,12.88698,370,220
2019-04-05 12:26:48.447000,12.89022,12.88655,220,370
2019-04-05 12:26:48.547000,12.89022,12.88648,220,370
2019-04-05 12:26:49.045000,12.89032,12.88648,520,370
2019-04-05 12:26:49.381000,12.89022,12.88698,220,220
2019-04-05 12:26:49.511000,12.89022,12.88728,220,300
2019-04-05 12:26:49.612000,12.89022,12.88648,220,370
2019-04-05 12:26:49.726000,12.89002,12.88648,150,370
2019-04-05 12:26:50.254000,12.89032,12.88728,300,300
2019-04-05 12:26:51.066000,12.89102,12.88768,100,220
2019-04-05 12:26:51.120000,12.89102,12.88748,100,370
2019-04-05 12:26:52.385000,12.89062,12.88738,220,220
2019-04-05 12:26:52.489000,12.89032,12.88738,300,220
2019-04-05 12:26:52.590000,12.89082,12.88738,220,220
2019-04-05 12:26:52.820000,12.89092,12.88748,220,370
2019-04-05 12:26:52.920000,12.89102,12.88748,970,370
2019-04-05 12:26:52.971000,12.89092,12.88748,220,370
2019-04-05 12:26:53.333000,12.89062,12.88748,220,370
2019-04-05 12:26:53.483000,12.89102,12.88828,100,300
2019-04-05 12:26:53.534000,12.89102,12.88758,220,220
2019-04-05 12:26:53.920000,12.89102,12.88748,220,600
2019-04-05 12:26:54.656000,12.89102,12.88758,220,220
2019-04-05 12:26:54.841000,12.89102,12.88798,100,220
2019-04-05 12:26:54.942000,12.89102,12.88768,220,220
2019-04-05 12:26:55.124000,12.89102,12.88758,220,220
2019-04-05 12:26:55.400000,12.89102,12.88798,220,220
2019-04-05 12:26:55.733000,12.89102,12.88758,220,220
2019-04-05 12:26:55.911000,12.89102,12.88798,220,220
2019-04-05 12:26:56.012000,12.89102,12.88758,220,220
2019-04-05 12:26:56.120000,12.89102,12.88748,220,600
2019-04-05 12:26:56.170000,12.89102,12.88758,220,220
2019-04-05 12:26:56.581000,12.89102,12.88748,220,600
2019-04-05 12:26:56.796000,12.89082,12.88738,220,220
2019-04-05 12:26:56.847000,12.89092,12.88738,220,220
2019-04-05 12:26:56.898000,12.89102,12.88748,220,600
2019-04-05 12:26:57.426000,12.89102,12.88758,220,220
2019-04-05 12:26:57.691000,12.89102,12.88748,370,600
2019-04-05 12:26:59.411000,12.89102,12.88758,100,220
2019-04-05 12:27:00.203000,12.89102,12.88748,220,600
2019-04-05 12:27:00.253000,12.89032,12.88738,300,220
2019-04-05 12:27:00.608000,12.89032,12.88728,300,300
2019-04-05 12:27:00.693000,12.89032,12.88645,300,370
2019-04-05 12:27:00.793000,12.89032,12.88668,300,220
2019-04-05 12:27:01.679000,12.89032,12.88678,300,220
2019-04-05 12:27:02.580000,12.89002,12.88648,670,370
2019-04-05 12:27:03.911000,12.89002,12.88668,370,220
2019-04-05 12:27:03.961000,12.89002,12.88648,370,600
2019-04-05 12:27:04.087000,12.89012,12.88648,520,600
2019-04-05 12:27:04.397000,12.89012,12.88698,520,220
2019-04-05 12:27:04.498000,12.89032,12.88728,520,300
2019-04-05 12:27:04.661000,12.89012,12.88728,150,300
2019-04-05 12:27:05.190000,12.89012,12.88698,150,220
2019-04-05 12:27:05.596000,12.89032,12.88728,300,300
2019-04-05 12:27:05.747000,12.89032,12.88738,300,220
2019-04-05 12:27:06.349000,12.89032,12.88728,300,520
2019-04-05 12:27:06.537000,12.89032,12.88748,300,370
2019-04-05 12:27:07.059000,12.89062,12.88748,220,370
2019-04-05 12:27:10.668000,12.89102,12.88748,300,370
2019-04-05 12:27:13.080000,12.89102,12.88848,100,370
2019-04-05 12:27:15.622000,12.89102,12.88858,100,220
2019-04-05 12:27:16.670000,12.89212,12.88858,750,220
2019-04-05 12:27:16.871000,12.89212,12.88898,750,220
2019-04-05 12:27:16.980000,12.89212,12.88858,750,220
2019-04-05 12:27:17.810000,12.89212,12.88928,520,520
2019-04-05 12:27:17.860000,12.89212,12.88848,1050,600
2019-04-05 12:27:20.834000,12.89212,12.88868,1050,220
2019-04-05 12:27:21.165000,12.89212,12.88848,1050,370
2019-04-05 12:27:22.430000,12.89212,12.88878,1050,220
2019-04-05 12:27:24.191000,12.89212,12.88848,1050,370
2019-04-05 12:27:25.333000,12.89212,12.88878,1050,220
2019-04-05 12:27:26.055000,12.89102,12.88748,370,370
2019-04-05 12:27:27.590000,12.89092,12.88748,220,370
2019-04-05 12:27:27.962000,12.89012,12.88738,300,370
2019-04-05 12:27:28.063000,12.89092,12.88738,220,370
2019-04-05 12:27:31.355000,12.89092,12.88778,220,220
2019-04-05 12:27:31.716000,12.89102,12.88748,370,220
2019-04-05 12:27:33.058000,12.89092,12.88718,220,220
2019-04-05 12:27:33.108000,12.89002,12.88655,370,370
2019-04-05 12:27:33.215000,12.89002,12.88675,600,370
2019-04-05 12:27:33.266000,12.88972,12.88638,220,370
2019-04-05 12:27:33.415000,12.88992,12.88638,220,370
2019-04-05 12:27:35.299000,12.89002,12.88638,600,370
2019-04-05 12:27:35.358000,12.88992,12.88638,220,370
2019-04-05 12:27:35.782000,12.89002,12.88638,600,370
2019-04-05 12:27:36.366000,12.89002,12.88678,370,220
2019-04-05 12:27:38.669000,12.89002,12.88638,370,600
2019-04-05 12:27:39.019000,12.89002,12.88648,370,220
2019-04-05 12:27:39.961000,12.89042,12.88708,220,300
2019-04-05 12:27:40.311000,12.89012,12.88708,300,300
2019-04-05 12:27:40.422000,12.89082,12.88738,220,370
2019-04-05 12:27:40.771000,12.89092,12.88738,220,370
2019-04-05 12:27:41.217000,12.89012,12.88708,300,300
2019-04-05 12:27:42.412000,12.89082,12.88738,220,370
2019-04-05 12:27:42.868000,12.89102,12.88738,600,370
2019-04-05 12:27:42.935000,12.89092,12.88738,220,370
2019-04-05 12:27:43.863000,12.89102,12.88738,600,370
2019-04-05 12:27:44.193000,12.89092,12.88728,220,150
2019-04-05 12:27:44.621000,12.89082,12.88728,220,150
2019-04-05 12:27:44.924000,12.89092,12.88728,220,150
2019-04-05 12:27:46.976000,12.89102,12.88738,370,600
2019-04-05 12:27:47.284000,12.89102,12.88778,370,220
2019-04-05 12:27:47.727000,12.89102,12.88748,370,220
2019-04-05 12:27:47.877000,12.89102,12.88738,370,600
2019-04-05 12:27:49.370000,12.89102,12.88708,600,300
2019-04-05 12:27:49.421000,12.89092,12.88728,220,150
2019-04-05 12:27:49.966000,12.89012,12.88708,300,300
2019-04-05 12:27:50.167000,12.89012,12.88718,300,220
2019-04-05 12:27:50.269000,12.89062,12.88738,220,370
2019-04-05 12:27:50.397000,12.89012,12.88708,300,300
2019-04-05 12:27:51.425000,12.89052,12.88728,220,150
2019-04-05 12:27:51.607000,12.89062,12.88738,220,370
2019-04-05 12:27:51.966000,12.89102,12.88738,370,600
2019-04-05 12:27:52.277000,12.89102,12.88748,370,220
2019-04-05 12:27:52.515000,12.89102,12.88738,370,600
2019-04-05 12:27:53.549000,12.89102,12.88748,370,220
2019-04-05 12:27:53.726000,12.89102,12.88738,370,600
2019-04-05 12:27:53.777000,12.89102,12.88778,370,220
2019-04-05 12:27:53.902000,12.89102,12.88808,370,300
2019-04-05 12:27:54.082000,12.89102,12.88778,370,220
2019-04-05 12:27:54.183000,12.89102,12.88808,370,300
2019-04-05 12:27:54.536000,12.89112,12.88808,520,300
2019-04-05 12:27:54.690000,12.89112,12.88738,520,600
2019-04-05 12:27:54.891000,12.89112,12.88778,520,220
2019-04-05 12:27:54.995000,12.89112,12.88808,300,300
2019-04-05 12:27:55.046000,12.89112,12.88758,300,220
2019-04-05 12:27:55.096000,12.89112,12.88778,520,220
2019-04-05 12:27:56.370000,12.89112,12.88748,300,220
2019-04-05 12:27:56.881000,12.89112,12.88738,520,220
2019-04-05 12:27:57.313000,12.89112,12.88778,300,220
2019-04-05 12:27:58.189000,12.89112,12.88748,520,220
2019-04-05 12:27:58.340000,12.89112,12.88738,520,600
2019-04-05 12:27:58.491000,12.89112,12.88778,520,220
2019-04-05 12:27:59.011000,12.89112,12.88738,520,220
2019-04-05 12:28:00.144000,12.89125,12.88635,100,370
2019-04-05 12:28:00.194000,12.89042,12.88738,220,600
2019-04-05 12:28:00.245000,12.89102,12.88748,370,220
2019-04-05 12:28:01.032000,12.89102,12.88738,370,600
2019-04-05 12:28:02.032000,12.89112,12.88758,520,220
2019-04-05 12:28:02.249000,12.89102,12.88738,370,600
2019-04-05 12:28:02.881000,12.89012,12.88738,300,370
2019-04-05 12:28:02.932000,12.89102,12.88738,370,370
2019-04-05 12:28:03.033000,12.89102,12.88748,370,220
2019-04-05 12:28:04.171000,12.89112,12.88758,520,220
2019-04-05 12:28:04.756000,12.89112,12.88748,520,220
2019-04-05 12:28:05.201000,12.89112,12.88758,520,220
2019-04-05 12:28:05.869000,12.89112,12.88748,520,220
2019-04-05 12:28:06.462000,12.89122,12.88768,220,220
2019-04-05 12:28:06.737000,12.89182,12.88838,220,370
2019-04-05 12:28:07.570000,12.89172,12.88828,220,150
2019-04-05 12:28:07.851000,12.89172,12.88838,220,370
2019-04-05 12:28:07.955000,12.89172,12.88828,220,150
2019-04-05 12:28:08.006000,12.89172,12.88838,220,370
2019-04-05 12:28:08.470000,12.89182,12.88838,220,370
2019-04-05 12:28:09.288000,12.89102,12.88738,370,600
2019-04-05 12:28:09.677000,12.89092,12.88728,220,220
2019-04-05 12:28:09.778000,12.89102,12.88738,520,600
2019-04-05 12:28:10.053000,12.89092,12.88738,220,370
2019-04-05 12:28:10.372000,12.89072,12.88688,220,220
2019-04-05 12:28:10.423000,12.89042,12.88708,220,300
2019-04-05 12:28:10.574000,12.89042,12.88738,220,370
2019-04-05 12:28:10.811000,12.89002,12.88668,370,220
2019-04-05 12:28:11.480000,12.89002,12.88658,150,220
2019-04-05 12:28:11.724000,12.88962,12.88638,220,370
2019-04-05 12:28:11.774000,12.89002,12.88638,520,600
2019-04-05 12:28:11.825000,12.89002,12.88648,520,220
2019-04-05 12:28:12.386000,12.89002,12.88638,1270,600
2019-04-05 12:28:14.055000,12.88992,12.88638,220,370
2019-04-05 12:28:14.121000,12.89002,12.88638,1050,370
2019-04-05 12:28:16.133000,12.89002,12.88648,1050,220
2019-04-05 12:28:16.878000,12.89002,12.88638,1050,600
2019-04-05 12:28:17.030000,12.88952,12.88618,220,220
2019-04-05 12:28:17.182000,12.88902,12.88548,600,600
2019-04-05 12:28:17.830000,12.88902,12.88578,1050,220
2019-04-05 12:28:18.009000,12.88902,12.88548,1050,600
2019-04-05 12:28:18.060000,12.89012,12.88638,300,370
2019-04-05 12:28:18.161000,12.89012,12.88658,520,220
2019-04-05 12:28:18.521000,12.89012,12.88678,520,220
2019-04-05 12:28:18.571000,12.89012,12.88658,520,220
2019-04-05 12:28:18.726000,12.89002,12.88658,150,220
2019-04-05 12:28:19.114000,12.89002,12.88648,520,220
2019-04-05 12:28:19.270000,12.89002,12.88638,520,600
2019-04-05 12:28:20.200000,12.89002,12.88628,1270,220
2019-04-05 12:28:20.376000,12.89002,12.88618,1270,370
2019-04-05 12:28:20.505000,12.89002,12.88628,900,220
2019-04-05 12:28:20.606000,12.89002,12.88648,370,220
2019-04-05 12:28:21.036000,12.89002,12.88638,370,220
2019-04-05 12:28:21.294000,12.89002,12.88648,370,220
2019-04-05 12:28:22.379000,12.89002,12.88638,370,220
2019-04-05 12:28:22.480000,12.89002,12.88618,750,370
2019-04-05 12:28:22.530000,12.88992,12.88618,220,220
2019-04-05 12:28:22.581000,12.88992,12.88608,220,520
2019-04-05 12:28:22.847000,12.89002,12.88618,1270,370
2019-04-05 12:28:23.397000,12.88962,12.88608,220,300
2019-04-05 12:28:23.447000,12.88992,12.88608,220,520
2019-04-05 12:28:23.498000,12.88992,12.88618,220,220
2019-04-05 12:28:24.011000,12.88962,12.88608,220,520
2019-04-05 12:28:24.062000,12.88992,12.88608,220,520
2019-04-05 12:28:25.030000,12.88992,12.88618,220,220
2019-04-05 12:28:25.513000,12.89002,12.88628,750,220
2019-04-05 12:28:25.614000,12.89002,12.88618,750,220
2019-04-05 12:28:25.665000,12.88982,12.88618,220,220
2019-04-05 12:28:25.716000,12.89002,12.88618,750,220
2019-04-05 12:28:25.817000,12.89002,12.88628,750,220
2019-04-05 12:28:26.070000,12.89002,12.88618,520,220
2019-04-05 12:28:26.121000,12.89002,12.88628,520,220
2019-04-05 12:28:26.385000,12.89002,12.88638,370,220
2019-04-05 12:28:26.643000,12.89002,12.88628,750,220
2019-04-05 12:28:27.160000,12.89002,12.88618,750,220
2019-04-05 12:28:27.210000,12.89002,12.88628,750,220
2019-04-05 12:28:27.526000,12.89002,12.88638,520,220
2019-04-05 12:28:28.331000,12.89002,12.88618,750,220
2019-04-05 12:28:28.421000,12.89002,12.88628,750,220
2019-04-05 12:28:28.542000,12.89002,12.88638,520,220
2019-04-05 12:28:29.213000,12.88902,12.88548,750,600
2019-04-05 12:28:38.048000,12.88912,12.88588,300,220
2019-04-05 12:28:38.099000,12.88912,12.88558,520,220
2019-04-05 12:28:38.205000,12.88902,12.88558,150,220
2019-04-05 12:28:38.350000,12.88902,12.88568,150,220
2019-04-05 12:28:38.451000,12.88962,12.88588,220,220
2019-04-05 12:28:38.501000,12.88962,12.88598,220,220
2019-04-05 12:28:38.602000,12.88962,12.88608,220,300
2019-04-05 12:28:38.897000,12.89002,12.88618,750,220
2019-04-05 12:28:39.099000,12.89002,12.88638,520,600
2019-04-05 12:28:39.722000,12.89002,12.88688,370,220
2019-04-05 12:28:39.823000,12.89092,12.88728,100,220
2019-04-05 12:28:39.985000,12.89072,12.88708,220,450
2019-04-05 12:28:40.086000,12.89092,12.88748,100,220
2019-04-05 12:28:40.213000,12.89092,12.88738,100,220
2019-04-05 12:28:40.429000,12.89092,12.88728,100,220
2019-04-05 12:28:41.098000,12.89072,12.88698,220,220
2019-04-05 12:28:41.370000,12.89092,12.88728,100,220
2019-04-05 12:28:41.479000,12.89092,12.88738,100,370
2019-04-05 12:28:42.543000,12.89092,12.88708,100,220
2019-04-05 12:28:42.594000,12.89062,12.88708,220,220
2019-04-05 12:28:42.700000,12.89002,12.88658,150,220
2019-04-05 12:28:43.524000,12.89002,12.88648,150,220
2019-04-05 12:28:43.713000,12.88912,12.88608,300,300
2019-04-05 12:28:43.764000,12.88962,12.88588,220,220
2019-04-05 12:28:43.818000,12.88992,12.88608,220,520
2019-04-05 12:28:43.868000,12.88972,12.88608,220,220
2019-04-05 12:28:44.103000,12.88912,12.88568,300,220
2019-04-05 12:28:44.674000,12.88982,12.88608,220,300
2019-04-05 12:28:44.725000,12.88942,12.88588,220,220
2019-04-05 12:28:44.826000,12.88972,12.88588,220,220
2019-04-05 12:28:45.006000,12.88902,12.88568,370,220
2019-04-05 12:28:45.560000,12.88902,12.88548,520,600
2019-04-05 12:28:47.250000,12.88812,12.88495,300,100
2019-04-05 12:28:47.300000,12.88812,12.88468,300,220
2019-04-05 12:28:47.451000,12.88802,12.88468,150,220
2019-04-05 12:28:47.551000,12.88812,12.88468,300,220
2019-04-05 12:28:48.132000,12.88872,12.88488,220,220
2019-04-05 12:28:48.440000,12.88872,12.88508,220,220
2019-04-05 12:28:49.151000,12.88872,12.88488,220,220
2019-04-05 12:28:49.414000,12.88802,12.88468,900,220
2019-04-05 12:28:49.911000,12.88802,12.88458,1050,220
2019-04-05 12:28:50.615000,12.88802,12.88448,1050,600
2019-04-05 12:28:51.205000,12.88802,12.88458,1050,220
2019-04-05 12:28:52.620000,12.88802,12.88468,670,220
2019-04-05 12:28:53.238000,12.88802,12.88458,670,220
2019-04-05 12:28:54.296000,12.88802,12.88468,150,220
2019-04-05 12:28:55.413000,12.88802,12.88458,670,220
2019-04-05 12:28:56.110000,12.88802,12.88468,670,220
2019-04-05 12:28:56.385000,12.88872,12.88488,220,220
2019-04-05 12:28:57.184000,12.88882,12.88508,220,670
2019-04-05 12:28:57.427000,12.88902,12.88538,1270,370
2019-04-05 12:28:59.180000,12.88902,12.88548,1050,220
2019-04-05 12:28:59.487000,12.88922,12.88558,220,220
2019-04-05 12:28:59.616000,12.88952,12.88608,220,300
2019-04-05 12:29:00.094000,12.88992,12.88618,220,220
2019-04-05 12:29:00.748000,12.88962,12.88608,220,300
2019-04-05 12:29:00.799000,12.88992,12.88618,220,220
2019-04-05 12:29:01.597000,12.89002,12.88638,1270,370
2019-04-05 12:29:03.036000,12.88992,12.88638,220,370
2019-04-05 12:29:03.086000,12.89002,12.88638,1050,370
2019-04-05 12:29:03.361000,12.88982,12.88638,220,370
2019-04-05 12:29:04.461000,12.88972,12.88638,220,370
2019-04-05 12:29:04.511000,12.88962,12.88608,220,220
2019-04-05 12:29:04.562000,12.88952,12.88608,220,220
2019-04-05 12:29:04.662000,12.88952,12.88568,220,220
2019-04-05 12:29:04.894000,12.88952,12.88578,220,220
2019-04-05 12:29:05.564000,12.88912,12.88608,300,520
2019-04-05 12:29:05.665000,12.88952,12.88608,220,220
2019-04-05 12:29:05.816000,12.88952,12.88578,220,220
2019-04-05 12:29:06.720000,12.88972,12.88638,220,370
2019-04-05 12:29:07.661000,12.89052,12.88738,220,370
2019-04-05 12:29:08.142000,12.89102,12.88738,900,370
2019-04-05 12:29:08.441000,12.89092,12.88738,220,370
2019-04-05 12:29:09.847000,12.89082,12.88718,220,220
2019-04-05 12:29:10.234000,12.89082,12.88738,220,370
2019-04-05 12:29:10.545000,12.89092,12.88738,220,370
2019-04-05 12:29:11.125000,12.89082,12.88718,220,220
2019-04-05 12:29:11.373000,12.89072,12.88738,220,370
2019-04-05 12:29:11.424000,12.89092,12.88738,220,370
2019-04-05 12:29:11.582000,12.89082,12.88738,220,370
2019-04-05 12:29:11.632000,12.89072,12.88708,220,520
2019-04-05 12:29:11.683000,12.89092,12.88718,220,220
2019-04-05 12:29:11.734000,12.89082,12.88718,220,220
2019-04-05 12:29:12.034000,12.89092,12.88718,220,220
2019-04-05 12:29:12.362000,12.89092,12.88738,220,370
2019-04-05 12:29:12.562000,12.89082,12.88728,220,220
2019-04-05 12:29:13.380000,12.89102,12.88718,900,220
2019-04-05 12:29:13.480000,12.89092,12.88718,220,220
2019-04-05 12:29:13.581000,12.89082,12.88718,220,220
2019-04-05 12:29:13.742000,12.89102,12.88708,520,520
2019-04-05 12:29:13.793000,12.89092,12.88708,220,520
2019-04-05 12:29:13.966000,12.89092,12.88718,220,220
2019-04-05 12:29:14.169000,12.89102,12.88758,150,220
2019-04-05 12:29:14.379000,12.89112,12.88768,300,220
2019-04-05 12:29:14.480000,12.89102,12.88768,150,220
2019-04-05 12:29:14.949000,12.89112,12.88758,300,220
2019-04-05 12:29:15.031000,12.89102,12.88758,150,220
2019-04-05 12:29:15.825000,12.89112,12.88738,300,370
2019-04-05 12:29:15.875000,12.89102,12.88738,150,370
2019-04-05 12:29:15.926000,12.89112,12.88738,520,370
2019-04-05 12:29:15.976000,12.89102,12.88738,150,370
2019-04-05 12:29:16.077000,12.89102,12.88758,150,220
2019-04-05 12:29:16.127000,12.89112,12.88738,300,370
2019-04-05 12:29:16.234000,12.89202,12.88808,370,670
2019-04-05 12:29:16.510000,12.89202,12.88818,670,220
2019-04-05 12:29:16.611000,12.89202,12.88838,670,370
2019-04-05 12:29:17.153000,12.89202,12.88818,670,220
2019-04-05 12:29:17.576000,12.89202,12.88808,670,520
2019-04-05 12:29:17.712000,12.89112,12.88738,300,370
2019-04-05 12:29:17.762000,12.89182,12.88748,220,220
2019-04-05 12:29:17.813000,12.89182,12.88808,220,300
2019-04-05 12:29:17.913000,12.89202,12.88808,670,220
2019-04-05 12:29:18.014000,12.89102,12.88748,670,220
2019-04-05 12:29:18.672000,12.89102,12.88738,670,370
2019-04-05 12:29:20.330000,12.89202,12.88808,370,520
2019-04-05 12:29:20.431000,12.89182,12.88808,220,520
2019-04-05 12:29:20.770000,12.89202,12.88738,670,600
2019-04-05 12:29:20.821000,12.89202,12.88808,670,670
2019-04-05 12:29:20.972000,12.89202,12.88818,670,220
2019-04-05 12:29:21.120000,12.89202,12.88838,670,370
2019-04-05 12:29:22.400000,12.89202,12.88818,670,220
2019-04-05 12:29:22.633000,12.89182,12.88808,220,220
2019-04-05 12:29:22.784000,12.89202,12.88738,370,600
2019-04-05 12:29:22.835000,12.89202,12.88808,370,520
2019-04-05 12:29:23.015000,12.89202,12.88818,370,220
2019-04-05 12:29:23.280000,12.89182,12.88808,220,520
2019-04-05 12:29:23.381000,12.89182,12.88818,220,220
2019-04-05 12:29:23.432000,12.89202,12.88818,370,220
2019-04-05 12:29:23.634000,12.89202,12.88808,370,520
2019-04-05 12:29:24.086000,12.89112,12.88738,300,600
2019-04-05 12:29:24.187000,12.89112,12.88808,300,520
2019-04-05 12:29:24.237000,12.89112,12.88738,300,600
2019-04-05 12:29:24.288000,12.89122,12.88738,220,600
2019-04-05 12:29:24.440000,12.89212,12.88838,520,370
2019-04-05 12:29:25.377000,12.89212,12.88858,300,220
2019-04-05 12:29:25.528000,12.89212,12.88818,300,220
2019-04-05 12:29:25.803000,12.89212,12.88808,520,520
2019-04-05 12:29:25.853000,12.89212,12.88838,300,370
2019-04-05 12:29:26.009000,12.89302,12.88848,370,220
2019-04-05 12:29:26.289000,12.89302,12.88838,370,370
2019-04-05 12:29:26.416000,12.89212,12.88818,300,220
2019-04-05 12:29:26.566000,12.89212,12.88838,520,370
2019-04-05 12:29:27.281000,12.89302,12.88858,370,220
2019-04-05 12:29:27.690000,12.89282,12.88838,220,370
2019-04-05 12:29:27.940000,12.89212,12.88838,300,370
2019-04-05 12:29:28.151000,12.89212,12.88818,520,220
2019-04-05 12:29:28.906000,12.89302,12.88848,370,220
2019-04-05 12:29:28.971000,12.89222,12.88848,220,220
2019-04-05 12:29:29.072000,12.89222,12.88838,220,370
2019-04-05 12:29:30.101000,12.89302,12.88858,370,220
2019-04-05 12:29:30.152000,12.89212,12.88838,520,370
2019-04-05 12:29:30.202000,12.89302,12.88848,370,220
2019-04-05 12:29:30.563000,12.89312,12.88838,220,370
2019-04-05 12:29:31.083000,12.89312,12.88908,220,520
2019-04-05 12:29:31.214000,12.89312,12.88838,520,370
2019-04-05 12:29:31.359000,12.89312,12.88938,220,370
2019-04-05 12:29:31.409000,12.89402,12.88918,600,220
2019-04-05 12:29:31.531000,12.89402,12.88938,600,370
2019-04-05 12:29:31.632000,12.89372,12.89008,220,520
2019-04-05 12:29:31.683000,12.89372,12.88938,220,370
2019-04-05 12:29:31.733000,12.89402,12.89008,600,520
2019-04-05 12:29:31.834000,12.89402,12.89018,600,220
2019-04-05 12:29:32.254000,12.89402,12.89048,220,220
2019-04-05 12:29:32.442000,12.89402,12.88938,600,370
2019-04-05 12:29:32.622000,12.89402,12.89008,220,300
2019-04-05 12:29:32.673000,12.89402,12.88958,600,220
2019-04-05 12:29:33.284000,12.89402,12.88938,600,370
2019-04-05 12:29:33.994000,12.89402,12.89008,220,520
2019-04-05 12:29:34.224000,12.89402,12.89018,220,220
2019-04-05 12:29:34.462000,12.89482,12.89048,220,220
2019-04-05 12:29:34.719000,12.89482,12.89018,220,220
2019-04-05 12:29:34.906000,12.89482,12.89108,220,220
2019-04-05 12:29:35.106000,12.89482,12.89008,220,520
2019-04-05 12:29:35.157000,12.89422,12.89008,220,520
2019-04-05 12:29:35.394000,12.89482,12.89008,220,520
2019-04-05 12:29:35.444000,12.89412,12.89008,300,520
2019-04-05 12:29:36.302000,12.89482,12.89018,220,220
2019-04-05 12:29:36.455000,12.89412,12.89008,300,520
2019-04-05 12:29:36.742000,12.89412,12.89018,300,220
2019-04-05 12:29:36.915000,12.89482,12.89038,220,370
2019-04-05 12:29:37.016000,12.89482,12.89108,220,300
2019-04-05 12:29:37.066000,12.89482,12.89038,220,370
2019-04-05 12:29:37.864000,12.89512,12.89108,520,520
2019-04-05 12:29:37.960000,12.89482,12.89038,220,370
2019-04-05 12:29:38.010000,12.89482,12.89108,220,300
2019-04-05 12:29:38.141000,12.89512,12.89108,520,520
2019-04-05 12:29:39.040000,12.89512,12.89138,520,370
2019-04-05 12:29:39.272000,12.89512,12.89158,300,220
2019-04-05 12:29:39.373000,12.89502,12.89158,370,220
2019-04-05 12:29:39.644000,12.89502,12.89138,370,370
2019-04-05 12:29:40.673000,12.89512,12.89138,520,370
2019-04-05 12:29:40.723000,12.89502,12.89138,370,370
2019-04-05 12:29:41.216000,12.89502,12.89158,370,220
2019-04-05 12:29:41.266000,12.89572,12.89158,220,220
2019-04-05 12:29:41.317000,12.89572,12.89238,220,370
2019-04-05 12:29:41.468000,12.89602,12.89208,370,520
2019-04-05 12:29:41.870000,12.89512,12.89158,300,220
2019-04-05 12:29:41.920000,12.89572,12.89158,220,220
2019-04-05 12:29:42.037000,12.89602,12.89208,370,300
2019-04-05 12:29:42.244000,12.89602,12.89218,370,220
2019-04-05 12:29:42.332000,12.89705,12.89075,240,100
2019-04-05 12:29:42.573000,12.89705,12.89308,240,300
2019-04-05 12:29:42.623000,12.89702,12.89318,220,220
2019-04-05 12:29:42.768000,12.89712,12.89318,300,220
2019-04-05 12:29:42.819000,12.89802,12.89318,370,220
2019-04-05 12:29:42.870000,12.89812,12.89338,300,370
2019-04-05 12:29:43.074000,12.89812,12.89378,520,220
2019-04-05 12:29:43.175000,12.89822,12.89388,220,220
2019-04-05 12:29:43.358000,12.89902,12.89338,470,370
2019-04-05 12:29:43.408000,12.89832,12.89418,220,220
2019-04-05 12:29:43.509000,12.89812,12.89418,520,220
2019-04-05 12:29:43.632000,12.89812,12.89338,520,370
2019-04-05 12:29:43.732000,12.89935,12.89295,240,100
2019-04-05 12:29:43.783000,12.89812,12.89358,520,220
2019-04-05 12:29:44.031000,12.89812,12.89438,300,370
2019-04-05 12:29:44.132000,12.89902,12.89508,370,520
2019-04-05 12:29:44.233000,12.89912,12.89508,520,520
2019-04-05 12:29:44.401000,12.89882,12.89438,220,370
2019-04-05 12:29:44.518000,12.89912,12.89438,520,370
2019-04-05 12:29:44.569000,12.89912,12.89448,520,220
2019-04-05 12:29:44.673000,12.89902,12.89448,370,220
2019-04-05 12:29:44.835000,12.89812,12.89438,300,370
2019-04-05 12:29:44.885000,12.89902,12.89438,370,370
2019-04-05 12:29:45.023000,12.89912,12.89508,520,300
2019-04-05 12:29:45.073000,12.89912,12.89488,520,220
2019-04-05 12:29:45.124000,12.89912,12.89508,520,520
2019-04-05 12:29:45.174000,12.89882,12.89408,220,520
2019-04-05 12:29:45.413000,12.89812,12.89308,300,220
2019-04-05 12:29:45.463000,12.89805,12.89308,100,220
2019-04-05 12:29:45.580000,12.89805,12.89218,100,220
2019-04-05 12:29:45.631000,12.89812,12.89308,300,520
2019-04-05 12:29:45.790000,12.89712,12.89268,520,220
2019-04-05 12:29:45.971000,12.89612,12.89118,300,220
2019-04-05 12:29:46.072000,12.89612,12.89208,520,300
2019-04-05 12:29:46.173000,12.89612,12.89218,520,220
2019-04-05 12:29:46.385000,12.89582,12.89118,220,220
2019-04-05 12:29:46.564000,12.89675,12.89218,100,220
2019-04-05 12:29:46.615000,12.89695,12.89218,100,220
2019-04-05 12:29:46.922000,12.89612,12.89208,300,520
2019-04-05 12:29:47.490000,12.89675,12.89218,100,220
2019-04-05 12:29:47.541000,12.89702,12.89218,370,220
2019-04-05 12:29:47.642000,12.89612,12.89118,300,220
2019-04-05 12:29:47.914000,12.89712,12.89218,520,220
2019-04-05 12:29:48.144000,12.89702,12.89218,370,220
2019-04-05 12:29:48.195000,12.89612,12.89118,300,220
2019-04-05 12:29:48.513000,12.89675,12.89118,100,220
2019-04-05 12:29:48.695000,12.89612,12.89118,300,220
2019-04-05 12:29:48.845000,12.89675,12.89178,100,220
2019-04-05 12:29:49.235000,12.89612,12.89208,300,300
2019-04-05 12:29:49.371000,12.89602,12.89218,370,220
2019-04-05 12:29:49.481000,12.89602,12.89208,370,520
2019-04-05 12:29:49.581000,12.89612,12.89218,520,220
2019-04-05 12:29:49.855000,12.89602,12.89218,370,220
2019-04-05 12:29:49.906000,12.89695,12.89308,100,300
2019-04-05 12:29:49.957000,12.89702,12.89198,370,220
2019-04-05 12:29:50.108000,12.89702,12.89125,370,100
2019-04-05 12:29:50.159000,12.89612,12.89118,300,220
2019-04-05 12:29:50.302000,12.89602,12.89208,370,220
2019-04-05 12:29:50.403000,12.89512,12.89125,300,100
2019-04-05 12:29:50.454000,12.89512,12.89118,300,220
2019-04-05 12:29:50.655000,12.89512,12.89158,300,220
2019-04-05 12:29:50.911000,12.89512,12.89118,520,220
2019-04-05 12:29:51.356000,12.89612,12.89158,520,220
2019-04-05 12:29:51.496000,12.89522,12.89118,220,220
2019-04-05 12:29:51.597000,12.89612,12.89158,520,220
2019-04-05 12:29:51.776000,12.89612,12.89208,520,300
2019-04-05 12:29:51.990000,12.89512,12.89118,300,220
2019-04-05 12:29:52.115000,12.89612,12.89208,520,300
2019-04-05 12:29:52.471000,12.89632,12.89258,220,220
2019-04-05 12:29:52.522000,12.89712,12.89258,520,220
2019-04-05 12:29:52.727000,12.89712,12.89218,520,220
2019-04-05 12:29:53.083000,12.89882,12.89408,220,220
2019-04-05 12:29:53.263000,12.89812,12.89318,220,220
2019-04-05 12:29:53.364000,12.89882,12.89388,220,220
2019-04-05 12:29:53.547000,12.89852,12.89318,220,220
2019-04-05 12:29:53.812000,12.89812,12.89318,220,220
2019-04-05 12:29:54.013000,12.89912,12.89318,520,220
2019-04-05 12:29:54.064000,12.89912,12.89408,520,520
2019-04-05 12:29:54.184000,12.89812,12.89318,520,220
2019-04-05 12:29:54.390000,12.89812,12.89408,300,220
2019-04-05 12:29:54.440000,12.89812,12.89318,520,220
2019-04-05 12:29:55.224000,12.89812,12.89398,300,220
2019-04-05 12:29:55.807000,12.90012,12.89438,520,220
2019-04-05 12:29:56.008000,12.90112,12.89418,520,220
2019-04-05 12:29:56.180000,12.90112,12.89578,520,220
2019-04-05 12:29:56.285000,12.90212,12.89808,520,520
2019-04-05 12:29:56.386000,12.90112,12.89718,300,220
2019-04-05 12:29:56.537000,12.90212,12.89748,520,220
2019-04-05 12:29:56.587000,12.90172,12.89718,220,220
2019-04-05 12:29:56.638000,12.90312,12.89848,300,220
2019-04-05 12:29:56.688000,12.90312,12.89908,300,300
2019-04-05 12:29:56.778000,12.90512,12.90038,300,220
2019-04-05 12:29:56.828000,12.90442,12.90078,220,150
2019-04-05 12:29:56.878000,12.91022,12.90578,220,220
2019-04-05 12:29:56.929000,12.90962,12.90395,220,100
2019-04-05 12:29:56.979000,12.90852,12.90388,220,220
2019-04-05 12:29:57.080000,12.91062,12.90618,220,220
2019-04-05 12:29:57.130000,12.91912,12.91208,300,300
2019-04-05 12:29:57.181000,12.92195,12.91558,240,220
2019-04-05 12:29:57.297000,12.92312,12.91878,220,220
2019-04-05 12:29:57.397000,12.92312,12.91708,300,300
2019-04-05 12:29:57.448000,12.92412,12.91798,520,220
2019-04-05 12:29:57.548000,12.92582,12.92158,220,220
2019-04-05 12:29:57.624000,12.92812,12.92198,520,220
2019-04-05 12:29:57.675000,12.92912,12.92118,450,220
2019-04-05 12:29:57.725000,12.92662,12.92378,150,150
2019-04-05 12:29:57.775000,12.92822,12.92298,220,220
2019-04-05 12:29:57.826000,12.92912,12.92308,520,300
2019-04-05 12:29:57.877000,12.92912,12.92318,300,220
2019-04-05 12:29:58.028000,12.92602,12.92128,220,220
2019-04-05 12:29:58.144000,12.92602,12.92068,220,220
2019-04-05 12:29:58.194000,12.92512,12.92008,300,220
2019-04-05 12:29:58.245000,12.92612,12.92078,250,220
2019-04-05 12:29:58.346000,12.92412,12.91818,300,220
2019-04-05 12:29:58.446000,12.92512,12.92048,300,220
2019-04-05 12:29:58.547000,12.92412,12.91818,300,220
2019-04-05 12:29:58.597000,12.92172,12.91708,220,300
2019-04-05 12:29:58.725000,12.92042,12.91618,220,220
2019-04-05 12:29:58.776000,12.92212,12.91568,520,220
2019-04-05 12:29:58.827000,12.92012,12.91408,300,300
2019-04-05 12:29:58.977000,12.92002,12.91556,220,220
2019-04-05 12:29:59.028000,12.91972,12.91498,220,220
2019-04-05 12:29:59.144000,12.91712,12.91218,300,220
2019-04-05 12:29:59.195000,12.91512,12.91018,220,220
2019-04-05 12:29:59.296000,12.91452,12.90915,220,100
2019-04-05 12:29:59.347000,12.91512,12.91118,300,220
2019-04-05 12:29:59.397000,12.91682,12.91208,220,300
2019-04-05 12:29:59.476000,12.91682,12.91238,220,220
2019-04-05 12:29:59.526000,12.91682,12.91218,220,220
2019-04-05 12:29:59.577000,12.91612,12.91258,520,220
2019-04-05 12:29:59.627000,12.91612,12.91208,520,300
2019-04-05 12:29:59.728000,12.91622,12.91158,220,220
2019-04-05 12:29:59.778000,12.91402,12.90965,220,100
2019-04-05 12:29:59.829000,12.91402,12.90928,220,520
2019-04-05 12:29:59.879000,12.91422,12.90968,220,220
2019-04-05 12:29:59.929000,12.91322,12.90828,220,220
2019-04-05 12:29:59.982000,12.90724,12.90165,220,100
2019-04-05 12:30:00.080000,12.91032,12.90265,300,100
2019-04-05 12:30:00.133000,12.91022,12.90528,220,520
2019-04-05 12:30:00.234000,12.90732,12.90495,220,100
2019-04-05 12:30:00.284000,12.90842,12.90568,150,220
2019-04-05 12:30:00.335000,12.90932,12.90328,300,520
2019-04-05 12:30:00.385000,12.90832,12.90548,520,220
2019-04-05 12:30:00.435000,12.90732,12.90328,300,520
2019-04-05 12:30:00.486000,12.90672,12.90328,220,300
2019-04-05 12:30:00.593000,12.90722,12.90168,220,220
2019-04-05 12:30:00.647000,12.90602,12.90258,220,220
2019-04-05 12:30:00.805000,12.90432,12.90128,220,300
2019-04-05 12:30:00.856000,12.90522,12.90028,220,520
2019-04-05 12:30:00.907000,12.90422,12.89945,220,100
2019-04-05 12:30:01.009000,12.90522,12.90128,220,300
2019-04-05 12:30:01.059000,12.90622,12.90128,220,520
2019-04-05 12:30:01.116000,12.90462,12.90128,220,520
2019-04-05 12:30:01.225000,12.90462,12.90228,220,300
2019-04-05 12:30:01.275000,12.90512,12.90038,220,220
2019-04-05 12:30:01.329000,12.90432,12.90038,220,220
2019-04-05 12:30:01.379000,12.91082,12.90378,220,220
2019-04-05 12:30:01.464000,12.91322,12.90828,220,220
2019-04-05 12:30:01.600000,12.91965,12.90365,240,100
2019-04-05 12:30:01.650000,12.91665,12.91048,240,220
2019-04-05 12:30:01.701000,12.91875,12.90765,240,100
2019-04-05 12:30:01.806000,12.91875,12.90865,240,100
2019-04-05 12:30:01.907000,12.91875,12.90965,240,100
2019-04-05 12:30:02.047000,12.92275,12.90965,240,100
2019-04-05 12:30:02.122000,12.92375,12.91165,240,100
2019-04-05 12:30:02.291000,12.92375,12.91265,240,100
2019-04-05 12:30:02.442000,12.91662,12.91228,220,520
2019-04-05 12:30:02.492000,12.91632,12.91128,300,520
2019-04-05 12:30:02.601000,12.91432,12.91028,300,520
2019-04-05 12:30:02.651000,12.91532,12.91058,300,220
2019-04-05 12:30:02.702000,12.91622,12.91128,220,300
2019-04-05 12:30:02.860000,12.91462,12.91028,220,520
2019-04-05 12:30:02.960000,12.91832,12.91328,520,520
2019-04-05 12:30:03.010000,12.91672,12.91238,220,220
2019-04-05 12:30:03.155000,12.91272,12.90828,220,220
2019-04-05 12:30:03.256000,12.91352,12.90828,220,220
2019-04-05 12:30:03.306000,12.91332,12.90828,220,220
2019-04-05 12:30:03.407000,12.91332,12.90838,220,220
2019-04-05 12:30:03.527000,12.91372,12.90888,220,220
2019-04-05 12:30:03.629000,12.91342,12.90868,220,220
2019-04-05 12:30:03.730000,12.91562,12.91158,220,220
2019-04-05 12:30:03.941000,12.91855,12.90765,100,100
2019-04-05 12:30:03.992000,12.91755,12.90865,100,100
2019-04-05 12:30:04.142000,12.91382,12.90978,220,220
2019-04-05 12:30:04.259000,12.91432,12.91058,300,220
2019-04-05 12:30:04.310000,12.91372,12.90728,220,520
2019-04-05 12:30:04.360000,12.91432,12.90908,300,220
2019-04-05 12:30:04.465000,12.91932,12.91398,300,220
2019-04-05 12:30:04.653000,12.91732,12.91388,520,220
2019-04-05 12:30:04.707000,12.91722,12.91298,220,220
2019-04-05 12:30:04.757000,12.91622,12.91278,220,220
2019-04-05 12:30:04.808000,12.91712,12.91278,220,220
2019-04-05 12:30:04.859000,12.91712,12.91188,220,220
2019-04-05 12:30:04.973000,12.91532,12.91078,300,220
2019-04-05 12:30:05.074000,12.91432,12.91048,300,220
2019-04-05 12:30:05.225000,12.91732,12.91218,300,220
2019-04-05 12:30:05.338000,12.91502,12.90988,220,220
2019-04-05 12:30:05.389000,12.91682,12.91128,220,220
2019-04-05 12:30:05.439000,12.91622,12.91168,220,220
2019-04-05 12:30:05.540000,12.91512,12.91128,220,520
2019-04-05 12:30:05.661000,12.91432,12.91078,300,220
2019-04-05 12:30:05.712000,12.91222,12.90858,220,220
2019-04-05 12:30:05.899000,12.91192,12.90778,220,220
2019-04-05 12:30:05.949000,12.91332,12.90948,520,220
2019-04-05 12:30:06.056000,12.91332,12.90998,300,220
2019-04-05 12:30:06.106000,12.91432,12.90795,520,100
2019-04-05 12:30:06.157000,12.91312,12.90848,220,220
2019-04-05 12:30:06.307000,12.91232,12.90788,520,220
2019-04-05 12:30:06.451000,12.91232,12.90828,300,300
2019-04-05 12:30:06.503000,12.91192,12.90778,220,220
2019-04-05 12:30:06.624000,12.91132,12.90768,520,220
2019-04-05 12:30:06.674000,12.91192,12.90778,220,220
2019-04-05 12:30:06.725000,12.91192,12.90788,220,220
2019-04-05 12:30:06.872000,12.91032,12.90658,220,220
2019-04-05 12:30:06.922000,12.91112,12.90728,220,520
2019-04-05 12:30:07.023000,12.91132,12.90728,300,300
2019-04-05 12:30:07.073000,12.91122,12.90738,220,220
2019-04-05 12:30:07.139000,12.91122,12.90645,220,100
2019-04-05 12:30:07.190000,12.91102,12.90645,370,100
2019-04-05 12:30:07.320000,12.91032,12.90628,300,300
2019-04-05 12:30:07.370000,12.90832,12.90388,300,220
2019-04-05 12:30:07.420000,12.90732,12.90348,520,220
2019-04-05 12:30:07.471000,12.90832,12.90378,300,220
2019-04-05 12:30:07.625000,12.90732,12.90495,520,100
2019-04-05 12:30:07.747000,12.91002,12.90568,370,220
2019-04-05 12:30:07.797000,12.91002,12.90638,370,220
2019-04-05 12:30:07.898000,12.90802,12.90528,220,300
2019-04-05 12:30:07.949000,12.90792,12.90378,220,220
2019-04-05 12:30:08.043000,12.90722,12.90348,220,220
2019-04-05 12:30:08.097000,12.90802,12.90328,370,220
2019-04-05 12:30:08.249000,12.90752,12.90328,220,220
2019-04-05 12:30:08.350000,12.90712,12.90328,220,300
2019-04-05 12:30:08.400000,12.90812,12.90368,220,220
2019-04-05 12:30:08.453000,12.90802,12.90388,220,220
2019-04-05 12:30:08.554000,12.90732,12.90338,300,220
2019-04-05 12:30:08.705000,12.90722,12.90338,220,220
2019-04-05 12:30:08.806000,12.90702,12.90338,370,220
2019-04-05 12:30:08.911000,12.91002,12.90618,370,220
2019-04-05 12:30:08.962000,12.91122,12.90595,220,100
2019-04-05 12:30:09.078000,12.91102,12.90628,220,300
2019-04-05 12:30:09.188000,12.90992,12.90578,220,220
2019-04-05 12:30:09.289000,12.90932,12.90548,520,220
2019-04-05 12:30:09.339000,12.91012,12.90588,220,220
2019-04-05 12:30:09.389000,12.91022,12.90628,220,520
2019-04-05 12:30:09.591000,12.90972,12.90445,220,100
2019-04-05 12:30:09.641000,12.90972,12.90528,220,520
2019-04-05 12:30:09.743000,12.90932,12.90528,520,300
2019-04-05 12:30:09.892000,12.90902,12.90528,220,520
2019-04-05 12:30:09.949000,12.91002,12.90558,220,220
2019-04-05 12:30:09.999000,12.91032,12.90588,300,220
2019-04-05 12:30:10.050000,12.91092,12.90618,220,220
2019-04-05 12:30:10.150000,12.91102,12.90628,220,520
2019-04-05 12:30:10.262000,12.91102,12.90728,220,300
2019-04-05 12:30:10.317000,12.90982,12.90538,220,220
2019-04-05 12:30:10.368000,12.91102,12.90538,220,370
2019-04-05 12:30:10.418000,12.91032,12.90578,300,220
2019-04-05 12:30:10.469000,12.91102,12.90628,970,300
2019-04-05 12:30:10.519000,12.91062,12.90628,150,520
2019-04-05 12:30:10.569000,12.91012,12.90528,220,300
2019-04-05 12:30:10.633000,12.90932,12.90488,300,220
2019-04-05 12:30:10.683000,12.91002,12.90488,220,220
2019-04-05 12:30:10.734000,12.91002,12.90528,220,300
2019-04-05 12:30:10.885000,12.91032,12.90638,520,220
2019-04-05 12:30:11.046000,12.91102,12.90738,220,370
2019-04-05 12:30:11.146000,12.91032,12.90638,520,220
2019-04-05 12:30:11.197000,12.91022,12.90638,220,220
2019-04-05 12:30:11.339000,12.90932,12.90548,300,220
2019-04-05 12:30:11.469000,12.90912,12.90488,220,220
2019-04-05 12:30:11.548000,12.90832,12.90448,300,220
2019-04-05 12:30:11.599000,12.90732,12.90338,520,220
2019-04-05 12:30:11.699000,12.90722,12.90288,220,220
2019-04-05 12:30:11.750000,12.90702,12.90288,220,220
2019-04-05 12:30:11.922000,12.90632,12.90248,300,220
2019-04-05 12:30:12.038000,12.90702,12.90278,220,220
2019-04-05 12:30:12.138000,12.90802,12.90445,220,100
2019-04-05 12:30:12.251000,12.90932,12.90538,220,220
2019-04-05 12:30:12.302000,12.90932,12.90568,220,220
2019-04-05 12:30:12.353000,12.91002,12.90628,750,520
2019-04-05 12:30:12.403000,12.91002,12.90638,750,220
2019-04-05 12:30:12.554000,12.91032,12.90678,220,220
2019-04-05 12:30:12.688000,12.91032,12.90638,300,220
2019-04-05 12:30:12.789000,12.91002,12.90638,370,220
2019-04-05 12:30:12.890000,12.91002,12.90588,220,220
2019-04-05 12:30:12.940000,12.91022,12.90678,220,220
2019-04-05 12:30:12.991000,12.91022,12.90628,220,520
2019-04-05 12:30:13.041000,12.91102,12.90728,220,300
2019-04-05 12:30:13.160000,12.91032,12.90638,520,220
2019-04-05 12:30:13.210000,12.91022,12.90638,220,220
2019-04-05 12:30:13.260000,12.91022,12.90628,220,520
2019-04-05 12:30:13.311000,12.91032,12.90658,300,220
2019-04-05 12:30:13.361000,12.91022,12.90638,220,220
2019-04-05 12:30:13.609000,12.91002,12.90578,600,220
2019-04-05 12:30:13.660000,12.90922,12.90535,220,100
2019-04-05 12:30:13.761000,12.90792,12.90378,220,220
2019-04-05 12:30:13.861000,12.90802,12.90438,750,600
2019-04-05 12:30:13.912000,12.90762,12.90365,220,100
2019-04-05 12:30:14.004000,12.90802,12.90415,370,100
2019-04-05 12:30:14.054000,12.90802,12.90365,750,100
2019-04-05 12:30:14.104000,12.90932,12.90538,300,370
2019-04-05 12:30:14.155000,12.90972,12.90558,220,220
2019-04-05 12:30:14.205000,12.91002,12.90638,370,220
2019-04-05 12:30:14.306000,12.91002,12.90628,370,300
2019-04-05 12:30:14.377000,12.91122,12.90728,220,300
2019-04-05 12:30:14.477000,12.91132,12.90828,10,220
2019-04-05 12:30:14.578000,12.91132,12.90838,410,220
2019-04-05 12:30:14.679000,12.91032,12.90638,300,220
2019-04-05 12:30:14.797000,12.91072,12.90668,220,220
2019-04-05 12:30:14.848000,12.91032,12.90638,520,220
2019-04-05 12:30:14.999000,12.91122,12.90748,220,220
2019-04-05 12:30:15.129000,12.91132,12.90828,10,220
2019-04-05 12:30:15.232000,12.91132,12.90838,10,600
2019-04-05 12:30:15.284000,12.91132,12.90758,410,220
2019-04-05 12:30:15.334000,12.91132,12.90768,10,220
2019-04-05 12:30:15.494000,12.91102,12.90758,220,220
2019-04-05 12:30:15.624000,12.91132,12.90738,710,600
2019-04-05 12:30:15.725000,12.91132,12.90828,10,300
2019-04-05 12:30:15.837000,12.91132,12.90838,10,220
2019-04-05 12:30:16.040000,12.91132,12.90748,410,220
2019-04-05 12:30:16.141000,12.91122,12.90738,220,600
2019-04-05 12:30:16.220000,12.91102,12.90668,750,220
2019-04-05 12:30:16.273000,12.91072,12.90668,220,220
2019-04-05 12:30:16.466000,12.91132,12.90838,10,600
2019-04-05 12:30:16.660000,12.91132,12.90938,10,220
2019-04-05 12:30:16.762000,12.91132,12.90948,10,220
2019-04-05 12:30:16.930000,12.91132,12.90958,10,220
2019-04-05 12:30:17.053000,12.91132,12.91028,10,300
2019-04-05 12:30:17.153000,12.91132,12.90738,710,600
2019-04-05 12:30:17.204000,12.91082,12.90668,220,220
2019-04-05 12:30:17.254000,12.91112,12.90728,220,520
2019-04-05 12:30:17.304000,12.91132,12.90738,410,600
2019-04-05 12:30:17.402000,12.91132,12.90938,10,370
2019-04-05 12:30:17.553000,12.91092,12.90678,220,220
2019-04-05 12:30:17.604000,12.91075,12.90678,100,220
2019-04-05 12:30:17.765000,12.90892,12.90538,220,220
2019-04-05 12:30:17.867000,12.91132,12.90728,410,300
2019-04-05 12:30:17.917000,12.91132,12.90828,10,520
2019-04-05 12:30:18.018000,12.91132,12.90898,10,150
2019-04-05 12:30:18.141000,12.91132,12.90958,10,220
2019-04-05 12:30:18.192000,12.91132,12.90928,10,670
2019-04-05 12:30:18.243000,12.91132,12.90968,10,220
2019-04-05 12:30:18.344000,12.91132,12.90958,10,220
2019-04-05 12:30:18.445000,12.91132,12.90938,10,220
2019-04-05 12:30:18.495000,12.91132,12.90968,10,220
2019-04-05 12:30:18.601000,12.91132,12.90948,10,220
2019-04-05 12:30:18.652000,12.91132,12.90928,10,300
2019-04-05 12:30:18.753000,12.91132,12.90938,10,220
2019-04-05 12:30:18.803000,12.91132,12.90868,10,220
2019-04-05 12:30:18.854000,12.91132,12.90838,10,220
2019-04-05 12:30:18.972000,12.91092,12.90658,220,220
2019-04-05 12:30:19.023000,12.91082,12.90658,220,220
2019-04-05 12:30:19.189000,12.91102,12.90728,600,520
2019-04-05 12:30:19.305000,12.91102,12.90738,600,220
2019-04-05 12:30:19.356000,12.91082,12.90668,220,220
2019-04-05 12:30:19.507000,12.91072,12.90668,220,220
2019-04-05 12:30:19.608000,12.91032,12.90638,520,220
2019-04-05 12:30:19.722000,12.91012,12.90638,220,220
2019-04-05 12:30:19.774000,12.91032,12.90638,520,220
2019-04-05 12:30:19.824000,12.91022,12.90638,220,220
2019-04-05 12:30:19.975000,12.91102,12.90728,600,520
2019-04-05 12:30:20.076000,12.91042,12.90668,220,220
2019-04-05 12:30:20.211000,12.91102,12.90728,370,300
2019-04-05 12:30:20.261000,12.91132,12.90738,10,600
2019-04-05 12:30:20.312000,12.91132,12.90745,10,100
2019-04-05 12:30:20.425000,12.91132,12.90838,10,600
2019-04-05 12:30:20.576000,12.91132,12.90938,10,370
2019-04-05 12:30:20.743000,12.91502,12.91138,750,600
2019-04-05 12:30:20.793000,12.91132,12.91068,10,220
2019-04-05 12:30:20.911000,12.91522,12.91128,220,900
2019-04-05 12:30:21.012000,12.91472,12.9114,220,220
2019-04-05 12:30:21.063000,12.91432,12.91028,300,300
2019-04-05 12:30:21.132000,12.91432,12.91038,520,220
2019-04-05 12:30:21.234000,12.90912,12.90698,370,220
2019-04-05 12:30:21.285000,12.90902,12.90598,600,150
2019-04-05 12:30:21.386000,12.90912,12.90578,370,220
2019-04-05 12:30:21.486000,12.90912,12.90538,370,220
2019-04-05 12:30:21.550000,12.91042,12.90628,220,300
2019-04-05 12:30:21.600000,12.91132,12.90778,10,220
2019-04-05 12:30:21.701000,12.91122,12.90738,220,220
2019-04-05 12:30:21.752000,12.91112,12.90748,220,220
2019-04-05 12:30:21.853000,12.91072,12.90678,220,220
2019-04-05 12:30:21.986000,12.91072,12.90688,220,220
2019-04-05 12:30:22.087000,12.91082,12.90668,220,220
2019-04-05 12:30:22.137000,12.91112,12.90728,220,520
2019-04-05 12:30:22.188000,12.91102,12.90688,220,220
2019-04-05 12:30:22.238000,12.91082,12.90688,220,220
2019-04-05 12:30:22.343000,12.90982,12.90628,220,300
2019-04-05 12:30:22.393000,12.91002,12.90638,370,220
2019-04-05 12:30:22.445000,12.91002,12.90688,370,220
2019-04-05 12:30:22.496000,12.91032,12.90638,300,220
2019-04-05 12:30:22.725000,12.91122,12.90728,220,300
2019-04-05 12:30:22.775000,12.91102,12.90678,370,220
2019-04-05 12:30:22.926000,12.91032,12.90648,520,220
2019-04-05 12:30:23.027000,12.91102,12.90728,600,520
2019-04-05 12:30:23.109000,12.91072,12.90678,220,220
2019-04-05 12:30:23.159000,12.91022,12.90658,220,220
2019-04-05 12:30:23.211000,12.91022,12.90638,220,220
2019-04-05 12:30:23.362000,12.90902,12.90538,370,220
2019-04-05 12:30:23.765000,12.90832,12.90485,300,100
2019-04-05 12:30:23.816000,12.90832,12.90458,520,220
2019-04-05 12:30:23.866000,12.90832,12.90528,300,300
2019-04-05 12:30:23.924000,12.90832,12.90465,300,100
2019-04-05 12:30:23.974000,12.90932,12.90578,520,220
2019-04-05 12:30:24.128000,12.90902,12.90498,220,220
2019-04-05 12:30:24.229000,12.90832,12.90498,300,150
2019-04-05 12:30:24.280000,12.90832,12.90488,220,220
2019-04-05 12:30:24.449000,12.90922,12.90528,220,670
2019-04-05 12:30:24.503000,12.90912,12.90538,220,220
2019-04-05 12:30:24.604000,12.90902,12.90538,220,220
2019-04-05 12:30:24.654000,12.90902,12.90528,220,520
2019-04-05 12:30:24.708000,12.90955,12.90505,370,100
2019-04-05 12:30:24.813000,12.90902,12.90578,220,220
2019-04-05 12:30:24.864000,12.90912,12.90538,220,220
2019-04-05 12:30:24.964000,12.90832,12.90475,300,100
2019-04-05 12:30:25.015000,12.90822,12.90458,220,220
2019-04-05 12:30:25.157000,12.90882,12.90528,220,670
2019-04-05 12:30:25.260000,12.90922,12.90548,220,220
2019-04-05 12:30:25.448000,12.90862,12.90538,150,220
2019-04-05 12:30:25.549000,12.90832,12.90458,300,220
2019-04-05 12:30:25.681000,12.90902,12.90528,220,220
2019-04-05 12:30:25.782000,12.90802,12.90438,370,220
2019-04-05 12:30:25.832000,12.90732,12.90358,520,220
2019-04-05 12:30:25.967000,12.90722,12.90358,220,220
2019-04-05 12:30:26.018000,12.90672,12.90288,220,220
2019-04-05 12:30:26.068000,12.90745,12.90378,370,220
2019-04-05 12:30:26.170000,12.90822,12.90438,220,220
2019-04-05 12:30:26.220000,12.90812,12.90438,370,220
2019-04-05 12:30:26.336000,12.90805,12.90448,100,220
2019-04-05 12:30:26.438000,12.90762,12.90378,220,220
2019-04-05 12:30:26.489000,12.90732,12.90338,520,220
2019-04-05 12:30:26.539000,12.90722,12.90338,220,220
2019-04-05 12:30:26.752000,12.90732,12.90348,220,220
2019-04-05 12:30:26.898000,12.90762,12.90348,220,220
2019-04-05 12:30:26.955000,12.90722,12.90338,220,220
2019-04-05 12:30:27.280000,12.90712,12.90328,600,520
2019-04-05 12:30:27.381000,12.90602,12.90238,370,220
2019-04-05 12:30:27.495000,12.90602,12.90298,370,220
2019-04-05 12:30:27.545000,12.90702,12.90338,600,220
2019-04-05 12:30:27.998000,12.90672,12.90338,220,130
2019-04-05 12:30:28.098000,12.90702,12.90338,370,130
2019-04-05 12:30:28.529000,12.90612,12.90328,370,220
2019-04-05 12:30:28.580000,12.90602,12.90238,370,220
2019-04-05 12:30:28.630000,12.90412,12.90048,370,220
2019-04-05 12:30:28.681000,12.90352,12.89968,220,220
2019-04-05 12:30:28.793000,12.90445,12.90028,370,900
2019-04-05 12:30:28.843000,12.90402,12.90038,370,220
2019-04-05 12:30:29.095000,12.90445,12.89985,370,100
2019-04-05 12:30:29.147000,12.90402,12.90038,370,220
2019-04-05 12:30:29.197000,12.90502,12.90128,370,670
2019-04-05 12:30:29.312000,12.90552,12.90188,220,220
2019-04-05 12:30:29.469000,12.90602,12.90228,600,900
2019-04-05 12:30:29.520000,12.90532,12.90188,300,220
2019-04-05 12:30:29.571000,12.90562,12.90148,370,220
2019-04-05 12:30:29.622000,12.90602,12.90158,600,220
2019-04-05 12:30:29.672000,12.90602,12.90238,600,220
2019-04-05 12:30:29.805000,12.90592,12.90238,220,220
2019-04-05 12:30:29.856000,12.90602,12.90238,600,220
2019-04-05 12:30:29.906000,12.90532,12.90175,300,100
2019-04-05 12:30:29.956000,12.90602,12.90228,600,520
2019-04-05 12:30:30.057000,12.90602,12.90238,370,220
2019-04-05 12:30:30.193000,12.90675,12.90338,370,220
2019-04-05 12:30:30.244000,12.90735,12.90255,370,100
2019-04-05 12:30:30.301000,12.90735,12.90285,370,100
2019-04-05 12:30:30.452000,12.90702,12.90338,370,220
2019-04-05 12:30:30.629000,12.90532,12.90148,300,220
2019-04-05 12:30:30.679000,12.90512,12.90138,600,220
2019-04-05 12:30:30.780000,12.90502,12.90138,370,220
2019-04-05 12:30:30.830000,12.90522,12.90138,220,220
2019-04-05 12:30:30.881000,12.90502,12.90128,220,520
2019-04-05 12:30:30.931000,12.90522,12.90138,220,220
2019-04-05 12:30:31.041000,12.90522,12.90158,220,220
2019-04-05 12:30:31.091000,12.90512,12.90128,600,900
2019-04-05 12:30:31.142000,12.90512,12.90148,600,220
2019-04-05 12:30:31.293000,12.90522,12.90168,220,220
2019-04-05 12:30:31.432000,12.90402,12.90038,370,220
2019-04-05 12:30:31.482000,12.90402,12.90048,370,220
2019-04-05 12:30:31.583000,12.90312,12.89948,370,220
2019-04-05 12:30:31.634000,12.90302,12.89928,600,520
2019-04-05 12:30:31.684000,12.90202,12.89838,370,220
2019-04-05 12:30:31.735000,12.90212,12.89838,370,220
2019-04-05 12:30:31.809000,12.90222,12.89838,220,220
2019-04-05 12:30:31.865000,12.90222,12.89848,220,220
2019-04-05 12:30:31.966000,12.90202,12.89838,370,220
2019-04-05 12:30:32.248000,12.90385,12.90028,370,520
2019-04-05 12:30:32.349000,12.90402,12.90038,370,220
2019-04-05 12:30:32.450000,12.90402,12.90048,370,220
2019-04-05 12:30:32.501000,12.90302,12.89938,370,220
2019-04-05 12:30:32.551000,12.90202,12.89838,370,220
2019-04-05 12:30:32.673000,12.90002,12.89638,370,220
2019-04-05 12:30:32.824000,12.90002,12.89665,370,100
2019-04-05 12:30:32.874000,12.90012,12.89638,370,220
2019-04-05 12:30:32.980000,12.90012,12.89648,370,220
2019-04-05 12:30:33.090000,12.90012,12.89638,370,220
2019-04-05 12:30:33.141000,12.90012,12.89648,370,220
2019-04-05 12:30:33.242000,12.90085,12.89738,370,220
2019-04-05 12:30:33.293000,12.90102,12.89738,370,220
2019-04-05 12:30:33.503000,12.90102,12.89748,370,220
2019-04-05 12:30:33.554000,12.90102,12.89738,600,220
2019-04-05 12:30:33.604000,12.90002,12.89638,370,220
2019-04-05 12:30:33.705000,12.90032,12.89668,520,220
2019-04-05 12:30:33.806000,12.90022,12.89678,220,220
2019-04-05 12:30:33.908000,12.90225,12.89928,370,670
2019-04-05 12:30:33.961000,12.90272,12.89945,220,100
2019-04-05 12:30:34.011000,12.90252,12.89928,220,220
2019-04-05 12:30:34.174000,12.90222,12.89858,220,220
2019-04-05 12:30:34.225000,12.90302,12.89938,370,220
2019-04-05 12:30:34.376000,12.90272,12.89928,220,670
2019-04-05 12:30:34.426000,12.90322,12.89968,220,220
2019-04-05 12:30:34.477000,12.90485,12.90128,370,670
2019-04-05 12:30:34.546000,12.90395,12.90128,100,670
2019-04-05 12:30:34.596000,12.90322,12.89988,220,220
2019-04-05 12:30:34.647000,12.90322,12.89968,220,220
2019-04-05 12:30:34.748000,12.90322,12.89958,220,220
2019-04-05 12:30:34.942000,12.90392,12.90038,220,220
2019-04-05 12:30:34.993000,12.90402,12.90038,600,220
2019-04-05 12:30:35.043000,12.90392,12.90038,220,220
2019-04-05 12:30:35.151000,12.90332,12.89968,520,220
2019-04-05 12:30:35.311000,12.90302,12.89938,370,220
2019-04-05 12:30:35.412000,12.90282,12.89938,220,220
2019-04-05 12:30:35.462000,12.90302,12.89938,370,220
2019-04-05 12:30:35.685000,12.90295,12.89938,100,220
2019-04-05 12:30:35.786000,12.90232,12.89878,300,220
2019-04-05 12:30:35.837000,12.90202,12.89798,370,220
2019-04-05 12:30:35.938000,12.90132,12.89768,300,220
2019-04-05 12:30:36.039000,12.90102,12.89798,370,220
2019-04-05 12:30:36.104000,12.90102,12.89738,370,220
2019-04-05 12:30:36.154000,12.90002,12.89638,600,220
2019-04-05 12:30:36.255000,12.90102,12.89758,370,220
2019-04-05 12:30:36.306000,12.90102,12.89738,370,220
2019-04-05 12:30:36.576000,12.90002,12.89648,370,220
2019-04-05 12:30:36.743000,12.90002,12.89728,370,670
2019-04-05 12:30:36.793000,12.90102,12.89738,370,220
2019-04-05 12:30:37.057000,12.90202,12.89828,370,670
2019-04-05 12:30:37.157000,12.90202,12.89838,370,220
2019-04-05 12:30:37.309000,12.90312,12.89928,370,670
2019-04-05 12:30:37.359000,12.90312,12.89938,370,220
2019-04-05 12:30:37.467000,12.90302,12.89948,370,220
2019-04-05 12:30:37.677000,12.90212,12.89848,370,220
2019-04-05 12:30:37.778000,12.90212,12.89838,370,220
2019-04-05 12:30:37.828000,12.90202,12.89848,370,220
2019-04-05 12:30:37.938000,12.90202,12.89858,370,220
2019-04-05 12:30:38.100000,12.90262,12.89898,150,220
2019-04-05 12:30:38.151000,12.90232,12.89878,300,220
2019-04-05 12:30:38.300000,12.90112,12.89798,370,220
2019-04-05 12:30:38.353000,12.90112,12.89758,370,220
2019-04-05 12:30:38.454000,12.90202,12.89828,370,670
2019-04-05 12:30:38.505000,12.90282,12.89928,220,300
2019-04-05 12:30:38.606000,12.90232,12.89868,300,220
2019-04-05 12:30:38.687000,12.90202,12.89848,370,220
2019-04-05 12:30:38.839000,12.90182,12.89828,220,370
2019-04-05 12:30:38.991000,12.90202,12.89828,600,370
2019-04-05 12:30:39.180000,12.90172,12.89828,220,370
2019-04-05 12:30:39.293000,12.90192,12.89828,220,600
2019-04-05 12:30:39.343000,12.90182,12.89838,220,220
2019-04-05 12:30:39.444000,12.90202,12.89908,220,300
2019-04-05 12:30:39.540000,12.90202,12.89848,220,220
2019-04-05 12:30:39.591000,12.90202,12.89828,370,600
2019-04-05 12:30:39.643000,12.90202,12.89838,600,220
2019-04-05 12:30:39.744000,12.90202,12.89848,600,220
2019-04-05 12:30:39.997000,12.90192,12.89848,220,220
2019-04-05 12:30:40.154000,12.90182,12.89828,220,370
2019-04-05 12:30:40.204000,12.90202,12.89848,370,220
2019-04-05 12:30:40.305000,12.90202,12.89828,600,600
2019-04-05 12:30:40.456000,12.90255,12.89928,370,370
2019-04-05 12:30:40.506000,12.90285,12.89928,370,370
2019-04-05 12:30:40.557000,12.90212,12.89868,520,220
2019-04-05 12:30:40.709000,12.90222,12.89908,220,300
2019-04-05 12:30:40.759000,12.90212,12.89858,300,220
2019-04-05 12:30:40.810000,12.90252,12.89878,220,220
2019-04-05 12:30:40.921000,12.90202,12.89828,600,370
2019-04-05 12:30:41.023000,12.90202,12.89838,600,220
2019-04-05 12:30:41.074000,12.90202,12.89828,600,370
2019-04-05 12:30:41.125000,12.90182,12.89828,220,370
2019-04-05 12:30:41.496000,12.90202,12.89828,600,600
2019-04-05 12:30:41.618000,12.90202,12.89848,600,220
2019-04-05 12:30:41.719000,12.90302,12.89938,370,220
2019-04-05 12:30:41.769000,12.90272,12.89918,220,220
2019-04-05 12:30:41.870000,12.90262,12.89918,220,220
2019-04-05 12:30:41.921000,12.90262,12.89878,220,370
2019-04-05 12:30:42.091000,12.90242,12.89878,370,220
2019-04-05 12:30:42.242000,12.90242,12.89918,220,220
2019-04-05 12:30:42.417000,12.90202,12.89848,370,220
2019-04-05 12:30:42.518000,12.90202,12.89828,370,600
2019-04-05 12:30:42.865000,12.90125,12.89828,100,370
2019-04-05 12:30:42.916000,12.90002,12.89668,370,220
2019-04-05 12:30:43.017000,12.90102,12.89738,370,220
2019-04-05 12:30:43.225000,12.90092,12.89728,220,370
2019-04-05 12:30:43.485000,12.90102,12.89728,370,600
2019-04-05 12:30:43.536000,12.90102,12.89758,370,220
2019-04-05 12:30:43.854000,12.90075,12.89758,370,220
2019-04-05 12:30:43.904000,12.89902,12.89518,370,220
2019-04-05 12:30:43.955000,12.89872,12.89518,220,220
2019-04-05 12:30:44.005000,12.89902,12.89528,220,370
2019-04-05 12:30:44.173000,12.89882,12.89518,220,220
2019-04-05 12:30:44.282000,12.89817,12.89518,300,220
2019-04-05 12:30:44.333000,12.89797,12.89428,220,600
2019-04-05 12:30:44.383000,12.89667,12.89428,220,370
2019-04-05 12:30:44.529000,12.89802,12.89428,370,600
2019-04-05 12:30:44.633000,12.89787,12.89428,220,600
2019-04-05 12:30:44.747000,12.89802,12.89428,370,600
2019-04-05 12:30:44.930000,12.89707,12.89348,370,220
2019-04-05 12:30:45.069000,12.89617,12.89268,300,220
2019-04-05 12:30:45.222000,12.89682,12.89328,220,370
2019-04-05 12:30:45.323000,12.89617,12.89278,670,220
2019-04-05 12:30:45.374000,12.89652,12.89288,220,220
2019-04-05 12:30:45.484000,12.89597,12.89228,220,370
2019-04-05 12:30:45.585000,12.89547,12.89218,150,220
2019-04-05 12:30:45.736000,12.89517,12.89158,900,220
2019-04-05 12:30:45.862000,12.89497,12.89118,220,220
2019-04-05 12:30:45.913000,12.89502,12.89208,370,300
2019-04-05 12:30:45.964000,12.89685,12.89328,370,220
2019-04-05 12:30:46.064000,12.89712,12.89408,300,300
2019-04-05 12:30:46.115000,12.89707,12.89328,370,600
2019-04-05 12:30:46.237000,12.89707,12.89345,370,100
2019-04-05 12:30:46.287000,12.89712,12.89348,300,220
2019-04-05 12:30:46.438000,12.89707,12.89328,370,600
2019-04-05 12:30:46.676000,12.89667,12.89308,220,300
2019-04-05 12:30:46.827000,12.89802,12.89428,600,370
2019-04-05 12:30:46.877000,12.89712,12.89388,220,220
2019-04-05 12:30:46.978000,12.89812,12.89428,900,370
2019-04-05 12:30:47.029000,12.89812,12.89458,900,220
2019-04-05 12:30:47.153000,12.89812,12.89448,670,220
2019-04-05 12:30:47.254000,12.89702,12.89328,370,600
2019-04-05 12:30:47.398000,12.89612,12.89318,300,220
2019-04-05 12:30:47.510000,12.89702,12.89328,370,370
2019-04-05 12:30:47.561000,12.89692,12.89278,220,220
2019-04-05 12:30:47.612000,12.89692,12.89328,220,370
2019-04-05 12:30:47.662000,12.89702,12.89328,600,370
2019-04-05 12:30:47.777000,12.89702,12.89358,600,220
2019-04-05 12:30:47.827000,12.89702,12.89338,600,220
2019-04-05 12:30:47.941000,12.89712,12.89348,900,220
2019-04-05 12:30:48.135000,12.89702,12.89348,370,220
2019-04-05 12:30:48.185000,12.89812,12.89428,900,370
2019-04-05 12:30:48.236000,12.89782,12.89428,220,600
2019-04-05 12:30:48.286000,12.89802,12.89438,370,220
2019-04-05 12:30:48.337000,12.89802,12.89428,370,370
2019-04-05 12:30:48.576000,12.89802,12.89438,370,220
2019-04-05 12:30:48.627000,12.89802,12.89428,370,370
2019-04-05 12:30:48.677000,12.89712,12.89408,300,220
2019-04-05 12:30:48.727000,12.89702,12.89338,370,220
2019-04-05 12:30:48.850000,12.89702,12.89318,600,220
2019-04-05 12:30:48.901000,12.89702,12.89328,370,600
2019-04-05 12:30:49.532000,12.89752,12.89348,220,220
2019-04-05 12:30:49.633000,12.89732,12.89408,220,300
2019-04-05 12:30:49.684000,12.89785,12.89408,100,300
2019-04-05 12:30:49.734000,12.89805,12.89428,370,370
2019-04-05 12:30:49.785000,12.89812,12.89428,520,370
2019-04-05 12:30:49.881000,12.89812,12.89458,520,220
2019-04-05 12:30:49.982000,12.89892,12.89518,220,220
2019-04-05 12:30:50.159000,12.89852,12.89468,220,220
2019-04-05 12:30:50.209000,12.89812,12.89508,300,300
2019-04-05 12:30:50.310000,12.90002,12.89628,600,600
2019-04-05 12:30:50.964000,12.89965,12.89628,100,600
2019-04-05 12:30:51.017000,12.89912,12.89548,900,220
2019-04-05 12:30:51.157000,12.89912,12.89558,900,220
2019-04-05 12:30:51.258000,12.89912,12.89578,520,220
2019-04-05 12:30:51.374000,12.89912,12.89558,900,220
2019-04-05 12:30:51.503000,12.89902,12.89558,370,220
2019-04-05 12:30:51.553000,12.89912,12.89558,520,220
2019-04-05 12:30:51.654000,12.89902,12.89558,370,220
2019-04-05 12:30:51.789000,12.89912,12.89568,520,220
2019-04-05 12:30:51.881000,12.89912,12.89548,900,220
2019-04-05 12:30:51.933000,12.89902,12.89548,370,220
2019-04-05 12:30:52.034000,12.89812,12.89458,520,220
2019-04-05 12:30:52.185000,12.89802,12.89468,370,220
2019-04-05 12:30:52.236000,12.89802,12.89448,370,220
2019-04-05 12:30:52.349000,12.89802,12.89428,370,600
2019-04-05 12:30:52.399000,12.89802,12.89438,370,220
2019-04-05 12:30:52.521000,12.89812,12.89508,300,300
2019-04-05 12:30:52.571000,12.89802,12.89458,370,220
2019-04-05 12:30:53.025000,12.89842,12.89528,220,370
2019-04-05 12:30:53.230000,12.89902,12.89528,600,600
2019-04-05 12:30:53.432000,12.89882,12.89528,220,370
2019-04-05 12:30:53.532000,12.89892,12.89528,220,370
2019-04-05 12:30:53.583000,12.89902,12.89548,370,220
2019-04-05 12:30:53.633000,12.89902,12.89528,370,370
2019-04-05 12:30:53.782000,12.89902,12.89578,370,220
2019-04-05 12:30:53.884000,12.89902,12.89538,600,220
2019-04-05 12:30:54.053000,12.89812,12.89518,300,220
2019-04-05 12:30:54.104000,12.89812,12.89438,670,220
2019-04-05 12:30:54.154000,12.89802,12.89428,370,370
2019-04-05 12:30:55.051000,12.89702,12.89328,370,600
2019-04-05 12:30:55.154000,12.89692,12.89328,220,600
2019-04-05 12:30:55.486000,12.89702,12.89328,370,370
2019-04-05 12:30:55.537000,12.89705,12.89428,100,370
2019-04-05 12:30:55.594000,12.89725,12.89428,100,370
2019-04-05 12:30:55.645000,12.89772,12.89428,220,370
2019-04-05 12:30:55.804000,12.89792,12.89428,220,370
2019-04-05 12:30:56.012000,12.89802,12.89428,370,370
2019-04-05 12:30:56.271000,12.89902,12.89528,370,370
2019-04-05 12:30:56.950000,12.89812,12.89458,220,220
2019-04-05 12:30:57.053000,12.89812,12.89428,900,600
2019-04-05 12:30:57.103000,12.89812,12.89438,520,220
2019-04-05 12:30:57.339000,12.89902,12.89528,370,370
2019-04-05 12:30:57.736000,12.89872,12.89528,220,370
2019-04-05 12:30:57.839000,12.89812,12.89488,300,220
2019-04-05 12:30:57.939000,12.89912,12.89538,600,220
2019-04-05 12:30:57.990000,12.89972,12.89628,220,370
2019-04-05 12:30:58.040000,12.89982,12.89628,220,370
2019-04-05 12:30:58.141000,12.90002,12.89638,370,220
2019-04-05 12:30:58.283000,12.90002,12.89628,370,370
2019-04-05 12:30:58.701000,12.89902,12.89555,370,100
2019-04-05 12:30:58.752000,12.89902,12.89538,370,220
2019-04-05 12:30:58.925000,12.89902,12.89548,370,220
2019-04-05 12:30:59.230000,12.89892,12.89538,220,220
2019-04-05 12:30:59.356000,12.89882,12.89538,220,220
2019-04-05 12:30:59.406000,12.89812,12.89458,520,220
2019-04-05 12:30:59.456000,12.89655,12.89308,100,220
2019-04-05 12:30:59.578000,12.89502,12.89148,750,220
2019-04-05 12:30:59.882000,12.89402,12.89038,370,370
2019-04-05 12:30:59.988000,12.89282,12.88918,220,220
2019-04-05 12:31:00.089000,12.89352,12.88978,220,220
2019-04-05 12:31:00.139000,12.89312,12.88958,220,220
2019-04-05 12:31:00.240000,12.89392,12.89038,220,370
2019-04-05 12:31:00.354000,12.89412,12.89048,520,220
2019-04-05 12:31:00.455000,12.89412,12.89078,220,220
2019-04-05 12:31:00.606000,12.89402,12.89048,370,220
2019-04-05 12:31:00.657000,12.89312,12.88978,300,150
2019-04-05 12:31:00.759000,12.89322,12.88978,220,370
2019-04-05 12:31:00.810000,12.89312,12.88978,520,150
2019-04-05 12:31:00.860000,12.89402,12.89038,750,370
2019-04-05 12:31:01.086000,12.89602,12.89208,600,300
2019-04-05 12:31:01.136000,12.89602,12.89228,970,220
2019-04-05 12:31:01.268000,12.89622,12.89278,220,220
2019-04-05 12:31:01.319000,12.89612,12.89245,300,100
2019-04-05 12:31:01.369000,12.89602,12.89238,750,370
2019-04-05 12:31:01.470000,12.89402,12.89115,370,100
2019-04-05 12:31:01.521000,12.89472,12.89108,220,300
2019-04-05 12:31:01.621000,12.89502,12.89138,750,370
2019-04-05 12:31:02.159000,12.89502,12.89168,750,220
2019-04-05 12:31:02.231000,12.89502,12.89138,750,370
2019-04-05 12:31:02.483000,12.89492,12.89138,220,370
2019-04-05 12:31:02.533000,12.89402,12.89038,750,370
2019-04-05 12:31:02.671000,12.89412,12.89078,520,220
2019-04-05 12:31:02.721000,12.89412,12.89038,520,370
2019-04-05 12:31:02.958000,12.89402,12.89068,750,220
2019-04-05 12:31:03.009000,12.89402,12.89038,370,370
2019-04-05 12:31:03.281000,12.89402,12.89068,750,220
2019-04-05 12:31:03.332000,12.89482,12.89108,220,300
2019-04-05 12:31:03.382000,12.89472,12.89118,220,220
2019-04-05 12:31:03.535000,12.89462,12.89118,220,220
2019-04-05 12:31:03.636000,12.89482,12.89138,220,370
2019-04-05 12:31:03.828000,12.89402,12.89078,750,370
2019-04-05 12:31:03.878000,12.89412,12.89078,220,370
2019-04-05 12:31:03.929000,12.89402,12.89078,370,370
2019-04-05 12:31:03.980000,12.89402,12.89038,370,370
2019-04-05 12:31:04.529000,12.89402,12.89068,750,220
2019-04-05 12:31:04.590000,12.89402,12.89038,750,370
2019-04-05 12:31:04.975000,12.89302,12.88978,370,220
2019-04-05 12:31:05.025000,12.89392,12.89038,220,370
2019-04-05 12:31:05.076000,12.89392,12.89048,220,220
2019-04-05 12:31:05.126000,12.89392,12.89038,220,370
2019-04-05 12:31:05.180000,12.89402,12.89038,750,370
2019-04-05 12:31:05.299000,12.89302,12.89058,370,220
2019-04-05 12:31:05.349000,12.89302,12.88938,750,600
2019-04-05 12:31:05.400000,12.89312,12.88938,520,370
2019-04-05 12:31:05.567000,12.89202,12.88838,370,370
2019-04-05 12:31:05.930000,12.89262,12.88938,220,370
2019-04-05 12:31:05.980000,12.89202,12.88868,370,220
2019-04-05 12:31:06.031000,12.89202,12.88838,750,370
2019-04-05 12:31:06.081000,12.89212,12.88908,220,300
2019-04-05 12:31:06.132000,12.89212,12.88838,520,370
2019-04-05 12:31:06.242000,12.89212,12.88908,300,300
2019-04-05 12:31:06.293000,12.89262,12.88908,220,220
2019-04-05 12:31:06.393000,12.89212,12.88848,300,220
2019-04-05 12:31:06.604000,12.89202,12.88838,370,370
2019-04-05 12:31:06.805000,12.89272,12.88938,220,370
2019-04-05 12:31:06.856000,12.89252,12.88908,220,520
2019-04-05 12:31:06.970000,12.89202,12.88848,750,220
2019-04-05 12:31:07.021000,12.89232,12.88938,220,370
2019-04-05 12:31:07.071000,12.89262,12.88918,220,220
2019-04-05 12:31:07.122000,12.89262,12.88908,220,520
2019-04-05 12:31:07.186000,12.89262,12.88918,220,220
2019-04-05 12:31:07.238000,12.89242,12.88838,370,370
2019-04-05 12:31:07.302000,12.89242,12.88858,220,220
2019-04-05 12:31:07.503000,12.89242,12.88838,220,370
2019-04-05 12:31:07.554000,12.89302,12.88938,750,370
2019-04-05 12:31:07.674000,12.89392,12.89038,220,370
2019-04-05 12:31:07.725000,12.89312,12.88938,300,370
2019-04-05 12:31:07.775000,12.89302,12.88938,750,370
2019-04-05 12:31:07.826000,12.89302,12.88918,970,220
2019-04-05 12:31:07.926000,12.89302,12.88938,750,370
2019-04-05 12:31:08.061000,12.89302,12.88958,370,220
2019-04-05 12:31:08.112000,12.89392,12.89038,220,370
2019-04-05 12:31:08.289000,12.89312,12.88938,520,370
2019-04-05 12:31:08.339000,12.89312,12.88968,520,220
2019-04-05 12:31:08.440000,12.89372,12.89008,220,300
2019-04-05 12:31:08.547000,12.89372,12.89018,220,220
2019-04-05 12:31:08.726000,12.89302,12.88938,750,370
2019-04-05 12:31:08.827000,12.89282,12.88918,220,220
2019-04-05 12:31:08.878000,12.89272,12.88878,220,150
2019-04-05 12:31:09.073000,12.89262,12.88878,220,150
2019-04-05 12:31:09.174000,12.89212,12.88838,520,370
2019-04-05 12:31:09.275000,12.89212,12.88878,220,370
2019-04-05 12:31:09.438000,12.89282,12.88918,220,220
2019-04-05 12:31:09.488000,12.89262,12.88918,220,220
2019-04-05 12:31:09.589000,12.89212,12.88878,520,370
2019-04-05 12:31:09.690000,12.89202,12.88858,750,220
2019-04-05 12:31:09.741000,12.89202,12.88838,750,370
2019-04-05 12:31:09.846000,12.89102,12.88758,370,220
2019-04-05 12:31:09.897000,12.89112,12.88758,520,220
2019-04-05 12:31:09.947000,12.89102,12.88758,370,220
2019-04-05 12:31:10.153000,12.89102,12.88738,750,370
2019-04-05 12:31:10.389000,12.89012,12.88708,300,300
2019-04-05 12:31:10.439000,12.89092,12.88718,220,220
2019-04-05 12:31:10.490000,12.89092,12.88738,220,370
2019-04-05 12:31:10.576000,12.89102,12.88738,750,370
2019-04-05 12:31:10.704000,12.89012,12.88648,520,220
2019-04-05 12:31:10.808000,12.89002,12.88648,370,220
2019-04-05 12:31:10.858000,12.89012,12.88648,520,220
2019-04-05 12:31:11.052000,12.89002,12.88648,370,220
2019-04-05 12:31:11.206000,12.89002,12.88638,750,600
2019-04-05 12:31:11.506000,12.88902,12.88598,370,220
2019-04-05 12:31:11.557000,12.88902,12.88518,970,220
2019-04-05 12:31:11.607000,12.88902,12.88538,970,370
2019-04-05 12:31:12.090000,12.88882,12.88508,220,300
2019-04-05 12:31:12.232000,12.88902,12.88538,970,370
2019-04-05 12:31:12.503000,12.88872,12.88538,220,370
2019-04-05 12:31:12.663000,12.88902,12.88538,750,600
2019-04-05 12:31:12.758000,12.88902,12.88595,750,100
2019-04-05 12:31:12.809000,12.89002,12.88638,750,370
2019-04-05 12:31:12.910000,12.88902,12.88548,370,220
2019-04-05 12:31:13.061000,12.89002,12.88638,970,370
2019-04-05 12:31:13.192000,12.88912,12.88675,300,100
2019-04-05 12:31:13.242000,12.89102,12.88748,750,220
2019-04-05 12:31:13.293000,12.89012,12.88668,520,220
2019-04-05 12:31:13.394000,12.89002,12.88648,370,220
2019-04-05 12:31:13.445000,12.88912,12.88558,300,220
2019-04-05 12:31:13.545000,12.88912,12.88548,520,220
2019-04-05 12:31:13.657000,12.89002,12.88638,750,600
2019-04-05 12:31:13.758000,12.89102,12.88738,750,370
2019-04-05 12:31:13.909000,12.88972,12.88568,220,220
2019-04-05 12:31:14.010000,12.88902,12.88588,370,220
2019-04-05 12:31:14.111000,12.88962,12.88638,220,370
2019-04-05 12:31:14.220000,12.88972,12.88598,220,220
2019-04-05 12:31:14.270000,12.88902,12.88598,370,220
2019-04-05 12:31:14.422000,12.88812,12.88538,300,370
2019-04-05 12:31:14.472000,12.88902,12.88538,970,370
2019-04-05 12:31:14.523000,12.88912,12.88538,520,370
2019-04-05 12:31:14.574000,12.88912,12.88568,520,220
2019-04-05 12:31:14.694000,12.88902,12.88548,370,220
2019-04-05 12:31:14.795000,12.88902,12.88538,750,370
2019-04-05 12:31:14.946000,12.88882,12.88538,220,370
2019-04-05 12:31:14.996000,12.88902,12.88538,750,370
2019-04-05 12:31:15.046000,12.88852,12.88538,220,370
2019-04-05 12:31:15.097000,12.88882,12.88538,220,370
2019-04-05 12:31:15.233000,12.88902,12.88538,750,600
2019-04-05 12:31:15.334000,12.88872,12.88538,220,370
2019-04-05 12:31:15.452000,12.88842,12.88508,220,520
2019-04-05 12:31:15.553000,12.88802,12.88458,370,220
2019-04-05 12:31:15.721000,12.88802,12.88438,750,600
2019-04-05 12:31:15.822000,12.88902,12.88528,750,300
2019-04-05 12:31:15.872000,12.88952,12.88638,220,370
2019-04-05 12:31:15.923000,12.89002,12.88638,750,370
2019-04-05 12:31:15.974000,12.89002,12.88648,750,220
2019-04-05 12:31:16.025000,12.89102,12.88728,970,520
2019-04-05 12:31:16.189000,12.89102,12.88738,750,370
2019-04-05 12:31:16.290000,12.89002,12.88648,370,220
2019-04-05 12:31:16.442000,12.88992,12.88638,220,370
2019-04-05 12:31:16.492000,12.89002,12.88638,750,370
2019-04-05 12:31:16.543000,12.89002,12.88648,750,220
2019-04-05 12:31:16.676000,12.88902,12.88548,370,220
2019-04-05 12:31:16.777000,12.88865,12.88548,100,220
2019-04-05 12:31:16.828000,12.88802,12.88448,370,220
2019-04-05 12:31:16.928000,12.88802,12.88428,750,520
2019-04-05 12:31:16.979000,12.88802,12.88438,970,370
2019-04-05 12:31:17.143000,12.88722,12.88388,220,220
2019-04-05 12:31:17.244000,12.88722,12.88368,220,220
2019-04-05 12:31:17.344000,12.88702,12.88338,970,370
2019-04-05 12:31:17.539000,12.88702,12.88348,750,220
2019-04-05 12:31:17.645000,12.88732,12.88428,300,300
2019-04-05 12:31:17.696000,12.88802,12.88428,970,520
2019-04-05 12:31:17.746000,12.88802,12.88438,750,600
2019-04-05 12:31:17.847000,12.88802,12.88448,750,220
2019-04-05 12:31:17.897000,12.88802,12.88438,750,370
2019-04-05 12:31:18.139000,12.88802,12.88458,750,220
2019-04-05 12:31:18.295000,12.88802,12.88438,750,600
2019-04-05 12:31:18.396000,12.88752,12.88438,220,370
2019-04-05 12:31:18.446000,12.88782,12.88438,220,370
2019-04-05 12:31:18.522000,12.88702,12.88338,370,370
2019-04-05 12:31:18.623000,12.88702,12.88358,750,220
2019-04-05 12:31:18.724000,12.88732,12.88438,300,370
2019-04-05 12:31:18.774000,12.88802,12.88438,750,370
2019-04-05 12:31:18.981000,12.88792,12.88428,220,520
2019-04-05 12:31:19.243000,12.88762,12.88428,220,520
2019-04-05 12:31:19.344000,12.88792,12.88438,220,370
2019-04-05 12:31:19.803000,12.88782,12.88438,220,370
2019-04-05 12:31:20.115000,12.88772,12.88438,220,370
2019-04-05 12:31:20.262000,12.88765,12.88438,100,370
2019-04-05 12:31:20.312000,12.88732,12.88338,300,370
2019-04-05 12:31:20.668000,12.88782,12.88428,220,520
2019-04-05 12:31:20.798000,12.88755,12.88428,100,300
2019-04-05 12:31:20.848000,12.88792,12.88428,220,300
2019-04-05 12:31:20.949000,12.88702,12.88338,750,370
2019-04-05 12:31:21.050000,12.88752,12.88368,370,220
2019-04-05 12:31:21.151000,12.88792,12.88438,220,370
2019-04-05 12:31:21.325000,12.88782,12.88428,220,300
2019-04-05 12:31:21.471000,12.88782,12.88438,220,370
2019-04-05 12:31:21.521000,12.88802,12.88438,970,370
2019-04-05 12:31:21.622000,12.88792,12.88438,220,370
2019-04-05 12:31:21.673000,12.88802,12.88438,750,370
2019-04-05 12:31:21.774000,12.88782,12.88428,220,520
2019-04-05 12:31:21.875000,12.88802,12.88438,970,370
2019-04-05 12:31:21.975000,12.88802,12.88488,750,220
2019-04-05 12:31:22.076000,12.88802,12.88468,750,220
2019-04-05 12:31:22.127000,12.88822,12.88478,220,220
2019-04-05 12:31:22.228000,12.88802,12.88458,750,220
2019-04-05 12:31:22.530000,12.88782,12.88438,220,600
2019-04-05 12:31:22.581000,12.88812,12.88448,220,220
2019-04-05 12:31:22.631000,12.88702,12.88338,750,370
2019-04-05 12:31:22.798000,12.88672,12.88338,220,370
2019-04-05 12:31:23.317000,12.88682,12.88338,220,370
2019-04-05 12:31:23.424000,12.88602,12.88268,370,220
2019-04-05 12:31:23.921000,12.88592,12.88238,220,370
2019-04-05 12:31:23.972000,12.88522,12.88148,220,220
2019-04-05 12:31:24.022000,12.88502,12.88208,370,220
2019-04-05 12:31:24.286000,12.88535,12.88198,100,150
2019-04-05 12:31:24.388000,12.88572,12.88228,220,520
2019-04-05 12:31:24.439000,12.88585,12.88238,100,370
2019-04-05 12:31:24.743000,12.88552,12.88228,220,300
2019-04-05 12:31:24.793000,12.88552,12.88218,220,220
2019-04-05 12:31:24.844000,12.88552,12.88228,220,300
2019-04-05 12:31:24.945000,12.88585,12.88228,100,300
2019-04-05 12:31:25.064000,12.88572,12.88228,220,520
2019-04-05 12:31:25.114000,12.88585,12.88228,100,520
2019-04-05 12:31:25.215000,12.88632,12.88268,300,220
2019-04-05 12:31:25.265000,12.88622,12.88298,220,220
2019-04-05 12:31:25.367000,12.88602,12.88298,370,220
2019-04-05 12:31:25.514000,12.88602,12.88268,370,220
2019-04-05 12:31:25.795000,12.88675,12.88328,100,300
2019-04-05 12:31:25.846000,12.88675,12.88338,100,370
2019-04-05 12:31:25.896000,12.88685,12.88338,100,370
2019-04-05 12:31:26.240000,12.88695,12.88338,100,370
2019-04-05 12:31:26.461000,12.88802,12.88428,750,300
2019-04-05 12:31:26.511000,12.88752,12.88438,220,370
2019-04-05 12:31:26.562000,12.88702,12.88358,370,220
2019-04-05 12:31:26.612000,12.88702,12.88368,370,220
2019-04-05 12:31:26.813000,12.88732,12.88378,520,220
2019-04-05 12:31:26.864000,12.88722,12.88378,220,220
2019-04-05 12:31:27.052000,12.88795,12.88428,100,300
2019-04-05 12:31:27.103000,12.88752,12.88428,220,300
2019-04-05 12:31:27.153000,12.88802,12.88438,750,370
2019-04-05 12:31:27.204000,12.88782,12.88438,220,370
2019-04-05 12:31:27.305000,12.88772,12.88418,220,220
2019-04-05 12:31:27.443000,12.88802,12.88428,750,520
2019-04-05 12:31:27.493000,12.88802,12.88438,750,370
2019-04-05 12:31:27.594000,12.88802,12.88428,750,300
2019-04-05 12:31:27.695000,12.88732,12.88428,520,300
2019-04-05 12:31:27.746000,12.88802,12.88448,750,220
2019-04-05 12:31:27.913000,12.88802,12.88438,750,370
2019-04-05 12:31:28.335000,12.88822,12.88468,220,220
2019-04-05 12:31:28.507000,12.88802,12.88458,750,220
2019-04-05 12:31:28.889000,12.88702,12.88438,370,370
2019-04-05 12:31:28.939000,12.88802,12.88458,750,220
2019-04-05 12:31:28.990000,12.88732,12.88358,300,220
2019-04-05 12:31:29.040000,12.88722,12.88388,220,220
2019-04-05 12:31:29.191000,12.88762,12.88388,150,220
2019-04-05 12:31:29.242000,12.88802,12.88438,750,370
2019-04-05 12:31:29.824000,12.88802,12.88448,750,220
2019-04-05 12:31:29.931000,12.88832,12.88448,300,220
2019-04-05 12:31:29.983000,12.88802,12.88458,370,220
2019-04-05 12:31:30.152000,12.88902,12.88538,750,370
2019-04-05 12:31:30.202000,12.88902,12.88568,750,220
2019-04-05 12:31:30.615000,12.88902,12.88548,750,220
2019-04-05 12:31:30.785000,12.88902,12.88568,750,220
2019-04-05 12:31:30.849000,12.88902,12.88548,750,220
2019-04-05 12:31:31.046000,12.88995,12.88628,100,520
2019-04-05 12:31:31.147000,12.88932,12.88578,300,220
2019-04-05 12:31:31.248000,12.89002,12.88638,750,370
2019-04-05 12:31:31.298000,12.88972,12.88638,220,370
2019-04-05 12:31:31.349000,12.89002,12.88638,750,600
2019-04-05 12:31:31.828000,12.89002,12.88648,750,220
2019-04-05 12:31:31.990000,12.89002,12.88658,750,220
2019-04-05 12:31:32.106000,12.89102,12.88728,750,300
2019-04-05 12:31:32.206000,12.89102,12.88738,750,370
2019-04-05 12:31:32.398000,12.89072,12.88738,220,370
2019-04-05 12:31:32.449000,12.89102,12.88738,750,370
2019-04-05 12:31:32.499000,12.89102,12.88748,750,220
2019-04-05 12:31:32.615000,12.89122,12.88758,220,220
2019-04-05 12:31:32.708000,12.89122,12.88765,220,100
2019-04-05 12:31:32.809000,12.89202,12.88868,750,220
2019-04-05 12:31:33,12.89252,12.88888,220,220
2019-04-05 12:31:33.051000,12.89292,12.88928,220,300
2019-04-05 12:31:33.175000,12.89302,12.88938,750,600
2019-04-05 12:31:33.335000,12.89302,12.88958,750,220
2019-04-05 12:31:33.498000,12.89382,12.89028,220,300
2019-04-05 12:31:33.647000,12.89402,12.89038,750,370
2019-04-05 12:31:33.697000,12.89402,12.89058,750,220
2019-04-05 12:31:33.748000,12.89402,12.89038,750,600
2019-04-05 12:31:33.818000,12.89402,12.89048,750,220
2019-04-05 12:31:33.919000,12.89392,12.89048,220,220
2019-04-05 12:31:33.973000,12.89402,12.89048,750,220
2019-04-05 12:31:34.023000,12.89422,12.89068,220,220
2019-04-05 12:31:34.114000,12.89485,12.88965,100,100
2019-04-05 12:31:34.164000,12.89502,12.89168,750,220
2019-04-05 12:31:34.266000,12.89532,12.89188,300,220
2019-04-05 12:31:34.316000,12.89522,12.89188,220,220
2019-04-05 12:31:34.417000,12.89502,12.89168,750,220
2019-04-05 12:31:34.755000,12.89502,12.89148,750,220
2019-04-05 12:31:34.904000,12.89502,12.89158,750,220
2019-04-05 12:31:34.960000,12.89522,12.89168,220,220
2019-04-05 12:31:35.011000,12.89562,12.89178,370,220
2019-04-05 12:31:35.112000,12.89522,12.89178,220,220
2019-04-05 12:31:35.213000,12.89602,12.89238,750,370
2019-04-05 12:31:35.551000,12.89582,12.89238,220,600
2019-04-05 12:31:35.602000,12.89602,12.89238,750,600
2019-04-05 12:31:35.754000,12.89602,12.89248,750,220
2019-04-05 12:31:35.894000,12.89582,12.89238,220,370
2019-04-05 12:31:35.944000,12.89602,12.89238,750,370
2019-04-05 12:31:36.354000,12.89602,12.89248,750,220
2019-04-05 12:31:36.506000,12.89642,12.89328,220,300
2019-04-05 12:31:36.557000,12.89642,12.89288,220,220
2019-04-05 12:31:36.658000,12.89662,12.89328,150,300
2019-04-05 12:31:36.768000,12.89602,12.89278,370,220
2019-04-05 12:31:36.818000,12.89622,12.89278,220,220
2019-04-05 12:31:36.869000,12.89602,12.89278,370,220
2019-04-05 12:31:36.970000,12.89622,12.89258,220,220
2019-04-05 12:31:37.020000,12.89602,12.89258,370,220
2019-04-05 12:31:37.071000,12.89602,12.89238,750,600
2019-04-05 12:31:37.189000,12.89565,12.89238,100,600
2019-04-05 12:31:37.239000,12.89502,12.89158,750,220
2019-04-05 12:31:37.366000,12.89502,12.89168,750,220
2019-04-05 12:31:37.517000,12.89602,12.89238,750,370
2019-04-05 12:31:37.633000,12.89595,12.89238,100,370
2019-04-05 12:31:37.734000,12.89502,12.89178,750,220
2019-04-05 12:31:38.205000,12.89402,12.89058,370,220
2019-04-05 12:31:38.256000,12.89402,12.89068,750,220
2019-04-05 12:31:38.385000,12.89402,12.89048,750,220
2019-04-05 12:31:38.435000,12.89302,12.89008,370,220
2019-04-05 12:31:38.519000,12.89272,12.88938,220,370
2019-04-05 12:31:38.570000,12.89132,12.88895,300,370
2019-04-05 12:31:38.620000,12.89202,12.88838,750,220
2019-04-05 12:31:38.671000,12.89175,12.88825,100,370
2019-04-05 12:31:39.031000,12.89122,12.88778,220,220
2019-04-05 12:31:39.263000,12.89132,12.88788,220,220
2019-04-05 12:31:39.363000,12.89202,12.88828,750,300
2019-04-05 12:31:39.464000,12.89202,12.88838,750,600
2019-04-05 12:31:39.742000,12.89132,12.88828,300,520
2019-04-05 12:31:39.792000,12.89202,12.88828,750,520
2019-04-05 12:31:39.952000,12.89102,12.88758,750,220
2019-04-05 12:31:40.277000,12.89062,12.88758,220,220
2019-04-05 12:31:40.404000,12.89102,12.88758,750,220
2019-04-05 12:31:40.615000,12.89182,12.88828,220,520
2019-04-05 12:31:40.892000,12.89172,12.88818,220,220
2019-04-05 12:31:41.043000,12.89192,12.88828,220,520
2019-04-05 12:31:41.094000,12.89202,12.88838,750,370
2019-04-05 12:31:41.354000,12.89202,12.88848,750,220
2019-04-05 12:31:41.404000,12.89202,12.88838,750,600
2019-04-05 12:31:41.525000,12.89202,12.88858,750,220
2019-04-05 12:31:41.772000,12.89202,12.88838,750,600
2019-04-05 12:31:41.823000,12.89202,12.88848,750,220
2019-04-05 12:31:41.873000,12.89202,12.88838,750,370
2019-04-05 12:31:41.998000,12.89202,12.88848,750,220
2019-04-05 12:31:42.099000,12.89202,12.88838,750,600
2019-04-05 12:31:42.810000,12.89222,12.88878,220,220
2019-04-05 12:31:42.860000,12.89222,12.88858,220,220
2019-04-05 12:31:42.911000,12.89302,12.88938,750,370
2019-04-05 12:31:43.013000,12.89342,12.88998,220,150
2019-04-05 12:31:43.063000,12.89382,12.89028,220,520
2019-04-05 12:31:43.114000,12.89382,12.89038,220,370
2019-04-05 12:31:43.300000,12.89402,12.89038,970,370
2019-04-05 12:31:43.351000,12.89362,12.89038,220,370
2019-04-05 12:31:43.451000,12.89402,12.89048,750,220
2019-04-05 12:31:43.552000,12.89502,12.89128,970,520
2019-04-05 12:31:43.634000,12.89502,12.89128,970,530
2019-04-05 12:31:43.734000,12.89582,12.89228,220,520
2019-04-05 12:31:43.880000,12.89562,12.89228,220,300
2019-04-05 12:31:43.930000,12.89582,12.89238,220,370
2019-04-05 12:31:43.981000,12.89572,12.89238,220,370
2019-04-05 12:31:44.211000,12.89602,12.89258,750,220
2019-04-05 12:31:44.362000,12.89602,12.89238,750,600
2019-04-05 12:31:44.563000,12.89602,12.89248,970,220
2019-04-05 12:31:44.708000,12.89602,12.89238,970,600
2019-04-05 12:31:44.820000,12.89602,12.89248,970,220
2019-04-05 12:31:45.035000,12.89602,12.89238,750,600
2019-04-05 12:31:45.145000,12.89602,12.89248,750,220
2019-04-05 12:31:45.279000,12.89602,12.89258,750,220
2019-04-05 12:31:45.389000,12.89602,12.89268,750,220
2019-04-05 12:31:45.655000,12.89592,12.89248,220,220
2019-04-05 12:31:45.764000,12.89582,12.89238,220,370
2019-04-05 12:31:46.241000,12.89602,12.89258,970,220
2019-04-05 12:31:46.342000,12.89502,12.89158,370,220
2019-04-05 12:31:46.818000,12.89502,12.89138,750,600
2019-04-05 12:31:46.868000,12.89502,12.89158,750,220
2019-04-05 12:31:46.970000,12.89602,12.89228,750,300
2019-04-05 12:31:47.020000,12.89572,12.89228,220,520
2019-04-05 12:31:47.071000,12.89602,12.89238,750,370
2019-04-05 12:31:47.445000,12.89602,12.89248,750,220
2019-04-05 12:31:47.496000,12.89602,12.89238,750,370
2019-04-05 12:31:47.622000,12.89602,12.89248,750,220
2019-04-05 12:31:47.722000,12.89602,12.89238,750,600
2019-04-05 12:31:47.816000,12.89532,12.89188,300,220
2019-04-05 12:31:47.867000,12.89502,12.89138,750,600
2019-04-05 12:31:48.041000,12.89502,12.89148,750,220
2019-04-05 12:31:48.142000,12.89502,12.89168,750,220
2019-04-05 12:31:48.480000,12.89502,12.89148,750,220
2019-04-05 12:31:48.660000,12.89402,12.89038,370,370
2019-04-05 12:31:48.711000,12.89402,12.89058,750,220
2019-04-05 12:31:49.102000,12.89482,12.89128,220,520
2019-04-05 12:31:49.152000,12.89482,12.89138,220,370
2019-04-05 12:31:49.253000,12.89502,12.89138,970,370
2019-04-05 12:31:49.354000,12.89502,12.89148,750,220
2019-04-05 12:31:49.515000,12.89502,12.89168,750,220
2019-04-05 12:31:49.670000,12.89502,12.89138,750,600
2019-04-05 12:31:49.955000,12.89562,12.89228,150,300
2019-04-05 12:31:50.081000,12.89502,12.89158,370,220
2019-04-05 12:31:50.132000,12.89502,12.89168,370,220
2019-04-05 12:31:50.283000,12.89592,12.89238,220,370
2019-04-05 12:31:50.334000,12.89582,12.89238,220,370
2019-04-05 12:31:50.755000,12.89602,12.89238,750,370
2019-04-05 12:31:50.846000,12.89592,12.89238,220,370
2019-04-05 12:31:52.073000,12.89562,12.89238,220,370
2019-04-05 12:31:52.174000,12.89592,12.89238,220,370
2019-04-05 12:31:52.407000,12.89532,12.89228,300,300
2019-04-05 12:31:52.457000,12.89562,12.89228,370,520
2019-04-05 12:31:52.631000,12.89582,12.89238,220,370
2019-04-05 12:31:52.835000,12.89602,12.89258,370,220
2019-04-05 12:31:52.885000,12.89602,12.89238,750,600
2019-04-05 12:31:52.986000,12.89602,12.89248,970,220
2019-04-05 12:31:53.333000,12.89602,12.89238,750,600
2019-04-05 12:31:53.575000,12.89602,12.89258,750,220
2019-04-05 12:31:53.643000,12.89592,12.89238,220,600
2019-04-05 12:31:53.744000,12.89602,12.89258,750,220
2019-04-05 12:31:54.350000,12.89602,12.89238,750,370
2019-04-05 12:31:54.453000,12.89702,12.89338,750,600
2019-04-05 12:31:54.665000,12.89602,12.89258,750,220
2019-04-05 12:31:55.046000,12.89502,12.89138,750,370
2019-04-05 12:31:55.130000,12.89492,12.89138,220,370
2019-04-05 12:31:55.231000,12.89582,12.89228,220,520
2019-04-05 12:31:55.623000,12.89602,12.89238,970,370
2019-04-05 12:31:55.801000,12.89592,12.89238,220,370
2019-04-05 12:31:56.048000,12.89602,12.89238,750,370
2019-04-05 12:31:56.181000,12.89602,12.89245,970,100
2019-04-05 12:31:56.299000,12.89792,12.89438,220,600
2019-04-05 12:31:56.349000,12.89702,12.89338,370,600
2019-04-05 12:31:56.400000,12.89702,12.89348,370,220
2019-04-05 12:31:56.882000,12.89792,12.89438,220,370
2019-04-05 12:31:57.133000,12.89782,12.89438,220,370
2019-04-05 12:31:57.240000,12.89752,12.89428,220,300
2019-04-05 12:31:57.291000,12.89752,12.89418,220,220
2019-04-05 12:31:57.392000,12.89802,12.89428,370,520
2019-04-05 12:31:57.442000,12.89802,12.89438,750,370
2019-04-05 12:31:58.053000,12.89702,12.89378,370,220
2019-04-05 12:31:58.104000,12.89702,12.89358,750,220
2019-04-05 12:31:58.416000,12.89702,12.89368,750,220
2019-04-05 12:31:58.467000,12.89792,12.89438,220,370
2019-04-05 12:31:58.567000,12.89702,12.89358,370,220
2019-04-05 12:31:58.618000,12.89702,12.89338,750,600
2019-04-05 12:31:58.822000,12.89702,12.89358,750,220
2019-04-05 12:31:59.300000,12.89702,12.89338,750,370
2019-04-05 12:32:00.191000,12.89782,12.89428,220,300
2019-04-05 12:32:00.351000,12.89702,12.89358,370,220
2019-04-05 12:32:00.401000,12.89702,12.89338,370,600
2019-04-05 12:32:00.452000,12.89792,12.89438,220,370
2019-04-05 12:32:00.554000,12.89702,12.89338,370,600
2019-04-05 12:32:00.784000,12.89702,12.89358,750,220
2019-04-05 12:32:00.954000,12.89702,12.89368,750,220
2019-04-05 12:32:01.052000,12.89702,12.89348,750,220
2019-04-05 12:32:01.182000,12.89702,12.89338,750,370
2019-04-05 12:32:01.233000,12.89752,12.89388,220,220
2019-04-05 12:32:01.334000,12.89802,12.89438,970,370
2019-04-05 12:32:01.604000,12.89632,12.89278,300,220
2019-04-05 12:32:01.722000,12.89502,12.89148,370,220
2019-04-05 12:32:02.090000,12.89545,12.89228,100,300
2019-04-05 12:32:02.140000,12.89592,12.89228,220,300
2019-04-05 12:32:02.299000,12.89592,12.89238,220,220
2019-04-05 12:32:02.404000,12.89562,12.89238,220,220
2019-04-05 12:32:02.455000,12.89562,12.89198,220,370
2019-04-05 12:32:02.711000,12.89502,12.89158,750,220
2019-04-05 12:32:02.812000,12.89502,12.89138,750,600
2019-04-05 12:32:02.862000,12.89502,12.89148,750,220
2019-04-05 12:32:02.963000,12.89432,12.89128,300,520
2019-04-05 12:32:03.013000,12.89492,12.89128,220,220
2019-04-05 12:32:03.176000,12.89482,12.89098,220,220
2019-04-05 12:32:03.300000,12.89432,12.89098,520,220
2019-04-05 12:32:03.350000,12.89422,12.89078,220,220
2019-04-05 12:32:03.401000,12.89492,12.89128,220,300
2019-04-05 12:32:03.615000,12.89462,12.89098,220,220
2019-04-05 12:32:03.909000,12.89402,12.89088,370,220
2019-04-05 12:32:03.959000,12.89502,12.89138,750,370
2019-04-05 12:32:04.171000,12.89502,12.89178,750,220
2019-04-05 12:32:04.221000,12.89602,12.89228,970,300
2019-04-05 12:32:04.322000,12.89602,12.89238,970,600
2019-04-05 12:32:04.445000,12.89592,12.89238,220,220
2019-04-05 12:32:04.818000,12.89502,12.89178,750,220
2019-04-05 12:32:04.883000,12.89592,12.89238,220,220
2019-04-05 12:32:05.301000,12.89602,12.89258,370,220
2019-04-05 12:32:06.801000,12.89702,12.89338,750,600
2019-04-05 12:32:07.601000,12.89702,12.89348,750,220
2019-04-05 12:32:07.764000,12.89702,12.89358,750,220
2019-04-05 12:32:07.865000,12.89702,12.89368,750,220
2019-04-05 12:32:08.092000,12.89702,12.89398,370,220
2019-04-05 12:32:08.193000,12.89802,12.89438,750,600
2019-04-05 12:32:08.707000,12.89755,12.89438,100,600
2019-04-05 12:32:08.757000,12.89702,12.89358,370,220
2019-04-05 12:32:09.151000,12.89702,12.89338,750,600
2019-04-05 12:32:09.612000,12.89672,12.89338,220,600
2019-04-05 12:32:09.849000,12.89692,12.89338,220,600
2019-04-05 12:32:10.282000,12.89655,12.89338,100,600
2019-04-05 12:32:10.333000,12.89702,12.89338,750,600
2019-04-05 12:32:10.655000,12.89702,12.89348,750,220
2019-04-05 12:32:10.982000,12.89782,12.89438,220,600
2019-04-05 12:32:11.708000,12.89792,12.89438,220,600
2019-04-05 12:32:12.189000,12.89792,12.89448,220,220
2019-04-05 12:32:12.291000,12.89902,12.89538,970,600
2019-04-05 12:32:12.555000,12.89902,12.89558,750,220
2019-04-05 12:32:12.990000,12.89792,12.89438,220,370
2019-04-05 12:32:13.041000,12.89702,12.89348,370,220
2019-04-05 12:32:13.571000,12.89672,12.89338,220,600
2019-04-05 12:32:13.672000,12.89602,12.89268,370,220
2019-04-05 12:32:13.722000,12.89602,12.89238,370,600
2019-04-05 12:32:13.773000,12.89632,12.89248,300,220
2019-04-05 12:32:13.823000,12.89662,12.89328,150,300
2019-04-05 12:32:14.050000,12.89672,12.89338,220,600
2019-04-05 12:32:14.219000,12.89702,12.89338,750,600
2019-04-05 12:32:14.542000,12.89802,12.89478,750,220
2019-04-05 12:32:14.639000,12.89802,12.89458,970,220
2019-04-05 12:32:14.692000,12.89752,12.89428,220,520
2019-04-05 12:32:14.793000,12.89792,12.89438,220,600
2019-04-05 12:32:14.944000,12.89802,12.89438,750,600
2019-04-05 12:32:15.442000,12.89702,12.89378,370,220
2019-04-05 12:32:15.492000,12.89702,12.89338,370,600
2019-04-05 12:32:15.812000,12.89602,12.89238,370,600
2019-04-05 12:32:16.126000,12.89602,12.89248,370,220
2019-04-05 12:32:16.227000,12.89622,12.89288,220,220
2019-04-05 12:32:16.328000,12.89672,12.89338,220,600
2019-04-05 12:32:16.378000,12.89602,12.89238,370,600
2019-04-05 12:32:16.479000,12.89562,12.89208,150,220
2019-04-05 12:32:16.694000,12.89602,12.89238,750,370
2019-04-05 12:32:16.954000,12.89602,12.89445,370,100
2019-04-05 12:32:17.004000,12.89902,12.89568,600,220
2019-04-05 12:32:17.055000,12.89902,12.89548,750,220
2019-04-05 12:32:17.206000,12.89942,12.89588,220,220
2019-04-05 12:32:17.307000,12.89992,12.89638,220,600
2019-04-05 12:32:17.506000,12.89972,12.89598,220,370
2019-04-05 12:32:17.626000,12.89972,12.89628,220,520
