time,ask,bid,ask_volume,bid_volume
2019-11-01 12:25:00.147000,15.11265,15.10968,370,370
2019-11-01 12:25:00.198000,15.11232,15.10965,370,370
2019-11-01 12:25:00.251000,15.11232,15.10955,670,370
2019-11-01 12:25:00.369000,15.11242,15.10955,370,370
2019-11-01 12:25:00.470000,15.11225,15.10915,370,370
2019-11-01 12:25:00.520000,15.11232,15.10945,520,370
2019-11-01 12:25:00.570000,15.11225,15.10915,370,450
2019-11-01 12:25:00.856000,15.11202,15.10915,370,370
2019-11-01 12:25:01.189000,15.11205,15.10915,370,370
2019-11-01 12:25:01.239000,15.11202,15.10915,370,370
2019-11-01 12:25:01.492000,15.11195,15.10905,370,370
2019-11-01 12:25:02.132000,15.11335,15.11045,370,450
2019-11-01 12:25:02.183000,15.11302,15.11005,370,370
2019-11-01 12:25:02.233000,15.11285,15.11045,370,100
2019-11-01 12:25:02.317000,15.11332,15.11035,370,370
2019-11-01 12:25:02.374000,15.11352,15.11045,370,450
2019-11-01 12:25:02.511000,15.11342,15.11045,370,370
2019-11-01 12:25:02.562000,15.11352,15.11045,370,370
2019-11-01 12:25:02.613000,15.11342,15.11035,370,370
2019-11-01 12:25:02.667000,15.11335,15.11025,370,370
2019-11-01 12:25:02.718000,15.11342,15.11015,370,100
2019-11-01 12:25:02.769000,15.11322,15.11035,220,100
2019-11-01 12:25:02.819000,15.11352,15.11055,370,370
2019-11-01 12:25:03.078000,15.11342,15.11055,370,370
2019-11-01 12:25:03.142000,15.11352,15.11055,370,370
2019-11-01 12:25:03.263000,15.11322,15.10978,220,370
2019-11-01 12:25:03.314000,15.11322,15.11015,600,370
2019-11-01 12:25:03.364000,15.11322,15.10988,600,370
2019-11-01 12:25:03.415000,15.11302,15.10978,370,370
2019-11-01 12:25:03.566000,15.11302,15.10975,750,100
2019-11-01 12:25:03.717000,15.11302,15.10978,370,370
2019-11-01 12:25:03.959000,15.11342,15.11045,370,370
2019-11-01 12:25:04.009000,15.11355,15.11045,370,370
2019-11-01 12:25:04.207000,15.11372,15.11045,370,100
2019-11-01 12:25:04.258000,15.11372,15.11065,370,370
2019-11-01 12:25:04.645000,15.11372,15.11045,370,100
2019-11-01 12:25:04.696000,15.11372,15.11055,370,370
2019-11-01 12:25:04.804000,15.11332,15.11055,370,370
2019-11-01 12:25:04.854000,15.11332,15.11045,370,370
2019-11-01 12:25:04.905000,15.11315,15.11015,370,370
2019-11-01 12:25:04.955000,15.11302,15.11015,750,370
2019-11-01 12:25:05.006000,15.11295,15.10985,370,450
2019-11-01 12:25:05.159000,15.11292,15.10985,370,450
2019-11-01 12:25:05.210000,15.11295,15.10985,370,450
2019-11-01 12:25:05.310000,15.11302,15.10995,750,370
2019-11-01 12:25:05.361000,15.11302,15.10985,750,100
2019-11-01 12:25:05.412000,15.11295,15.10985,370,450
2019-11-01 12:25:05.513000,15.11302,15.10985,750,100
2019-11-01 12:25:05.613000,15.11282,15.10965,370,100
2019-11-01 12:25:05.719000,15.11252,15.10955,370,370
2019-11-01 12:25:06.173000,15.11215,15.10915,370,450
2019-11-01 12:25:06.224000,15.11182,15.10895,370,370
2019-11-01 12:25:06.334000,15.11195,15.10895,370,370
2019-11-01 12:25:07.172000,15.11202,15.10915,370,370
2019-11-01 12:25:07.223000,15.11212,15.10915,370,370
2019-11-01 12:25:07.323000,15.11195,15.10895,370,370
2019-11-01 12:25:07.424000,15.11192,15.10895,370,370
2019-11-01 12:25:07.554000,15.11182,15.10895,370,370
2019-11-01 12:25:07.960000,15.11195,15.10895,370,370
2019-11-01 12:25:08.115000,15.11185,15.10875,370,370
2019-11-01 12:25:12.439000,15.11235,15.10935,370,450
2019-11-01 12:25:12.540000,15.11175,15.10875,370,450
2019-11-01 12:25:12.815000,15.11115,15.10815,370,450
2019-11-01 12:25:12.916000,15.11095,15.10785,370,370
2019-11-01 12:25:13.023000,15.11105,15.10805,370,370
2019-11-01 12:25:13.136000,15.11095,15.10785,370,370
2019-11-01 12:25:13.386000,15.11085,15.10785,370,370
2019-11-01 12:25:16.460000,15.11122,15.10845,220,370
2019-11-01 12:25:16.511000,15.11155,15.10855,370,370
2019-11-01 12:25:16.576000,15.11145,15.10838,370,220
2019-11-01 12:25:16.627000,15.11132,15.10825,520,370
2019-11-01 12:25:16.778000,15.11112,15.10805,220,370
2019-11-01 12:25:17.190000,15.11122,15.10805,220,370
2019-11-01 12:25:17.481000,15.11105,15.10795,370,370
2019-11-01 12:25:17.829000,15.11102,15.10795,220,370
2019-11-01 12:25:18.012000,15.11105,15.10795,370,370
2019-11-01 12:25:18.376000,15.11105,15.10798,370,220
2019-11-01 12:25:18.477000,15.11155,15.10855,370,450
2019-11-01 12:25:18.816000,15.11132,15.10835,520,370
2019-11-01 12:25:18.867000,15.11095,15.10795,370,370
2019-11-01 12:25:18.968000,15.11112,15.10775,220,100
2019-11-01 12:25:19.069000,15.11135,15.10835,370,450
2019-11-01 12:25:19.169000,15.11175,15.10865,370,450
2019-11-01 12:25:19.349000,15.11165,15.10855,370,100
2019-11-01 12:25:19.550000,15.11175,15.10865,370,450
2019-11-01 12:25:19.600000,15.11212,15.10885,220,100
2019-11-01 12:25:19.701000,15.11225,15.10945,370,100
2019-11-01 12:25:19.752000,15.11195,15.10885,370,370
2019-11-01 12:25:19.802000,15.11222,15.10955,220,370
2019-11-01 12:25:19.879000,15.11232,15.10955,300,370
2019-11-01 12:25:19.980000,15.11275,15.10955,370,370
2019-11-01 12:25:20.199000,15.11272,15.10955,220,370
2019-11-01 12:25:20.250000,15.11275,15.10948,370,370
2019-11-01 12:25:20.769000,15.11275,15.10955,370,100
2019-11-01 12:25:20.841000,15.11302,15.10955,220,100
2019-11-01 12:25:21.199000,15.11285,15.10955,370,100
2019-11-01 12:25:21.249000,15.11302,15.10955,220,100
2019-11-01 12:25:21.792000,15.11295,15.10965,370,370
2019-11-01 12:25:21.843000,15.11305,15.10955,100,100
2019-11-01 12:25:21.944000,15.11312,15.10965,220,100
2019-11-01 12:25:22.010000,15.11315,15.10965,100,100
2019-11-01 12:25:22.722000,15.11262,15.10965,220,100
2019-11-01 12:25:22.773000,15.11225,15.10905,100,370
2019-11-01 12:25:22.873000,15.11215,15.10865,100,100
2019-11-01 12:25:23.168000,15.11255,15.10935,370,100
2019-11-01 12:25:23.452000,15.11265,15.10945,370,370
2019-11-01 12:25:23.750000,15.11245,15.10925,370,370
2019-11-01 12:25:24.089000,15.11245,15.10928,370,520
2019-11-01 12:25:24.140000,15.11265,15.10935,370,450
2019-11-01 12:25:24.333000,15.11265,15.10938,370,220
2019-11-01 12:25:25.273000,15.11225,15.10905,370,100
2019-11-01 12:25:25.323000,15.11225,15.10885,370,100
2019-11-01 12:25:25.373000,15.11215,15.10885,370,100
2019-11-01 12:25:25.474000,15.11205,15.10885,370,100
2019-11-01 12:25:25.575000,15.11215,15.10905,370,100
2019-11-01 12:25:25.845000,15.11235,15.10905,370,100
2019-11-01 12:25:25.895000,15.11265,15.10935,100,370
2019-11-01 12:25:26.045000,15.11265,15.10915,100,100
2019-11-01 12:25:26.095000,15.11272,15.10935,220,100
2019-11-01 12:25:26.196000,15.11265,15.10935,370,100
2019-11-01 12:25:26.291000,15.11285,15.10948,100,370
2019-11-01 12:25:26.593000,15.11315,15.10955,100,100
2019-11-01 12:25:27.390000,15.11322,15.10975,220,100
2019-11-01 12:25:27.740000,15.11325,15.11035,370,100
2019-11-01 12:25:27.790000,15.11365,15.11048,370,370
2019-11-01 12:25:28.001000,15.11365,15.11035,370,100
2019-11-01 12:25:28.051000,15.11332,15.11015,220,370
2019-11-01 12:25:28.102000,15.11332,15.10985,220,100
2019-11-01 12:25:28.449000,15.11322,15.10985,220,100
2019-11-01 12:25:28.499000,15.11322,15.10965,220,100
2019-11-01 12:25:29.610000,15.11312,15.10965,220,100
2019-11-01 12:25:30.507000,15.11315,15.10965,100,100
2019-11-01 12:25:30.671000,15.11315,15.10998,100,220
2019-11-01 12:25:30.771000,15.11375,15.11045,370,100
2019-11-01 12:25:30.959000,15.11335,15.10995,370,450
2019-11-01 12:25:31.010000,15.11325,15.10995,370,100
2019-11-01 12:25:31.134000,15.11335,15.11028,370,220
2019-11-01 12:25:31.185000,15.11315,15.10985,370,100
2019-11-01 12:25:31.386000,15.11355,15.11035,370,100
2019-11-01 12:25:31.488000,15.11375,15.11035,370,450
2019-11-01 12:25:31.589000,15.11392,15.11048,100,370
2019-11-01 12:25:31.639000,15.11392,15.11065,100,100
2019-11-01 12:25:33.592000,15.11392,15.11115,100,450
2019-11-01 12:25:33.700000,15.11392,15.11135,100,100
2019-11-01 12:25:33.750000,15.11452,15.11138,100,220
2019-11-01 12:25:33.901000,15.11432,15.11135,300,100
2019-11-01 12:25:33.952000,15.11422,15.11095,220,370
2019-11-01 12:25:34.002000,15.11392,15.11075,220,100
2019-11-01 12:25:34.053000,15.11405,15.11075,370,100
2019-11-01 12:25:34.153000,15.11392,15.11065,220,100
2019-11-01 12:25:34.372000,15.11405,15.11065,370,100
2019-11-01 12:25:35.414000,15.11402,15.11065,220,100
2019-11-01 12:25:35.517000,15.11452,15.11148,100,370
2019-11-01 12:25:35.567000,15.11452,15.11138,100,220
2019-11-01 12:25:35.626000,15.11452,15.11145,100,100
2019-11-01 12:25:35.677000,15.11422,15.11085,220,450
2019-11-01 12:25:35.728000,15.11435,15.11135,370,100
2019-11-01 12:25:35.850000,15.11432,15.11135,300,100
2019-11-01 12:25:35.900000,15.11432,15.11115,300,100
2019-11-01 12:25:35.950000,15.11425,15.11115,370,100
2019-11-01 12:25:36.209000,15.11425,15.11085,370,100
2019-11-01 12:25:36.260000,15.11405,15.11085,370,100
2019-11-01 12:25:36.390000,15.11415,15.11105,370,100
2019-11-01 12:25:37.422000,15.11415,15.11135,370,100
2019-11-01 12:25:37.472000,15.11425,15.11135,370,100
2019-11-01 12:25:37.523000,15.11422,15.11105,220,370
2019-11-01 12:25:37.759000,15.11422,15.11075,220,100
2019-11-01 12:25:39.811000,15.11412,15.11075,220,100
2019-11-01 12:25:39.912000,15.11365,15.11045,370,450
2019-11-01 12:25:40.136000,15.11362,15.11045,220,370
2019-11-01 12:25:40.237000,15.11305,15.10995,370,100
2019-11-01 12:25:40.340000,15.11295,15.10975,370,100
2019-11-01 12:25:40.442000,15.11305,15.10985,370,370
2019-11-01 12:25:40.543000,15.11295,15.10975,370,100
2019-11-01 12:25:40.839000,15.11305,15.10985,370,370
2019-11-01 12:25:40.890000,15.11305,15.10975,370,100
2019-11-01 12:25:44.710000,15.11262,15.10975,220,100
2019-11-01 12:25:44.760000,15.11232,15.10925,300,370
2019-11-01 12:25:44.911000,15.11205,15.10905,370,100
2019-11-01 12:25:45.544000,15.11235,15.10935,370,100
2019-11-01 12:25:45.645000,15.11235,15.10938,370,220
2019-11-01 12:25:45.699000,15.11235,15.10935,370,100
2019-11-01 12:25:45.750000,15.11235,15.10925,370,370
2019-11-01 12:25:45.801000,15.11215,15.10915,370,100
2019-11-01 12:25:46.611000,15.11195,15.10875,370,370
2019-11-01 12:25:47.897000,15.11185,15.10865,370,450
2019-11-01 12:25:48.147000,15.11155,15.10855,370,100
2019-11-01 12:25:48.297000,15.11115,15.10815,370,100
2019-11-01 12:25:49.053000,15.11125,15.10815,370,450
2019-11-01 12:25:49.178000,15.11175,15.10855,370,370
2019-11-01 12:25:50.410000,15.11185,15.10865,370,370
2019-11-01 12:25:50.891000,15.11185,15.10875,370,100
2019-11-01 12:25:51.106000,15.11195,15.10875,370,100
2019-11-01 12:25:51.719000,15.11195,15.10885,370,450
2019-11-01 12:25:51.968000,15.11185,15.10875,370,100
2019-11-01 12:25:53.530000,15.11195,15.10915,370,100
2019-11-01 12:25:54.830000,15.11195,15.10928,370,300
2019-11-01 12:25:54.880000,15.11275,15.10965,370,370
2019-11-01 12:25:55.066000,15.11232,15.10975,300,370
2019-11-01 12:25:55.116000,15.11265,15.10965,370,370
2019-11-01 12:25:55.167000,15.11285,15.10965,370,370
2019-11-01 12:25:55.535000,15.11265,15.10965,370,370
2019-11-01 12:25:56.058000,15.11285,15.10975,370,370
2019-11-01 12:25:56.108000,15.11265,15.10965,370,370
2019-11-01 12:25:56.458000,15.11265,15.10955,370,370
2019-11-01 12:25:56.508000,15.11225,15.10925,370,370
2019-11-01 12:25:56.609000,15.11235,15.10938,370,220
2019-11-01 12:25:57.102000,15.11235,15.10935,370,450
2019-11-01 12:25:57.203000,15.11235,15.10938,370,220
2019-11-01 12:25:57.721000,15.11235,15.10935,370,450
2019-11-01 12:25:58.426000,15.11235,15.10928,370,220
2019-11-01 12:25:58.540000,15.11235,15.10935,370,370
2019-11-01 12:25:58.591000,15.11275,15.10965,370,370
2019-11-01 12:25:58.641000,15.11255,15.10955,370,370
2019-11-01 12:25:59.865000,15.11275,15.10965,370,370
2019-11-01 12:26:02.789000,15.11262,15.10965,220,450
2019-11-01 12:26:02.839000,15.11255,15.10935,370,450
2019-11-01 12:26:02.920000,15.11255,15.10938,370,220
2019-11-01 12:26:03.969000,15.11265,15.10955,370,370
2019-11-01 12:26:04.632000,15.11275,15.10965,370,370
2019-11-01 12:26:04.917000,15.11285,15.10975,370,370
2019-11-01 12:26:05.589000,15.11255,15.10955,370,370
2019-11-01 12:26:05.702000,15.11235,15.10935,370,370
2019-11-01 12:26:05.753000,15.11205,15.10895,370,450
2019-11-01 12:26:06.930000,15.11165,15.10865,370,370
2019-11-01 12:26:06.981000,15.11155,15.10848,370,970
2019-11-01 12:26:08.717000,15.11172,15.10865,220,370
2019-11-01 12:26:08.768000,15.11175,15.10865,370,370
2019-11-01 12:26:10.959000,15.11175,15.10898,370,220
2019-11-01 12:26:11.010000,15.11245,15.10955,370,100
2019-11-01 12:26:11.060000,15.11215,15.10945,370,100
2019-11-01 12:26:11.111000,15.11215,15.10915,370,100
2019-11-01 12:26:11.233000,15.11232,15.10925,300,370
2019-11-01 12:26:11.283000,15.11205,15.10905,370,370
2019-11-01 12:26:11.334000,15.11195,15.10885,370,370
2019-11-01 12:26:11.388000,15.11195,15.10875,370,450
2019-11-01 12:26:12.988000,15.11195,15.10885,370,370
2019-11-01 12:26:13.118000,15.11215,15.10915,370,450
2019-11-01 12:26:15.216000,15.11265,15.10955,370,370
2019-11-01 12:26:16.638000,15.11215,15.10915,450,370
2019-11-01 12:26:16.689000,15.11195,15.10875,370,370
2019-11-01 12:26:19.789000,15.11175,15.10865,370,370
2019-11-01 12:26:20.030000,15.11105,15.10795,370,370
2019-11-01 12:26:20.080000,15.11095,15.10775,370,370
2019-11-01 12:26:20.329000,15.11095,15.10798,370,220
2019-11-01 12:26:20.430000,15.11175,15.10855,370,450
2019-11-01 12:26:20.530000,15.11225,15.10945,370,100
2019-11-01 12:26:20.632000,15.11255,15.10945,370,450
2019-11-01 12:26:20.683000,15.11305,15.10945,100,100
2019-11-01 12:26:20.907000,15.11305,15.10965,100,100
2019-11-01 12:26:21.067000,15.11285,15.10975,370,370
2019-11-01 12:26:21.118000,15.11315,15.10965,100,100
2019-11-01 12:26:21.168000,15.11312,15.10965,220,100
2019-11-01 12:26:21.399000,15.11315,15.10965,100,100
2019-11-01 12:26:23.068000,15.11275,15.10965,370,450
2019-11-01 12:26:25.580000,15.11232,15.10965,300,450
2019-11-01 12:26:25.656000,15.11215,15.10915,370,370
2019-11-01 12:26:25.707000,15.11195,15.10885,370,370
2019-11-01 12:26:27.650000,15.11195,15.10895,370,100
2019-11-01 12:26:27.753000,15.11215,15.10915,370,100
2019-11-01 12:26:32.162000,15.11215,15.10895,370,370
2019-11-01 12:26:32.572000,15.11185,15.10885,370,100
2019-11-01 12:26:32.622000,15.11185,15.10875,370,370
2019-11-01 12:26:33.247000,15.11185,15.10895,370,100
2019-11-01 12:26:33.381000,15.11205,15.10915,370,100
2019-11-01 12:26:35.168000,15.11215,15.10915,370,450
2019-11-01 12:26:35.219000,15.11245,15.10945,370,450
2019-11-01 12:26:36.241000,15.11235,15.10925,370,370
2019-11-01 12:26:36.291000,15.11215,15.10915,370,100
2019-11-01 12:26:37.219000,15.11215,15.10905,370,370
2019-11-01 12:26:37.269000,15.11195,15.10895,370,370
2019-11-01 12:26:38.229000,15.11205,15.10915,370,100
2019-11-01 12:26:39.272000,15.11215,15.10925,370,370
2019-11-01 12:26:39.322000,15.11275,15.10965,370,370
2019-11-01 12:26:39.474000,15.11285,15.10985,370,370
2019-11-01 12:26:39.524000,15.11312,15.10965,220,100
2019-11-01 12:26:39.575000,15.11295,15.10945,100,100
2019-11-01 12:26:39.625000,15.11285,15.10965,370,370
2019-11-01 12:26:39.842000,15.11285,15.10985,370,370
2019-11-01 12:26:40.057000,15.11265,15.10965,370,450
2019-11-01 12:26:40.759000,15.11255,15.10945,370,450
2019-11-01 12:26:42.579000,15.11255,15.10948,370,370
2019-11-01 12:26:42.630000,15.11275,15.10965,370,370
2019-11-01 12:26:43.109000,15.11255,15.10955,370,370
2019-11-01 12:26:43.768000,15.11245,15.10945,370,370
2019-11-01 12:26:43.870000,15.11222,15.10875,220,100
2019-11-01 12:26:44.276000,15.11195,15.10875,370,450
2019-11-01 12:26:44.680000,15.11172,15.10865,220,450
2019-11-01 12:26:44.781000,15.11165,15.10865,370,100
2019-11-01 12:26:44.962000,15.11155,15.10865,370,100
2019-11-01 12:26:45.519000,15.11115,15.10805,370,370
2019-11-01 12:26:45.569000,15.11095,15.10785,370,370
2019-11-01 12:26:46.374000,15.11095,15.10805,370,100
2019-11-01 12:26:47.418000,15.11072,15.10805,220,100
2019-11-01 12:26:47.469000,15.11005,15.10705,100,370
2019-11-01 12:26:47.520000,15.11005,15.10655,100,100
2019-11-01 12:26:48.429000,15.11005,15.10668,100,220
2019-11-01 12:26:48.530000,15.10995,15.10685,370,370
2019-11-01 12:26:48.634000,15.11005,15.10705,370,370
2019-11-01 12:26:48.685000,15.11075,15.10755,370,370
2019-11-01 12:26:49.120000,15.11085,15.10765,370,370
2019-11-01 12:26:49.345000,15.11095,15.10748,100,370
2019-11-01 12:26:51.018000,15.11095,15.10745,100,100
2019-11-01 12:26:51.069000,15.11075,15.10765,370,370
2019-11-01 12:26:51.386000,15.11095,15.10748,100,750
2019-11-01 12:26:51.486000,15.11105,15.10755,100,100
2019-11-01 12:26:51.546000,15.11095,15.10775,370,370
2019-11-01 12:26:52.186000,15.11105,15.10758,100,220
2019-11-01 12:26:52.333000,15.11105,15.10755,100,100
2019-11-01 12:26:52.740000,15.11105,15.10758,100,220
2019-11-01 12:26:52.858000,15.11145,15.10845,370,370
2019-11-01 12:26:52.959000,15.11135,15.10828,370,300
2019-11-01 12:26:53.569000,15.11135,15.10825,370,450
2019-11-01 12:26:53.670000,15.11135,15.10785,100,100
2019-11-01 12:26:53.996000,15.11105,15.10785,370,450
2019-11-01 12:26:55.179000,15.11065,15.10755,370,370
2019-11-01 12:26:58.712000,15.11085,15.10765,450,370
2019-11-01 12:27:00.103000,15.11075,15.10765,370,370
2019-11-01 12:27:00.204000,15.11065,15.10755,370,370
2019-11-01 12:27:00.305000,15.11045,15.10745,370,370
2019-11-01 12:27:00.463000,15.11035,15.10725,100,370
2019-11-01 12:27:00.514000,15.11035,15.10685,100,100
2019-11-01 12:27:00.744000,15.11055,15.10755,100,370
2019-11-01 12:27:01,15.11085,15.10798,100,220
2019-11-01 12:27:01.050000,15.11135,15.10838,370,220
2019-11-01 12:27:01.343000,15.11165,15.10855,370,370
2019-11-01 12:27:02.469000,15.11195,15.10848,100,370
2019-11-01 12:27:02.601000,15.11175,15.10865,370,370
2019-11-01 12:27:06.150000,15.11195,15.10848,100,750
2019-11-01 12:27:06.298000,15.11175,15.10865,370,370
2019-11-01 12:27:08.329000,15.11175,15.10898,370,220
2019-11-01 12:27:08.380000,15.11245,15.10945,370,450
2019-11-01 12:27:08.480000,15.11265,15.10955,370,370
2019-11-01 12:27:08.897000,15.11215,15.10905,370,370
2019-11-01 12:27:08.947000,15.11205,15.10885,370,450
2019-11-01 12:27:10.189000,15.11205,15.10905,370,370
2019-11-01 12:27:11.571000,15.11205,15.10895,370,100
2019-11-01 12:27:13.749000,15.11205,15.10938,370,220
2019-11-01 12:27:13.800000,15.11235,15.10938,370,220
2019-11-01 12:27:14.330000,15.11235,15.10935,370,450
2019-11-01 12:27:14.504000,15.11262,15.10955,220,370
2019-11-01 12:27:14.775000,15.11265,15.10955,370,370
2019-11-01 12:27:15.120000,15.11275,15.10965,370,450
2019-11-01 12:27:16.009000,15.11275,15.10988,370,220
2019-11-01 12:27:16.059000,15.11305,15.11005,370,100
2019-11-01 12:27:16.208000,15.11315,15.11005,370,100
2019-11-01 12:27:16.258000,15.11365,15.11055,370,370
2019-11-01 12:27:16.901000,15.11335,15.11035,370,370
2019-11-01 12:27:17.052000,15.11315,15.10995,370,100
2019-11-01 12:27:17.199000,15.11315,15.10985,370,450
2019-11-01 12:27:17.845000,15.11315,15.11015,370,370
2019-11-01 12:27:18.080000,15.11315,15.11028,370,220
2019-11-01 12:27:18.189000,15.11315,15.10995,370,100
2019-11-01 12:27:18.240000,15.11315,15.11028,370,220
2019-11-01 12:27:18.578000,15.11315,15.10985,370,450
2019-11-01 12:27:18.642000,15.11295,15.10985,370,450
2019-11-01 12:27:20.394000,15.11305,15.10985,370,450
2019-11-01 12:27:21.471000,15.11335,15.11035,370,370
2019-11-01 12:27:22.132000,15.11315,15.11028,370,220
2019-11-01 12:27:22.183000,15.11315,15.10995,370,370
2019-11-01 12:27:22.796000,15.11315,15.11015,370,370
2019-11-01 12:27:23.076000,15.11335,15.11035,370,370
2019-11-01 12:27:23.328000,15.11295,15.10995,370,370
2019-11-01 12:27:23.429000,15.11285,15.10985,370,370
2019-11-01 12:27:23.644000,15.11275,15.10965,370,370
2019-11-01 12:27:24.578000,15.11275,15.10968,370,220
2019-11-01 12:27:24.629000,15.11295,15.10975,370,370
2019-11-01 12:27:25.816000,15.11275,15.10975,370,370
2019-11-01 12:27:26.170000,15.11275,15.10965,370,370
2019-11-01 12:27:27.086000,15.11295,15.10995,370,100
2019-11-01 12:27:28.539000,15.11295,15.11028,370,520
2019-11-01 12:27:28.589000,15.11325,15.11028,370,520
2019-11-01 12:27:29.600000,15.11325,15.11025,370,370
2019-11-01 12:27:29.650000,15.11325,15.11028,370,520
2019-11-01 12:27:29.701000,15.11345,15.11035,370,370
2019-11-01 12:27:30.119000,15.11315,15.11015,370,370
2019-11-01 12:27:30.170000,15.11305,15.10995,370,450
2019-11-01 12:27:30.517000,15.11325,15.11015,370,370
2019-11-01 12:27:30.652000,15.11355,15.11055,370,370
2019-11-01 12:27:30.753000,15.11452,15.11155,100,370
2019-11-01 12:27:31.049000,15.11452,15.11165,100,370
2019-11-01 12:27:31.229000,15.11452,15.11148,100,750
2019-11-01 12:27:31.889000,15.11452,15.11155,100,370
2019-11-01 12:27:32.142000,15.11445,15.11135,370,370
2019-11-01 12:27:32.235000,15.11452,15.11145,100,370
2019-11-01 12:27:32.698000,15.11452,15.11155,100,370
2019-11-01 12:27:33.399000,15.11432,15.11155,300,370
2019-11-01 12:27:33.450000,15.11405,15.11085,450,370
2019-11-01 12:27:33.536000,15.11405,15.11055,100,100
2019-11-01 12:27:33.637000,15.11375,15.11065,370,370
2019-11-01 12:27:33.687000,15.11405,15.11055,100,100
2019-11-01 12:27:33.921000,15.11375,15.11065,370,370
2019-11-01 12:27:34.623000,15.11405,15.11055,100,100
2019-11-01 12:27:34.728000,15.11405,15.11098,100,220
2019-11-01 12:27:34.852000,15.11452,15.11148,100,750
2019-11-01 12:27:34.954000,15.11232,15.11005,300,370
2019-11-01 12:27:35.004000,15.11232,15.10975,300,370
2019-11-01 12:27:35.055000,15.11232,15.10935,300,370
2019-11-01 12:27:35.156000,15.11325,15.11015,370,370
2019-11-01 12:27:36.322000,15.11335,15.10988,100,220
2019-11-01 12:27:37.650000,15.11395,15.11028,100,520
2019-11-01 12:27:37.700000,15.11395,15.11045,100,100
2019-11-01 12:27:38.983000,15.11395,15.11048,100,370
2019-11-01 12:27:39.105000,15.11395,15.11085,370,370
2019-11-01 12:27:40.511000,15.11405,15.11055,100,100
2019-11-01 12:27:40.562000,15.11375,15.11065,370,370
2019-11-01 12:27:40.713000,15.11395,15.11085,370,370
2019-11-01 12:27:42.016000,15.11355,15.11045,100,370
2019-11-01 12:27:42.210000,15.11355,15.11008,100,220
2019-11-01 12:27:42.709000,15.11355,15.11005,100,100
2019-11-01 12:27:42.759000,15.11355,15.11045,450,370
2019-11-01 12:27:42.860000,15.11385,15.11065,370,450
2019-11-01 12:27:43.272000,15.11385,15.11075,370,370
2019-11-01 12:27:43.415000,15.11405,15.11095,370,370
2019-11-01 12:27:45.629000,15.11415,15.11125,370,100
2019-11-01 12:27:45.679000,15.11452,15.11125,100,100
2019-11-01 12:27:45.730000,15.11422,15.11075,220,100
2019-11-01 12:27:46.675000,15.11422,15.11065,220,100
2019-11-01 12:27:46.726000,15.11415,15.11065,100,100
2019-11-01 12:27:47.387000,15.11385,15.11065,370,450
2019-11-01 12:27:49.177000,15.11395,15.11048,100,970
2019-11-01 12:27:49.277000,15.11385,15.11075,370,370
2019-11-01 12:27:52.200000,15.11405,15.11095,370,370
2019-11-01 12:27:52.750000,15.11395,15.11075,370,370
2019-11-01 12:27:55.105000,15.11415,15.11095,370,370
2019-11-01 12:27:57.155000,15.11452,15.11155,100,450
2019-11-01 12:27:57.256000,15.11432,15.11085,300,100
2019-11-01 12:27:57.306000,15.11415,15.11068,100,220
2019-11-01 12:27:57.818000,15.11452,15.11155,100,100
2019-11-01 12:27:57.969000,15.11452,15.11175,100,100
2019-11-01 12:27:58.019000,15.11432,15.11095,300,100
2019-11-01 12:27:58.070000,15.11422,15.11078,220,220
2019-11-01 12:27:58.827000,15.11422,15.11075,220,100
2019-11-01 12:28:00.099000,15.11422,15.11095,220,100
2019-11-01 12:28:01.050000,15.11432,15.11095,520,100
2019-11-01 12:28:01.314000,15.11422,15.11075,220,100
2019-11-01 12:28:03.210000,15.11415,15.11065,100,100
2019-11-01 12:28:04.234000,15.11415,15.11075,100,100
2019-11-01 12:28:04.284000,15.11422,15.11075,220,100
2019-11-01 12:28:09.928000,15.11422,15.11095,220,370
2019-11-01 12:28:10.029000,15.11452,15.11135,100,100
2019-11-01 12:28:10.129000,15.11442,15.11105,220,100
2019-11-01 12:28:10.180000,15.11422,15.11085,220,100
2019-11-01 12:28:10.696000,15.11422,15.11088,220,220
2019-11-01 12:28:10.844000,15.11452,15.11135,100,100
2019-11-01 12:28:11.525000,15.11392,15.11105,220,100
2019-11-01 12:28:11.576000,15.11432,15.11105,300,100
2019-11-01 12:28:11.677000,15.11452,15.11125,100,100
2019-11-01 12:28:12.726000,15.11452,15.11145,100,100
2019-11-01 12:28:13.099000,15.11452,15.11165,100,100
2019-11-01 12:28:13.200000,15.11452,15.11185,100,100
2019-11-01 12:28:13.477000,15.11452,15.11225,100,100
2019-11-01 12:28:13.527000,15.11502,15.11225,100,100
2019-11-01 12:28:15.976000,15.11502,15.11205,100,100
2019-11-01 12:28:17.457000,15.11502,15.11245,100,100
2019-11-01 12:28:18.102000,15.11502,15.11258,100,220
2019-11-01 12:28:18.153000,15.11572,15.11275,100,100
2019-11-01 12:28:19.382000,15.11572,15.11295,100,100
2019-11-01 12:28:20.320000,15.11572,15.11315,100,100
2019-11-01 12:28:20.679000,15.11522,15.11175,220,370
2019-11-01 12:28:20.779000,15.11522,15.11165,220,100
2019-11-01 12:28:23.491000,15.11522,15.11185,220,100
2019-11-01 12:28:25.069000,15.11522,15.11195,220,100
2019-11-01 12:28:26.001000,15.11522,15.11185,220,100
2019-11-01 12:28:26.696000,15.11485,15.11155,370,100
2019-11-01 12:28:26.747000,15.11515,15.11155,100,100
2019-11-01 12:28:26.899000,15.11515,15.11165,100,100
2019-11-01 12:28:27.920000,15.11515,15.11178,100,220
2019-11-01 12:28:27.971000,15.11515,15.11165,100,450
2019-11-01 12:28:28.129000,15.11512,15.11165,220,100
2019-11-01 12:28:28.180000,15.11505,15.11155,100,100
2019-11-01 12:28:28.926000,15.11515,15.11165,100,100
2019-11-01 12:28:29.027000,15.11555,15.11205,100,100
2019-11-01 12:28:29.669000,15.11472,15.11205,220,100
2019-11-01 12:28:29.720000,15.11432,15.11075,300,370
2019-11-01 12:28:29.770000,15.11402,15.11055,220,100
2019-11-01 12:28:29.871000,15.11392,15.11055,220,100
2019-11-01 12:28:30.339000,15.11402,15.11055,220,100
2019-11-01 12:28:30.679000,15.11392,15.11055,220,100
2019-11-01 12:28:31.649000,15.11402,15.11055,220,100
2019-11-01 12:28:32.860000,15.11412,15.11055,220,100
2019-11-01 12:28:33.584000,15.11412,15.11075,220,100
2019-11-01 12:28:33.635000,15.11415,15.11075,100,100
2019-11-01 12:28:34.753000,15.11422,15.11075,220,100
2019-11-01 12:28:34.803000,15.11445,15.11098,100,370
2019-11-01 12:28:34.854000,15.11512,15.11155,100,100
2019-11-01 12:28:34.904000,15.11492,15.11155,220,100
2019-11-01 12:28:35.021000,15.11492,15.11185,220,100
2019-11-01 12:28:35.071000,15.11512,15.11185,220,100
2019-11-01 12:28:35.173000,15.11522,15.11185,220,100
2019-11-01 12:28:35.449000,15.11522,15.11195,220,100
2019-11-01 12:28:35.988000,15.11572,15.11225,100,100
2019-11-01 12:28:36.759000,15.11572,15.11228,100,300
2019-11-01 12:28:37.098000,15.11572,15.11255,100,100
2019-11-01 12:28:40.603000,15.11572,15.11285,100,100
2019-11-01 12:28:41.590000,15.11682,15.11355,100,100
2019-11-01 12:28:41.741000,15.11682,15.11375,100,100
2019-11-01 12:28:42.100000,15.11702,15.11375,220,100
2019-11-01 12:28:42.151000,15.11712,15.11375,220,100
2019-11-01 12:28:42.262000,15.11702,15.11375,220,100
2019-11-01 12:28:43.690000,15.11702,15.11355,220,100
2019-11-01 12:28:43.988000,15.11715,15.11355,100,100
2019-11-01 12:28:44.038000,15.11785,15.11435,450,100
2019-11-01 12:28:44.173000,15.11725,15.11375,100,100
2019-11-01 12:28:44.484000,15.11755,15.11408,100,220
2019-11-01 12:28:44.585000,15.11732,15.11385,300,100
2019-11-01 12:28:45.102000,15.11732,15.11405,300,100
2019-11-01 12:28:45.734000,15.11762,15.11448,220,750
2019-11-01 12:28:45.949000,15.11815,15.11465,450,100
2019-11-01 12:28:46.049000,15.11805,15.11455,100,100
2019-11-01 12:28:46.584000,15.11795,15.11448,100,750
2019-11-01 12:28:47.596000,15.11825,15.11498,100,220
2019-11-01 12:28:47.697000,15.11825,15.11475,100,100
2019-11-01 12:28:48.024000,15.11865,15.11528,100,520
2019-11-01 12:28:48.261000,15.11865,15.11515,100,100
2019-11-01 12:28:48.311000,15.11835,15.11485,100,100
2019-11-01 12:28:48.490000,15.11822,15.11485,220,100
2019-11-01 12:28:48.591000,15.11812,15.11485,220,100
2019-11-01 12:28:48.710000,15.11835,15.11558,100,220
2019-11-01 12:28:48.761000,15.11845,15.11558,100,220
2019-11-01 12:28:48.861000,15.11845,15.11495,100,100
2019-11-01 12:28:49.106000,15.11855,15.11505,100,100
2019-11-01 12:28:49.207000,15.11872,15.11505,220,100
2019-11-01 12:28:49.436000,15.11855,15.11505,100,100
2019-11-01 12:28:49.766000,15.11865,15.11505,100,100
2019-11-01 12:28:50.039000,15.11872,15.11545,220,100
2019-11-01 12:28:50.139000,15.11932,15.11595,220,100
2019-11-01 12:28:50.240000,15.11912,15.11595,220,100
2019-11-01 12:28:50.291000,15.11905,15.11555,100,100
2019-11-01 12:28:50.441000,15.11912,15.11595,220,100
2019-11-01 12:28:50.572000,15.11922,15.11595,220,100
2019-11-01 12:28:50.693000,15.11922,15.11575,220,100
2019-11-01 12:28:50.744000,15.11912,15.11575,220,100
2019-11-01 12:28:50.873000,15.11895,15.11548,100,750
2019-11-01 12:28:50.923000,15.11875,15.11528,100,520
2019-11-01 12:28:51.024000,15.11815,15.11465,100,100
2019-11-01 12:28:51.182000,15.11805,15.11488,100,220
2019-11-01 12:28:51.233000,15.11802,15.11455,220,100
2019-11-01 12:28:51.524000,15.11805,15.11455,100,100
2019-11-01 12:28:51.879000,15.11785,15.11448,100,750
2019-11-01 12:28:51.929000,15.11732,15.11328,300,520
2019-11-01 12:28:51.980000,15.11712,15.11348,220,750
2019-11-01 12:28:52.131000,15.11722,15.11348,220,750
2019-11-01 12:28:52.350000,15.11752,15.11368,220,220
2019-11-01 12:28:53.117000,15.11762,15.11348,370,750
2019-11-01 12:28:53.167000,15.11732,15.11348,520,750
2019-11-01 12:28:53.380000,15.11752,15.11348,220,750
2019-11-01 12:28:53.431000,15.11732,15.11328,300,520
2019-11-01 12:28:53.582000,15.11752,15.11358,220,220
2019-11-01 12:28:53.698000,15.11752,15.11328,220,520
2019-11-01 12:28:54.009000,15.11752,15.11348,220,750
2019-11-01 12:28:55.331000,15.11732,15.11348,520,750
2019-11-01 12:28:55.432000,15.11672,15.11328,220,220
2019-11-01 12:28:55.482000,15.11672,15.11248,220,750
2019-11-01 12:28:55.533000,15.11632,15.11248,520,750
2019-11-01 12:28:55.922000,15.11622,15.11248,220,750
2019-11-01 12:28:57.688000,15.11602,15.11248,220,750
2019-11-01 12:28:57.872000,15.11612,15.11248,220,750
2019-11-01 12:28:58.077000,15.11582,15.11248,220,750
2019-11-01 12:28:58.127000,15.11532,15.11148,220,750
2019-11-01 12:28:58.239000,15.11582,15.11258,100,220
2019-11-01 12:28:58.290000,15.11572,15.11228,220,300
2019-11-01 12:28:58.391000,15.11572,15.11168,220,150
2019-11-01 12:28:58.441000,15.11572,15.11188,220,150
2019-11-01 12:28:58.728000,15.11572,15.11178,220,150
2019-11-01 12:28:59.216000,15.11522,15.11178,220,220
2019-11-01 12:28:59.267000,15.11522,15.11148,220,370
2019-11-01 12:29:00.031000,15.11432,15.11028,300,450
2019-11-01 12:29:00.132000,15.11432,15.11078,300,220
2019-11-01 12:29:00.233000,15.11422,15.11048,220,750
2019-11-01 12:29:00.534000,15.11422,15.11055,220,370
2019-11-01 12:29:00.635000,15.11422,15.11078,220,220
2019-11-01 12:29:00.686000,15.11432,15.11078,300,220
2019-11-01 12:29:00.740000,15.11432,15.11058,300,220
2019-11-01 12:29:01.156000,15.11422,15.11058,220,220
2019-11-01 12:29:02.047000,15.11422,15.11048,220,970
2019-11-01 12:29:02.573000,15.11412,15.11048,220,750
2019-11-01 12:29:03.142000,15.11422,15.11048,220,970
2019-11-01 12:29:03.361000,15.11322,15.10948,220,750
2019-11-01 12:29:03.614000,15.11312,15.10948,220,750
2019-11-01 12:29:04.262000,15.11322,15.10948,220,750
2019-11-01 12:29:04.520000,15.11312,15.10948,220,750
2019-11-01 12:29:04.571000,15.11082,15.10695,220,370
2019-11-01 12:29:04.621000,15.11082,15.10698,220,150
2019-11-01 12:29:04.722000,15.11082,15.10678,220,150
2019-11-01 12:29:04.773000,15.11152,15.10758,370,220
2019-11-01 12:29:04.873000,15.11082,15.10678,220,220
2019-11-01 12:29:04.924000,15.10912,15.10528,220,520
2019-11-01 12:29:05.025000,15.11022,15.10648,220,750
2019-11-01 12:29:05.125000,15.10965,15.10498,370,520
2019-11-01 12:29:05.176000,15.10932,15.10528,300,300
2019-11-01 12:29:05.307000,15.11015,15.10628,100,520
2019-11-01 12:29:05.408000,15.10982,15.10628,220,520
2019-11-01 12:29:05.509000,15.11015,15.10628,100,520
2019-11-01 12:29:05.609000,15.11022,15.10648,220,370
2019-11-01 12:29:05.710000,15.11015,15.10648,100,370
2019-11-01 12:29:05.761000,15.11022,15.10648,220,370
2019-11-01 12:29:06.421000,15.11022,15.10628,220,520
2019-11-01 12:29:06.600000,15.11022,15.10648,220,370
2019-11-01 12:29:06.650000,15.11022,15.10628,220,520
2019-11-01 12:29:06.789000,15.10932,15.10548,300,370
2019-11-01 12:29:06.890000,15.10922,15.10548,220,370
2019-11-01 12:29:07.101000,15.10922,15.10528,220,520
2019-11-01 12:29:07.202000,15.10922,15.10548,220,370
2019-11-01 12:29:07.252000,15.10922,15.10528,220,520
2019-11-01 12:29:07.877000,15.10922,15.10478,220,220
2019-11-01 12:29:07.928000,15.10922,15.10528,220,520
2019-11-01 12:29:08.255000,15.10922,15.10548,220,370
2019-11-01 12:29:08.563000,15.10932,15.10578,220,220
2019-11-01 12:29:08.628000,15.10922,15.10558,220,220
2019-11-01 12:29:08.679000,15.10922,15.10568,220,220
2019-11-01 12:29:08.894000,15.10932,15.10568,220,220
2019-11-01 12:29:09.439000,15.10922,15.10558,220,220
2019-11-01 12:29:09.490000,15.10922,15.10528,220,520
2019-11-01 12:29:09.611000,15.10922,15.10488,220,220
2019-11-01 12:29:09.871000,15.10922,15.10548,220,370
2019-11-01 12:29:10.918000,15.10922,15.10528,220,300
2019-11-01 12:29:10.969000,15.10832,15.10528,300,300
2019-11-01 12:29:11.020000,15.10862,15.10458,220,220
2019-11-01 12:29:11.140000,15.10915,15.10478,100,220
2019-11-01 12:29:11.250000,15.10915,15.10528,100,520
2019-11-01 12:29:11.301000,15.10822,15.10398,220,220
2019-11-01 12:29:11.459000,15.10782,15.10398,220,220
2019-11-01 12:29:11.560000,15.10822,15.10398,220,220
2019-11-01 12:29:11.791000,15.10815,15.10398,100,220
2019-11-01 12:29:11.842000,15.10822,15.10388,220,220
2019-11-01 12:29:11.893000,15.10782,15.10388,220,220
2019-11-01 12:29:12.030000,15.10822,15.10448,220,970
2019-11-01 12:29:12.383000,15.10832,15.10488,220,220
2019-11-01 12:29:12.434000,15.10842,15.10478,220,220
2019-11-01 12:29:12.535000,15.10922,15.10548,220,370
2019-11-01 12:29:12.635000,15.10922,15.10528,220,520
2019-11-01 12:29:13.197000,15.10832,15.10448,300,220
2019-11-01 12:29:13.298000,15.10822,15.10448,220,220
2019-11-01 12:29:13.358000,15.10822,15.10438,220,220
2019-11-01 12:29:13.436000,15.10822,15.10448,220,750
2019-11-01 12:29:13.486000,15.10822,15.10428,220,520
2019-11-01 12:29:14.309000,15.10762,15.10398,150,370
2019-11-01 12:29:14.359000,15.10732,15.10358,300,220
2019-11-01 12:29:14.410000,15.10772,15.10378,220,220
2019-11-01 12:29:14.461000,15.10815,15.10388,100,220
2019-11-01 12:29:14.561000,15.10822,15.10388,220,220
2019-11-01 12:29:15.004000,15.10822,15.10448,220,370
2019-11-01 12:29:15.284000,15.10832,15.10448,520,370
2019-11-01 12:29:15.385000,15.10915,15.10448,100,750
2019-11-01 12:29:15.945000,15.10882,15.10428,220,300
2019-11-01 12:29:16.224000,15.10922,15.10528,220,300
2019-11-01 12:29:17.460000,15.10922,15.10518,220,220
2019-11-01 12:29:17.611000,15.10922,15.10528,220,520
2019-11-01 12:29:17.699000,15.10922,15.10498,220,370
2019-11-01 12:29:17.750000,15.10892,15.10428,220,520
2019-11-01 12:29:17.859000,15.10915,15.10428,100,520
2019-11-01 12:29:18.070000,15.10915,15.10448,100,750
2019-11-01 12:29:18.915000,15.10915,15.10458,100,220
2019-11-01 12:29:19.030000,15.10915,15.10448,100,750
2019-11-01 12:29:19.080000,15.10922,15.10548,220,370
2019-11-01 12:29:20.719000,15.10922,15.10528,220,300
2019-11-01 12:29:22.049000,15.10922,15.10498,220,370
2019-11-01 12:29:22.150000,15.10922,15.10448,220,1120
2019-11-01 12:29:23.205000,15.10922,15.10528,220,300
2019-11-01 12:29:23.872000,15.10945,15.10568,100,220
2019-11-01 12:29:23.922000,15.10962,15.10568,150,220
2019-11-01 12:29:24.167000,15.10962,15.10548,150,750
2019-11-01 12:29:24.310000,15.10932,15.10628,300,300
2019-11-01 12:29:24.439000,15.10962,15.10628,150,300
2019-11-01 12:29:26.559000,15.10962,15.10648,150,370
2019-11-01 12:29:26.769000,15.11022,15.10648,220,370
2019-11-01 12:29:27.049000,15.11022,15.10628,220,300
2019-11-01 12:29:27.150000,15.10962,15.10548,150,370
2019-11-01 12:29:27.200000,15.10962,15.10628,150,300
2019-11-01 12:29:27.319000,15.11022,15.10628,220,520
2019-11-01 12:29:29.020000,15.11022,15.10648,220,370
2019-11-01 12:29:29.510000,15.11022,15.10628,220,520
2019-11-01 12:29:29.664000,15.11022,15.10648,220,370
2019-11-01 12:29:29.774000,15.11032,15.10648,520,370
2019-11-01 12:29:31.894000,15.11022,15.10648,220,370
2019-11-01 12:29:31.959000,15.11095,15.10648,100,750
2019-11-01 12:29:32.009000,15.11032,15.10648,300,1120
2019-11-01 12:29:32.311000,15.11095,15.10648,100,750
2019-11-01 12:29:32.412000,15.11092,15.10648,220,750
2019-11-01 12:29:32.516000,15.11122,15.10655,220,100
2019-11-01 12:29:32.616000,15.11122,15.10648,220,750
2019-11-01 12:29:32.823000,15.11115,15.10648,100,750
2019-11-01 12:29:33.047000,15.11032,15.10648,300,750
2019-11-01 12:29:33.660000,15.11022,15.10648,220,370
2019-11-01 12:29:33.811000,15.11022,15.10628,220,300
2019-11-01 12:29:34.410000,15.11032,15.10628,520,520
2019-11-01 12:29:35.110000,15.10942,15.10528,220,520
2019-11-01 12:29:35.161000,15.10985,15.10528,100,520
2019-11-01 12:29:35.214000,15.11005,15.10548,100,370
2019-11-01 12:29:35.407000,15.11025,15.10548,100,370
2019-11-01 12:29:35.816000,15.11032,15.10628,300,300
2019-11-01 12:29:35.917000,15.11022,15.10628,220,520
2019-11-01 12:29:36.048000,15.10995,15.10628,100,300
2019-11-01 12:29:36.115000,15.11022,15.10648,220,370
2019-11-01 12:29:36.971000,15.11032,15.10648,220,750
2019-11-01 12:29:37.072000,15.11122,15.10728,220,300
2019-11-01 12:29:37.350000,15.11122,15.10648,220,750
2019-11-01 12:29:37.400000,15.11115,15.10648,100,1120
2019-11-01 12:29:37.675000,15.11122,15.10648,220,1120
2019-11-01 12:29:37.985000,15.11032,15.10658,300,220
2019-11-01 12:29:38.036000,15.11122,15.10658,220,220
2019-11-01 12:29:38.137000,15.11132,15.10648,520,750
2019-11-01 12:29:38.271000,15.11132,15.10698,220,220
2019-11-01 12:29:38.422000,15.11165,15.10718,100,220
2019-11-01 12:29:38.472000,15.11155,15.10718,100,220
2019-11-01 12:29:38.786000,15.11122,15.10728,220,300
2019-11-01 12:29:38.887000,15.11165,15.10728,100,300
2019-11-01 12:29:38.961000,15.11175,15.10728,100,300
2019-11-01 12:29:39.186000,15.11215,15.10828,100,300
2019-11-01 12:29:39.885000,15.11222,15.10828,220,300
2019-11-01 12:29:40.263000,15.11222,15.10728,220,300
2019-11-01 12:29:40.535000,15.11222,15.10828,220,300
2019-11-01 12:29:40.767000,15.11222,15.10748,220,370
2019-11-01 12:29:40.868000,15.11215,15.10748,100,750
2019-11-01 12:29:40.918000,15.11222,15.10748,220,750
2019-11-01 12:29:41.072000,15.11132,15.10728,520,300
2019-11-01 12:29:41.187000,15.11122,15.10728,220,300
2019-11-01 12:29:41.559000,15.11132,15.10728,520,520
2019-11-01 12:29:41.610000,15.11122,15.10748,220,750
2019-11-01 12:29:42.163000,15.11132,15.10748,520,750
2019-11-01 12:29:42.358000,15.11022,15.10648,220,750
2019-11-01 12:29:42.871000,15.11032,15.10648,520,750
2019-11-01 12:29:43.121000,15.11122,15.10648,220,1120
2019-11-01 12:29:43.762000,15.11132,15.10648,520,750
2019-11-01 12:29:43.907000,15.11175,15.10698,100,220
2019-11-01 12:29:44.008000,15.11142,15.10748,220,750
2019-11-01 12:29:44.109000,15.11132,15.10748,520,750
2019-11-01 12:29:45.986000,15.11222,15.10748,220,750
2019-11-01 12:29:46.959000,15.11132,15.10735,300,100
2019-11-01 12:29:47.010000,15.11132,15.10635,300,100
2019-11-01 12:29:47.061000,15.11192,15.10648,220,1120
2019-11-01 12:29:47.323000,15.11222,15.10718,220,220
2019-11-01 12:29:47.552000,15.11225,15.10648,100,1120
2019-11-01 12:29:47.603000,15.11322,15.10848,220,970
2019-11-01 12:29:47.754000,15.11322,15.10928,220,520
2019-11-01 12:29:48.091000,15.11422,15.11028,220,300
2019-11-01 12:29:48.239000,15.11422,15.10998,220,370
2019-11-01 12:29:48.290000,15.11392,15.10948,220,750
2019-11-01 12:29:48.521000,15.11422,15.10948,220,750
2019-11-01 12:29:49.135000,15.11432,15.10958,520,220
2019-11-01 12:29:49.341000,15.11422,15.10948,220,750
2019-11-01 12:29:49.492000,15.11422,15.11028,220,520
2019-11-01 12:29:50.121000,15.11432,15.11028,520,520
2019-11-01 12:29:50.222000,15.11532,15.11028,520,520
2019-11-01 12:29:50.272000,15.11522,15.11028,220,520
2019-11-01 12:29:50.418000,15.11522,15.11118,220,220
2019-11-01 12:29:50.518000,15.11522,15.11028,220,520
2019-11-01 12:29:50.660000,15.11422,15.11028,220,520
2019-11-01 12:29:50.820000,15.11332,15.10828,300,300
2019-11-01 12:29:50.870000,15.11222,15.10828,220,300
2019-11-01 12:29:50.997000,15.11322,15.10828,220,520
2019-11-01 12:29:51.142000,15.11365,15.10828,100,520
2019-11-01 12:29:51.193000,15.11422,15.10928,220,520
2019-11-01 12:29:51.563000,15.11332,15.10928,300,520
2019-11-01 12:29:51.774000,15.11322,15.10928,220,300
2019-11-01 12:29:52.455000,15.11322,15.10918,220,220
2019-11-01 12:29:52.506000,15.11292,15.10828,220,520
2019-11-01 12:29:52.650000,15.11322,15.10828,220,520
2019-11-01 12:29:52.701000,15.11232,15.10828,300,520
2019-11-01 12:29:53.097000,15.11222,15.10828,220,520
2019-11-01 12:29:53.360000,15.11322,15.10828,220,520
2019-11-01 12:29:53.749000,15.11332,15.10928,520,520
2019-11-01 12:29:54.209000,15.11415,15.10928,100,520
2019-11-01 12:29:54.310000,15.11422,15.10928,220,520
2019-11-01 12:29:54.440000,15.11422,15.10958,220,220
2019-11-01 12:29:54.650000,15.11422,15.11028,220,520
2019-11-01 12:29:55.096000,15.11422,15.11008,220,220
2019-11-01 12:29:55.147000,15.11432,15.11008,520,220
2019-11-01 12:29:55.426000,15.11522,15.11028,220,520
2019-11-01 12:29:55.773000,15.11532,15.11028,520,520
2019-11-01 12:29:56.239000,15.11522,15.11028,220,520
2019-11-01 12:29:56.342000,15.11522,15.11058,220,220
2019-11-01 12:29:56.539000,15.11522,15.11028,220,520
2019-11-01 12:29:56.963000,15.11632,15.11128,520,300
2019-11-01 12:29:57.013000,15.11622,15.11128,220,520
2019-11-01 12:29:57.417000,15.11532,15.11028,520,520
2019-11-01 12:29:57.467000,15.11522,15.11028,220,520
2019-11-01 12:29:57.608000,15.11522,15.11128,220,300
2019-11-01 12:29:57.765000,15.11532,15.11128,520,520
2019-11-01 12:29:57.840000,15.11522,15.11128,220,520
2019-11-01 12:29:58.044000,15.11522,15.11208,220,220
2019-11-01 12:29:58.094000,15.11522,15.11128,220,520
2019-11-01 12:29:58.253000,15.11462,15.11118,220,220
2019-11-01 12:29:58.371000,15.11522,15.11128,220,520
2019-11-01 12:29:58.972000,15.11532,15.11128,220,520
2019-11-01 12:29:59.023000,15.11492,15.11028,220,520
2019-11-01 12:29:59.152000,15.11522,15.11028,220,520
2019-11-01 12:29:59.275000,15.11442,15.10928,220,520
2019-11-01 12:29:59.488000,15.11522,15.10928,220,520
2019-11-01 12:29:59.592000,15.11432,15.11048,300,220
2019-11-01 12:29:59.748000,15.11432,15.10928,300,520
2019-11-01 12:29:59.882000,15.11532,15.10928,520,520
2019-11-01 12:29:59.970000,15.11542,15.10928,220,520
2019-11-01 12:30:00.021000,15.11532,15.10928,520,520
2019-11-01 12:30:00.150000,15.11292,15.10828,220,520
2019-11-01 12:30:00.200000,15.11232,15.10728,300,300
2019-11-01 12:30:00.251000,15.11222,15.10728,220,520
2019-11-01 12:30:00.301000,15.10962,15.10408,220,370
2019-11-01 12:30:00.352000,15.10665,15.09347,100,2840
2019-11-01 12:30:00.402000,15.10332,15.09895,520,370
2019-11-01 12:30:00.483000,15.10172,15.0929,220,2840
2019-11-01 12:30:00.533000,15.10122,15.09628,220,220
2019-11-01 12:30:00.583000,15.10265,15.08905,100,3810
2019-11-01 12:30:00.634000,15.09032,15.08252,300,100
2019-11-01 12:30:00.739000,15.08712,15.08252,220,80
2019-11-01 12:30:00.840000,15.08432,15.08252,520,80
2019-11-01 12:30:00.973000,15.08332,15.08252,300,80
2019-11-01 12:30:01.024000,15.08522,15.08252,220,50
2019-11-01 12:30:01.075000,15.08432,15.08252,520,50
2019-11-01 12:30:01.176000,15.08322,15.08252,220,50
2019-11-01 12:30:01.226000,15.08182,15.07518,220,220
2019-11-01 12:30:01.277000,15.08222,15.07518,220,220
2019-11-01 12:30:01.327000,15.08422,15.08252,220,50
2019-11-01 12:30:01.377000,15.08422,15.07518,220,220
2019-11-01 12:30:01.483000,15.08208,15.07588,300,220
2019-11-01 12:30:01.534000,15.07892,15.07218,220,220
2019-11-01 12:30:01.585000,15.08529,15.07118,5830,220
2019-11-01 12:30:01.635000,15.08146,15.07118,220,220
2019-11-01 12:30:01.739000,15.07312,15.06825,300,220
2019-11-01 12:30:01.789000,15.06705,15.06,100,10
2019-11-01 12:30:01.903000,15.06715,15.06,100,10
2019-11-01 12:30:01.954000,15.07075,15.06,100,10
2019-11-01 12:30:02.004000,15.06452,15.05918,220,220
2019-11-01 12:30:02.112000,15.06552,15.06108,220,300
2019-11-01 12:30:02.163000,15.06012,15.05568,220,220
2019-11-01 12:30:02.314000,15.06102,15.05488,220,220
2019-11-01 12:30:02.389000,15.06112,15.05528,300,220
2019-11-01 12:30:02.490000,15.05762,15.05308,220,300
2019-11-01 12:30:02.540000,15.05802,15.05308,220,300
2019-11-01 12:30:02.590000,15.05682,15.05268,220,220
2019-11-01 12:30:02.641000,15.05632,15.05208,220,520
2019-11-01 12:30:02.780000,15.05732,15.05258,220,220
2019-11-01 12:30:02.833000,15.06092,15.05608,220,300
2019-11-01 12:30:02.887000,15.06182,15.05608,220,300
2019-11-01 12:30:02.937000,15.06402,15.05838,220,220
2019-11-01 12:30:03.039000,15.06302,15.05848,220,220
2019-11-01 12:30:03.168000,15.06282,15.05848,220,220
2019-11-01 12:30:03.269000,15.06712,15.06208,300,300
2019-11-01 12:30:03.320000,15.06615,15.05908,100,300
2019-11-01 12:30:03.420000,15.06312,15.05908,300,300
2019-11-01 12:30:03.471000,15.06482,15.05918,220,220
2019-11-01 12:30:03.599000,15.05982,15.05308,220,300
2019-11-01 12:30:03.651000,15.05702,15.05268,220,220
2019-11-01 12:30:03.701000,15.05672,15.05018,220,220
2019-11-01 12:30:03.751000,15.05392,15.04978,220,220
2019-11-01 12:30:03.852000,15.05562,15.05108,220,300
2019-11-01 12:30:03.953000,15.05472,15.05068,220,220
2019-11-01 12:30:04.003000,15.05862,15.05068,220,220
2019-11-01 12:30:04.053000,15.05902,15.05178,220,150
2019-11-01 12:30:04.154000,15.05812,15.05418,520,220
2019-11-01 12:30:04.204000,15.05752,15.05188,220,220
2019-11-01 12:30:04.255000,15.05712,15.05208,520,300
2019-11-01 12:30:04.405000,15.05322,15.04948,220,190
2019-11-01 12:30:04.481000,15.05612,15.04948,300,410
2019-11-01 12:30:04.532000,15.05412,15.04948,300,190
2019-11-01 12:30:04.633000,15.05542,15.05138,150,220
2019-11-01 12:30:04.734000,15.05712,15.05208,520,300
2019-11-01 12:30:04.834000,15.05512,15.04948,520,190
2019-11-01 12:30:04.885000,15.05292,15.04978,220,220
2019-11-01 12:30:04.987000,15.05512,15.05008,520,300
2019-11-01 12:30:05.038000,15.05452,15.04848,220,370
2019-11-01 12:30:05.088000,15.05212,15.04608,300,220
2019-11-01 12:30:05.189000,15.05202,15.04618,220,220
2019-11-01 12:30:05.290000,15.05372,15.04828,220,220
2019-11-01 12:30:05.441000,15.05212,15.04818,520,220
2019-11-01 12:30:05.541000,15.05215,15.04035,100,100
2019-11-01 12:30:05.642000,15.05072,15.04718,220,220
2019-11-01 12:30:05.692000,15.05412,15.04708,300,220
2019-11-01 12:30:05.743000,15.05412,15.04888,300,220
2019-11-01 12:30:05.845000,15.05812,15.05318,300,220
2019-11-01 12:30:05.949000,15.06112,15.05718,520,220
2019-11-01 12:30:06.100000,15.05912,15.05468,520,220
2019-11-01 12:30:06.150000,15.05912,15.05518,520,220
2019-11-01 12:30:06.230000,15.06012,15.05608,520,300
2019-11-01 12:30:06.281000,15.05962,15.05458,220,220
2019-11-01 12:30:06.381000,15.06112,15.05538,300,220
2019-11-01 12:30:06.432000,15.05912,15.05518,520,220
2019-11-01 12:30:06.482000,15.05912,15.05468,520,220
2019-11-01 12:30:06.533000,15.05812,15.05418,520,220
2019-11-01 12:30:06.674000,15.05812,15.05438,220,220
2019-11-01 12:30:06.775000,15.05912,15.05518,520,220
2019-11-01 12:30:06.826000,15.05912,15.05478,220,220
2019-11-01 12:30:06.877000,15.05912,15.05488,300,220
2019-11-01 12:30:07.027000,15.06012,15.05578,520,220
2019-11-01 12:30:07.078000,15.06012,15.05568,520,220
2019-11-01 12:30:07.181000,15.05942,15.05508,220,300
2019-11-01 12:30:07.235000,15.06012,15.05568,520,220
2019-11-01 12:30:07.286000,15.06365,15.05505,100,100
2019-11-01 12:30:07.336000,15.06265,15.05688,100,220
2019-11-01 12:30:07.438000,15.06312,15.05778,300,150
2019-11-01 12:30:07.489000,15.06202,15.05555,370,100
2019-11-01 12:30:07.539000,15.06202,15.05598,370,370
2019-11-01 12:30:07.684000,15.05832,15.05398,220,370
2019-11-01 12:30:07.785000,15.06172,15.05658,220,220
2019-11-01 12:30:07.835000,15.06112,15.05648,300,370
2019-11-01 12:30:07.886000,15.05702,15.05138,220,220
2019-11-01 12:30:07.936000,15.05702,15.05198,220,370
2019-11-01 12:30:08.115000,15.05615,15.05038,100,220
2019-11-01 12:30:08.166000,15.05412,15.05028,220,220
2019-11-01 12:30:08.316000,15.05822,15.05248,220,370
2019-11-01 12:30:08.367000,15.05822,15.05448,220,370
2019-11-01 12:30:08.417000,15.05922,15.05478,220,220
2019-11-01 12:30:08.568000,15.05772,15.05328,220,300
2019-11-01 12:30:08.619000,15.05902,15.05438,370,220
2019-11-01 12:30:08.672000,15.05902,15.05428,370,300
2019-11-01 12:30:08.722000,15.05832,15.05428,300,300
2019-11-01 12:30:08.824000,15.05852,15.05468,220,220
2019-11-01 12:30:08.874000,15.05812,15.05348,220,220
2019-11-01 12:30:08.975000,15.05922,15.05518,220,220
2019-11-01 12:30:09.083000,15.05912,15.05498,220,370
2019-11-01 12:30:09.133000,15.05872,15.05468,220,220
2019-11-01 12:30:09.184000,15.05892,15.05468,220,220
2019-11-01 12:30:09.237000,15.05872,15.05468,220,220
2019-11-01 12:30:09.338000,15.06332,15.06048,370,750
2019-11-01 12:30:09.389000,15.06462,15.06028,220,520
2019-11-01 12:30:09.439000,15.06522,15.06158,220,220
2019-11-01 12:30:09.534000,15.06532,15.06128,300,300
2019-11-01 12:30:09.585000,15.06462,15.06058,220,220
2019-11-01 12:30:09.685000,15.06512,15.06058,220,220
2019-11-01 12:30:09.736000,15.06392,15.05998,220,150
2019-11-01 12:30:09.836000,15.06412,15.05958,220,220
2019-11-01 12:30:09.887000,15.06402,15.06028,220,220
2019-11-01 12:30:09.987000,15.06402,15.05828,220,300
2019-11-01 12:30:10.038000,15.06402,15.05918,370,220
2019-11-01 12:30:10.152000,15.06362,15.05948,220,220
2019-11-01 12:30:10.232000,15.06392,15.05958,220,220
2019-11-01 12:30:10.282000,15.06502,15.06068,220,220
2019-11-01 12:30:10.382000,15.06372,15.05858,220,220
2019-11-01 12:30:10.433000,15.06272,15.05728,220,300
2019-11-01 12:30:10.484000,15.06212,15.05768,220,220
2019-11-01 12:30:10.604000,15.06202,15.05778,220,220
2019-11-01 12:30:10.704000,15.05652,15.05228,370,300
2019-11-01 12:30:10.755000,15.05652,15.05198,370,220
2019-11-01 12:30:10.805000,15.05622,15.05228,220,520
2019-11-01 12:30:10.855000,15.05822,15.05288,220,220
2019-11-01 12:30:10.906000,15.05922,15.05518,220,220
2019-11-01 12:30:11.046000,15.06022,15.05588,220,220
2019-11-01 12:30:11.198000,15.06122,15.05668,220,220
2019-11-01 12:30:11.253000,15.06062,15.05568,220,220
2019-11-01 12:30:11.304000,15.06032,15.05548,300,750
2019-11-01 12:30:11.492000,15.06022,15.05598,220,220
2019-11-01 12:30:11.542000,15.05962,15.05528,220,300
2019-11-01 12:30:11.593000,15.05922,15.05468,220,220
2019-11-01 12:30:11.694000,15.05722,15.05308,220,220
2019-11-01 12:30:11.956000,15.05722,15.05248,220,970
2019-11-01 12:30:12.046000,15.05722,15.05298,220,220
2019-11-01 12:30:12.096000,15.05822,15.05328,220,300
2019-11-01 12:30:12.148000,15.05632,15.05328,300,300
2019-11-01 12:30:12.199000,15.05702,15.05328,370,300
2019-11-01 12:30:12.299000,15.05632,15.05238,520,220
2019-11-01 12:30:12.350000,15.05622,15.05228,220,300
2019-11-01 12:30:12.400000,15.05662,15.05228,150,520
2019-11-01 12:30:12.453000,15.05662,15.05248,150,600
2019-11-01 12:30:12.554000,15.05722,15.05288,220,220
2019-11-01 12:30:12.604000,15.05732,15.05298,300,150
2019-11-01 12:30:12.705000,15.05712,15.05348,220,750
2019-11-01 12:30:12.755000,15.05802,15.05368,220,220
2019-11-01 12:30:12.805000,15.05922,15.05488,220,220
2019-11-01 12:30:12.929000,15.06192,15.05848,220,750
2019-11-01 12:30:12.982000,15.06202,15.05848,220,370
2019-11-01 12:30:13.033000,15.06192,15.05768,220,220
2019-11-01 12:30:13.083000,15.06092,15.05698,220,370
2019-11-01 12:30:13.133000,15.06122,15.05648,220,370
2019-11-01 12:30:13.184000,15.05992,15.05568,220,220
2019-11-01 12:30:13.361000,15.05982,15.05578,220,220
2019-11-01 12:30:13.412000,15.05972,15.05478,220,220
2019-11-01 12:30:13.463000,15.05912,15.05478,220,220
2019-11-01 12:30:13.563000,15.05892,15.05428,220,520
2019-11-01 12:30:13.614000,15.05882,15.05478,220,220
2019-11-01 12:30:13.764000,15.05912,15.05528,220,300
2019-11-01 12:30:13.882000,15.06222,15.05828,220,220
2019-11-01 12:30:13.982000,15.06232,15.05778,300,220
2019-11-01 12:30:14.033000,15.06192,15.05778,220,220
2019-11-01 12:30:14.133000,15.06192,15.05768,220,220
2019-11-01 12:30:14.184000,15.06032,15.05548,220,1350
2019-11-01 12:30:14.234000,15.05952,15.05628,280,220
2019-11-01 12:30:14.372000,15.05932,15.05528,220,300
2019-11-01 12:30:14.475000,15.06012,15.05548,220,970
2019-11-01 12:30:14.579000,15.06002,15.05548,220,970
2019-11-01 12:30:14.730000,15.06002,15.05568,220,220
2019-11-01 12:30:14.880000,15.06022,15.05628,220,520
2019-11-01 12:30:14.981000,15.06042,15.05648,220,750
2019-11-01 12:30:15.032000,15.06152,15.05748,300,220
2019-11-01 12:30:15.082000,15.06142,15.05748,220,470
2019-11-01 12:30:15.132000,15.06252,15.05838,300,220
2019-11-01 12:30:15.183000,15.06112,15.05648,220,750
2019-11-01 12:30:15.267000,15.06052,15.05648,670,750
2019-11-01 12:30:15.319000,15.06535,15.06238,370,220
2019-11-01 12:30:15.369000,15.06642,15.06238,220,220
2019-11-01 12:30:15.419000,15.06465,15.06238,100,220
2019-11-01 12:30:15.470000,15.06442,15.06038,220,220
2019-11-01 12:30:15.520000,15.06342,15.05948,220,370
2019-11-01 12:30:15.621000,15.06512,15.06128,220,220
2019-11-01 12:30:15.731000,15.06502,15.06068,220,220
2019-11-01 12:30:15.781000,15.06632,15.06228,220,300
2019-11-01 12:30:15.882000,15.06552,15.06138,670,220
2019-11-01 12:30:15.933000,15.06452,15.06128,300,300
2019-11-01 12:30:15.983000,15.06492,15.06048,220,750
2019-11-01 12:30:16.033000,15.06482,15.06048,220,750
2019-11-01 12:30:16.145000,15.06522,15.06148,220,750
2019-11-01 12:30:16.296000,15.06522,15.06128,220,300
2019-11-01 12:30:16.396000,15.06532,15.06228,300,300
2019-11-01 12:30:16.447000,15.06592,15.06188,220,220
2019-11-01 12:30:16.497000,15.06612,15.06238,220,220
2019-11-01 12:30:16.654000,15.06622,15.06248,220,370
2019-11-01 12:30:16.755000,15.06532,15.06148,300,750
2019-11-01 12:30:16.856000,15.06522,15.06158,220,220
2019-11-01 12:30:17.006000,15.06592,15.06248,220,220
2019-11-01 12:30:17.111000,15.06622,15.06248,220,220
2019-11-01 12:30:17.212000,15.06722,15.06328,220,300
2019-11-01 12:30:17.312000,15.06902,15.06368,370,220
2019-11-01 12:30:17.363000,15.06922,15.06548,220,750
2019-11-01 12:30:17.509000,15.06932,15.06578,300,220
2019-11-01 12:30:17.560000,15.06842,15.06448,220,750
2019-11-01 12:30:17.661000,15.06742,15.06388,220,220
2019-11-01 12:30:17.711000,15.06742,15.06348,220,220
2019-11-01 12:30:17.762000,15.06732,15.06348,220,220
2019-11-01 12:30:17.867000,15.06712,15.06338,220,220
2019-11-01 12:30:17.957000,15.06912,15.06388,220,220
2019-11-01 12:30:18.007000,15.06842,15.06408,220,220
2019-11-01 12:30:18.108000,15.06842,15.06438,220,220
2019-11-01 12:30:18.208000,15.06842,15.06428,220,300
2019-11-01 12:30:18.309000,15.06752,15.06368,220,220
2019-11-01 12:30:18.397000,15.06842,15.06428,220,220
2019-11-01 12:30:18.497000,15.06842,15.06438,220,220
2019-11-01 12:30:18.598000,15.06952,15.06578,300,220
2019-11-01 12:30:18.648000,15.06952,15.06558,220,220
2019-11-01 12:30:18.699000,15.06952,15.06568,520,220
2019-11-01 12:30:18.749000,15.06942,15.06548,220,600
2019-11-01 12:30:18.908000,15.06942,15.06538,220,220
2019-11-01 12:30:18.959000,15.06942,15.06498,220,220
2019-11-01 12:30:19.062000,15.06852,15.06468,520,220
2019-11-01 12:30:19.113000,15.06942,15.06498,220,220
2019-11-01 12:30:19.163000,15.06942,15.06508,220,220
2019-11-01 12:30:19.264000,15.06942,15.06528,220,220
2019-11-01 12:30:19.365000,15.06942,15.06538,220,220
2019-11-01 12:30:19.446000,15.07002,15.06588,370,220
2019-11-01 12:30:19.547000,15.07235,15.06828,370,520
2019-11-01 12:30:19.597000,15.07142,15.06718,220,220
2019-11-01 12:30:19.648000,15.06985,15.06498,370,370
2019-11-01 12:30:19.698000,15.06842,15.06458,220,220
2019-11-01 12:30:19.799000,15.06752,15.06388,300,220
2019-11-01 12:30:19.900000,15.06742,15.06378,220,220
2019-11-01 12:30:19.986000,15.06915,15.06428,370,520
2019-11-01 12:30:20.037000,15.06642,15.06248,220,600
2019-11-01 12:30:20.138000,15.06552,15.06165,300,370
2019-11-01 12:30:20.189000,15.06592,15.06188,220,220
2019-11-01 12:30:20.240000,15.06642,15.06248,220,370
2019-11-01 12:30:20.290000,15.06742,15.06328,220,520
2019-11-01 12:30:20.341000,15.06702,15.06288,370,220
2019-11-01 12:30:20.518000,15.06652,15.06258,520,220
2019-11-01 12:30:20.569000,15.06742,15.06328,220,300
2019-11-01 12:30:20.619000,15.06452,15.06235,370,370
2019-11-01 12:30:20.720000,15.06442,15.06038,220,220
2019-11-01 12:30:20.809000,15.06402,15.06008,220,220
2019-11-01 12:30:20.910000,15.06352,15.05978,220,220
2019-11-01 12:30:21.010000,15.06342,15.05958,220,220
2019-11-01 12:30:21.211000,15.06192,15.05848,220,370
2019-11-01 12:30:21.323000,15.06142,15.05758,220,220
2019-11-01 12:30:21.424000,15.06042,15.05648,220,520
2019-11-01 12:30:21.676000,15.06042,15.05638,220,220
2019-11-01 12:30:21.787000,15.05942,15.05568,220,220
2019-11-01 12:30:21.838000,15.05942,15.05558,220,220
2019-11-01 12:30:21.888000,15.05942,15.05568,220,220
2019-11-01 12:30:21.989000,15.05742,15.05368,220,220
2019-11-01 12:30:22.039000,15.05842,15.05448,220,300
2019-11-01 12:30:22.089000,15.05752,15.05378,670,220
2019-11-01 12:30:22.143000,15.05742,15.05358,220,220
2019-11-01 12:30:22.193000,15.05752,15.05448,300,300
2019-11-01 12:30:22.243000,15.05832,15.05438,220,220
2019-11-01 12:30:22.294000,15.05742,15.05348,220,520
2019-11-01 12:30:22.395000,15.05642,15.05258,220,220
2019-11-01 12:30:22.546000,15.05702,15.05288,370,220
2019-11-01 12:30:22.621000,15.05702,15.05255,370,100
2019-11-01 12:30:22.671000,15.05702,15.05348,370,520
2019-11-01 12:30:22.772000,15.05802,15.05358,370,220
2019-11-01 12:30:22.822000,15.05802,15.05448,370,520
2019-11-01 12:30:22.923000,15.05902,15.05548,370,670
2019-11-01 12:30:23.161000,15.05842,15.05448,220,900
2019-11-01 12:30:23.281000,15.05802,15.05458,370,220
2019-11-01 12:30:23.331000,15.05802,15.05448,370,670
2019-11-01 12:30:23.382000,15.05902,15.05548,370,300
2019-11-01 12:30:23.482000,15.05842,15.05388,220,220
2019-11-01 12:30:23.533000,15.05842,15.05448,220,1270
2019-11-01 12:30:23.656000,15.05842,15.05468,220,220
2019-11-01 12:30:23.707000,15.05792,15.05368,220,220
2019-11-01 12:30:23.757000,15.05862,15.05458,220,220
2019-11-01 12:30:23.858000,15.05852,15.05458,370,220
2019-11-01 12:30:23.908000,15.05862,15.05458,220,220
2019-11-01 12:30:23.959000,15.05872,15.05468,220,220
2019-11-01 12:30:24.073000,15.05952,15.05548,900,300
2019-11-01 12:30:24.250000,15.05852,15.05458,370,220
2019-11-01 12:30:24.350000,15.05852,15.05348,600,1050
2019-11-01 12:30:24.401000,15.05852,15.05458,600,220
2019-11-01 12:30:24.577000,15.05842,15.05458,220,220
2019-11-01 12:30:24.714000,15.05852,15.05458,370,220
2019-11-01 12:30:24.815000,15.05872,15.05548,300,300
2019-11-01 12:30:24.866000,15.05942,15.05558,220,220
2019-11-01 12:30:24.966000,15.05992,15.05558,220,220
2019-11-01 12:30:25.017000,15.05972,15.05648,300,300
2019-11-01 12:30:25.067000,15.06002,15.05658,150,220
2019-11-01 12:30:25.213000,15.06065,15.05728,370,220
2019-11-01 12:30:25.314000,15.06152,15.05768,220,220
2019-11-01 12:30:25.364000,15.06142,15.05758,220,220
2019-11-01 12:30:25.465000,15.06202,15.05858,150,220
2019-11-01 12:30:25.515000,15.06202,15.05848,150,520
2019-11-01 12:30:25.566000,15.06202,15.05778,220,220
2019-11-01 12:30:25.679000,15.06192,15.05768,220,220
2019-11-01 12:30:25.830000,15.06072,15.05668,520,220
2019-11-01 12:30:25.980000,15.06012,15.05588,220,220
2019-11-01 12:30:26.072000,15.06032,15.05658,220,220
2019-11-01 12:30:26.123000,15.06052,15.05658,600,220
2019-11-01 12:30:26.195000,15.06102,15.05758,370,220
2019-11-01 12:30:26.273000,15.06072,15.05668,520,220
2019-11-01 12:30:26.373000,15.05652,15.05258,220,220
2019-11-01 12:30:26.424000,15.05702,15.05258,150,220
2019-11-01 12:30:26.474000,15.05702,15.05268,150,220
2019-11-01 12:30:26.600000,15.05702,15.05308,150,220
2019-11-01 12:30:26.771000,15.05695,15.05308,100,220
2019-11-01 12:30:26.821000,15.05702,15.05308,370,220
2019-11-01 12:30:26.922000,15.05752,15.05358,220,220
2019-11-01 12:30:27.073000,15.05762,15.05368,220,220
2019-11-01 12:30:27.191000,15.05702,15.05348,370,750
2019-11-01 12:30:27.342000,15.05642,15.05258,220,220
2019-11-01 12:30:27.443000,15.05552,15.05248,370,300
2019-11-01 12:30:27.493000,15.05552,15.05188,370,220
2019-11-01 12:30:27.965000,15.05662,15.05268,220,220
2019-11-01 12:30:28.016000,15.05692,15.05298,220,220
2019-11-01 12:30:28.167000,15.05652,15.05258,600,220
2019-11-01 12:30:28.296000,15.05652,15.05268,600,220
2019-11-01 12:30:28.361000,15.05662,15.05258,220,220
2019-11-01 12:30:28.411000,15.05662,15.05268,220,220
2019-11-01 12:30:28.512000,15.05652,15.05258,370,220
2019-11-01 12:30:28.664000,15.05602,15.05248,370,520
2019-11-01 12:30:28.714000,15.05622,15.05248,220,520
2019-11-01 12:30:28.809000,15.05602,15.05248,150,520
2019-11-01 12:30:28.910000,15.05602,15.05258,150,220
2019-11-01 12:30:28.961000,15.05602,15.05248,150,300
2019-11-01 12:30:29.061000,15.05642,15.05258,220,220
2019-11-01 12:30:29.112000,15.05652,15.05258,370,220
2019-11-01 12:30:29.162000,15.05642,15.05258,220,220
2019-11-01 12:30:29.213000,15.05652,15.05258,600,220
2019-11-01 12:30:29.263000,15.05602,15.05248,370,300
2019-11-01 12:30:29.373000,15.05632,15.05258,220,220
2019-11-01 12:30:29.474000,15.05602,15.05258,220,220
2019-11-01 12:30:29.524000,15.05642,15.05258,220,220
2019-11-01 12:30:29.575000,15.05652,15.05308,370,220
2019-11-01 12:30:29.626000,15.05722,15.05348,220,300
2019-11-01 12:30:29.726000,15.05772,15.05448,300,300
2019-11-01 12:30:29.777000,15.05812,15.05458,220,220
2019-11-01 12:30:29.869000,15.05832,15.05458,220,220
2019-11-01 12:30:29.920000,15.05822,15.05458,220,220
2019-11-01 12:30:30.025000,15.05782,15.05448,220,750
2019-11-01 12:30:30.075000,15.05722,15.05358,220,220
2019-11-01 12:30:30.126000,15.05752,15.05358,370,220
2019-11-01 12:30:30.176000,15.05742,15.05368,220,220
2019-11-01 12:30:30.304000,15.05752,15.05448,370,300
2019-11-01 12:30:30.354000,15.05802,15.05458,150,220
2019-11-01 12:30:30.405000,15.05865,15.05548,370,300
2019-11-01 12:30:30.506000,15.05972,15.05578,300,220
2019-11-01 12:30:30.666000,15.05902,15.05518,150,220
2019-11-01 12:30:30.768000,15.05862,15.05458,220,220
2019-11-01 12:30:30.819000,15.05932,15.05558,220,220
2019-11-01 12:30:30.970000,15.05952,15.05648,370,300
2019-11-01 12:30:31.021000,15.06002,15.05598,370,220
2019-11-01 12:30:31.121000,15.06002,15.05648,150,520
2019-11-01 12:30:31.172000,15.05972,15.05578,520,220
2019-11-01 12:30:31.273000,15.05962,15.05568,220,220
2019-11-01 12:30:31.380000,15.06002,15.05598,150,220
2019-11-01 12:30:31.430000,15.06035,15.05658,370,220
2019-11-01 12:30:31.481000,15.06052,15.05658,600,220
2019-11-01 12:30:31.531000,15.06012,15.05648,220,520
2019-11-01 12:30:31.627000,15.05972,15.05568,300,220
2019-11-01 12:30:31.678000,15.05932,15.05548,220,300
2019-11-01 12:30:31.728000,15.05872,15.05468,300,220
2019-11-01 12:30:31.781000,15.05762,15.05398,220,220
2019-11-01 12:30:31.882000,15.05752,15.05385,370,370
2019-11-01 12:30:31.934000,15.05672,15.05315,300,370
2019-11-01 12:30:32.046000,15.05652,15.05295,600,370
2019-11-01 12:30:32.096000,15.05652,15.05278,370,220
2019-11-01 12:30:32.149000,15.05652,15.05268,220,220
2019-11-01 12:30:32.301000,15.05622,15.05258,220,220
2019-11-01 12:30:32.351000,15.05642,15.05268,220,220
2019-11-01 12:30:32.401000,15.05695,15.05348,370,300
2019-11-01 12:30:32.452000,15.05662,15.05298,220,220
2019-11-01 12:30:32.528000,15.05592,15.05248,220,370
2019-11-01 12:30:32.578000,15.05552,15.05188,370,220
2019-11-01 12:30:32.654000,15.05552,15.05198,370,220
2019-11-01 12:30:32.810000,15.05552,15.05228,370,220
2019-11-01 12:30:32.910000,15.05552,15.05198,370,220
2019-11-01 12:30:32.961000,15.05602,15.05258,150,220
2019-11-01 12:30:33.054000,15.05645,15.05258,370,220
2019-11-01 12:30:33.104000,15.05652,15.05268,370,220
2019-11-01 12:30:33.205000,15.05652,15.05278,370,220
2019-11-01 12:30:33.256000,15.05652,15.05248,370,520
2019-11-01 12:30:33.307000,15.05602,15.05238,150,220
2019-11-01 12:30:33.493000,15.05572,15.05258,300,220
2019-11-01 12:30:33.593000,15.05635,15.05258,370,220
2019-11-01 12:30:33.644000,15.05562,15.05238,220,220
2019-11-01 12:30:33.745000,15.05562,15.05248,220,300
2019-11-01 12:30:33.795000,15.05615,15.05248,370,300
2019-11-01 12:30:33.896000,15.05652,15.05278,370,220
2019-11-01 12:30:33.946000,15.05665,15.05348,370,300
2019-11-01 12:30:33.996000,15.05735,15.05348,370,300
2019-11-01 12:30:34.047000,15.05755,15.05378,370,220
2019-11-01 12:30:34.148000,15.05782,15.05408,220,220
2019-11-01 12:30:34.249000,15.05815,15.05568,370,300
2019-11-01 12:30:34.299000,15.05882,15.05478,220,220
2019-11-01 12:30:34.400000,15.05875,15.05518,370,220
2019-11-01 12:30:34.500000,15.05952,15.05578,370,220
2019-11-01 12:30:34.551000,15.05952,15.05588,370,220
2019-11-01 12:30:34.733000,15.06052,15.05668,370,300
2019-11-01 12:30:34.783000,15.06032,15.05668,220,520
2019-11-01 12:30:34.884000,15.06055,15.05868,370,300
2019-11-01 12:30:34.934000,15.06175,15.05868,370,520
2019-11-01 12:30:35.035000,15.06255,15.05878,370,220
2019-11-01 12:30:35.135000,15.06292,15.05878,300,220
2019-11-01 12:30:35.186000,15.06315,15.05968,370,520
2019-11-01 12:30:35.236000,15.06322,15.05968,220,520
2019-11-01 12:30:35.343000,15.06422,15.06068,150,300
2019-11-01 12:30:35.444000,15.06452,15.06068,370,520
2019-11-01 12:30:35.495000,15.06522,15.06168,370,300
2019-11-01 12:30:35.545000,15.06422,15.06008,370,220
2019-11-01 12:30:35.613000,15.06472,15.06068,220,300
2019-11-01 12:30:35.714000,15.06452,15.06068,370,520
2019-11-01 12:30:35.815000,15.06482,15.06078,220,220
2019-11-01 12:30:35.865000,15.06452,15.06078,370,220
2019-11-01 12:30:35.916000,15.06482,15.06068,220,520
2019-11-01 12:30:35.966000,15.06442,15.06148,220,220
2019-11-01 12:30:36.017000,15.06482,15.06068,220,520
2019-11-01 12:30:36.067000,15.06552,15.06168,370,300
2019-11-01 12:30:36.202000,15.06422,15.05988,150,220
2019-11-01 12:30:36.253000,15.06452,15.06068,600,520
2019-11-01 12:30:36.404000,15.06352,15.06068,220,300
2019-11-01 12:30:36.454000,15.06392,15.06068,300,300
2019-11-01 12:30:36.557000,15.06422,15.06068,150,220
2019-11-01 12:30:36.658000,15.06452,15.06068,370,520
2019-11-01 12:30:36.809000,15.06427,15.06058,150,220
2019-11-01 12:30:36.910000,15.06387,15.06018,220,220
2019-11-01 12:30:36.961000,15.06442,15.06068,220,520
2019-11-01 12:30:37.011000,15.06427,15.06068,370,220
2019-11-01 12:30:37.062000,15.06392,15.05968,520,520
2019-11-01 12:30:37.141000,15.06382,15.05968,220,520
2019-11-01 12:30:37.242000,15.06227,15.05868,150,220
2019-11-01 12:30:37.293000,15.06282,15.05918,220,220
2019-11-01 12:30:37.346000,15.06282,15.05868,220,520
2019-11-01 12:30:37.481000,15.06257,15.05868,370,520
2019-11-01 12:30:37.531000,15.06272,15.05868,220,520
2019-11-01 12:30:37.582000,15.06247,15.05878,220,220
2019-11-01 12:30:37.689000,15.06282,15.05878,220,220
2019-11-01 12:30:37.740000,15.06257,15.05878,370,220
2019-11-01 12:30:37.841000,15.06157,15.05788,370,220
2019-11-01 12:30:37.983000,15.06195,15.05868,100,300
2019-11-01 12:30:38.033000,15.06222,15.05868,220,300
2019-11-01 12:30:38.084000,15.06192,15.05788,300,220
2019-11-01 12:30:38.134000,15.06157,15.05768,370,520
2019-11-01 12:30:38.185000,15.06182,15.05768,220,520
2019-11-01 12:30:38.317000,15.06157,15.05768,370,520
2019-11-01 12:30:38.469000,15.05827,15.05685,220,370
2019-11-01 12:30:38.521000,15.05922,15.05685,150,370
2019-11-01 12:30:38.572000,15.05922,15.05568,370,220
2019-11-01 12:30:38.679000,15.05952,15.05568,600,300
2019-11-01 12:30:38.736000,15.05742,15.05258,220,220
2019-11-01 12:30:38.786000,15.05692,15.05258,220,220
2019-11-01 12:30:38.937000,15.05732,15.05368,220,520
2019-11-01 12:30:38.987000,15.05762,15.05368,220,300
2019-11-01 12:30:39.038000,15.05757,15.05368,220,520
2019-11-01 12:30:39.153000,15.05702,15.05268,220,220
2019-11-01 12:30:39.377000,15.05712,15.05348,220,220
2019-11-01 12:30:39.427000,15.05792,15.05368,220,300
2019-11-01 12:30:39.498000,15.05822,15.05468,220,300
2019-11-01 12:30:39.548000,15.05842,15.05468,220,300
2019-11-01 12:30:39.599000,15.05817,15.05498,220,220
2019-11-01 12:30:39.700000,15.05915,15.05668,370,520
2019-11-01 12:30:39.750000,15.05935,15.05668,370,300
2019-11-01 12:30:39.801000,15.06062,15.05668,220,520
2019-11-01 12:30:39.926000,15.06032,15.05668,220,520
2019-11-01 12:30:39.977000,15.06062,15.05668,220,520
2019-11-01 12:30:40.028000,15.06122,15.05718,150,220
2019-11-01 12:30:40.079000,15.06252,15.05868,220,520
2019-11-01 12:30:40.130000,15.06172,15.05768,300,520
2019-11-01 12:30:40.181000,15.06072,15.05748,300,370
2019-11-01 12:30:40.232000,15.06122,15.05708,220,220
2019-11-01 12:30:40.333000,15.06162,15.05768,220,300
2019-11-01 12:30:40.489000,15.06062,15.05668,220,300
2019-11-01 12:30:40.639000,15.06072,15.05698,300,220
2019-11-01 12:30:40.690000,15.06072,15.05678,520,220
2019-11-01 12:30:40.790000,15.06062,15.05668,220,520
2019-11-01 12:30:40.892000,15.06162,15.05768,220,300
2019-11-01 12:30:41.001000,15.06152,15.05768,220,520
2019-11-01 12:30:41.116000,15.06062,15.05698,220,220
2019-11-01 12:30:41.166000,15.06162,15.05768,220,520
2019-11-01 12:30:41.217000,15.06062,15.05698,220,220
2019-11-01 12:30:41.332000,15.06062,15.05648,220,750
2019-11-01 12:30:41.382000,15.06072,15.05728,300,220
2019-11-01 12:30:41.432000,15.06162,15.05768,220,520
2019-11-01 12:30:41.483000,15.06162,15.05778,220,220
2019-11-01 12:30:41.615000,15.06162,15.05788,220,220
2019-11-01 12:30:41.717000,15.06262,15.05878,220,220
2019-11-01 12:30:41.904000,15.06262,15.05868,220,520
2019-11-01 12:30:41.954000,15.06262,15.05878,220,220
2019-11-01 12:30:42.126000,15.06262,15.05848,220,370
2019-11-01 12:30:42.177000,15.06162,15.05788,220,220
2019-11-01 12:30:42.227000,15.06162,15.05778,220,220
2019-11-01 12:30:42.278000,15.06162,15.05808,220,220
2019-11-01 12:30:42.328000,15.06132,15.05768,220,520
2019-11-01 12:30:42.429000,15.06162,15.05768,220,520
2019-11-01 12:30:42.529000,15.06115,15.05728,100,220
2019-11-01 12:30:42.580000,15.06155,15.05758,100,220
2019-11-01 12:30:42.642000,15.06162,15.05758,220,220
2019-11-01 12:30:42.693000,15.06062,15.05698,220,220
2019-11-01 12:30:42.752000,15.06105,15.05718,100,220
2019-11-01 12:30:42.802000,15.06072,15.05698,300,220
2019-11-01 12:30:42.903000,15.06172,15.05798,300,220
2019-11-01 12:30:43.004000,15.06162,15.05875,220,370
2019-11-01 12:30:43.054000,15.06162,15.05788,220,220
2019-11-01 12:30:43.112000,15.06162,15.05785,220,370
2019-11-01 12:30:43.319000,15.06105,15.05768,100,300
2019-11-01 12:30:43.370000,15.06162,15.05805,220,370
2019-11-01 12:30:43.475000,15.06162,15.05808,220,220
2019-11-01 12:30:43.525000,15.06162,15.05805,220,370
2019-11-01 12:30:43.652000,15.06172,15.05805,300,370
2019-11-01 12:30:43.702000,15.06162,15.05818,220,220
2019-11-01 12:30:43.753000,15.06262,15.05878,220,220
2019-11-01 12:30:43.849000,15.06322,15.05975,150,370
2019-11-01 12:30:43.899000,15.06362,15.05975,220,370
2019-11-01 12:30:43.950000,15.06332,15.05975,220,370
2019-11-01 12:30:44,15.06332,15.05968,220,520
2019-11-01 12:30:44.051000,15.06365,15.06028,100,220
2019-11-01 12:30:44.101000,15.06345,15.05968,100,300
2019-11-01 12:30:44.202000,15.06462,15.06075,220,370
2019-11-01 12:30:44.252000,15.06372,15.06075,300,370
2019-11-01 12:30:44.302000,15.06562,15.06168,220,300
2019-11-01 12:30:44.548000,15.06522,15.06108,220,220
2019-11-01 12:30:44.599000,15.06562,15.06168,220,520
2019-11-01 12:30:44.701000,15.06472,15.06018,300,220
2019-11-01 12:30:44.752000,15.06362,15.05968,220,520
2019-11-01 12:30:44.906000,15.06432,15.06068,220,300
2019-11-01 12:30:44.956000,15.06462,15.06068,220,300
2019-11-01 12:30:45.057000,15.06437,15.06068,220,520
2019-11-01 12:30:45.107000,15.06462,15.06068,220,300
2019-11-01 12:30:45.501000,15.06622,15.06248,220,1120
2019-11-01 12:30:45.603000,15.06672,15.06298,220,220
2019-11-01 12:30:45.654000,15.06667,15.06285,220,370
2019-11-01 12:30:45.706000,15.06692,15.06295,300,370
2019-11-01 12:30:45.807000,15.06577,15.06268,300,300
2019-11-01 12:30:45.908000,15.06477,15.06235,300,370
2019-11-01 12:30:45.958000,15.06477,15.06125,520,370
2019-11-01 12:30:46.008000,15.06477,15.06145,220,370
2019-11-01 12:30:46.168000,15.06562,15.06168,220,300
2019-11-01 12:30:46.248000,15.06477,15.06175,300,370
2019-11-01 12:30:46.298000,15.06477,15.06095,300,370
2019-11-01 12:30:46.349000,15.06467,15.06095,220,370
2019-11-01 12:30:46.507000,15.06467,15.06115,220,370
2019-11-01 12:30:46.608000,15.06522,15.06175,220,370
2019-11-01 12:30:46.659000,15.06522,15.06165,220,370
2019-11-01 12:30:46.769000,15.06467,15.06095,220,370
2019-11-01 12:30:47.021000,15.06437,15.06095,220,370
2019-11-01 12:30:47.172000,15.06452,15.06045,220,370
2019-11-01 12:30:47.222000,15.06377,15.06045,520,370
2019-11-01 12:30:47.401000,15.06367,15.06035,220,370
2019-11-01 12:30:47.542000,15.06452,15.06075,220,370
2019-11-01 12:30:47.592000,15.06327,15.06035,220,370
2019-11-01 12:30:47.643000,15.06362,15.06035,220,370
2019-11-01 12:30:47.990000,15.06315,15.05955,100,370
2019-11-01 12:30:48.091000,15.06432,15.06065,220,370
2019-11-01 12:30:48.191000,15.06362,15.06015,220,370
2019-11-01 12:30:48.242000,15.06425,15.06035,100,370
2019-11-01 12:30:48.292000,15.06452,15.06085,220,370
2019-11-01 12:30:48.393000,15.06432,15.06095,220,370
2019-11-01 12:30:48.444000,15.06462,15.06095,220,370
2019-11-01 12:30:48.528000,15.06372,15.06035,300,370
2019-11-01 12:30:48.629000,15.06262,15.05905,220,370
2019-11-01 12:30:48.729000,15.06462,15.06075,220,370
2019-11-01 12:30:48.780000,15.06452,15.06055,600,370
2019-11-01 12:30:48.831000,15.06362,15.06025,220,370
2019-11-01 12:30:49.063000,15.06262,15.05925,220,370
2019-11-01 12:30:49.113000,15.06262,15.05895,220,370
2019-11-01 12:30:49.163000,15.06232,15.05885,220,370
2019-11-01 12:30:49.264000,15.06262,15.05925,220,370
2019-11-01 12:30:49.365000,15.06272,15.05965,220,370
2019-11-01 12:30:49.486000,15.06362,15.06005,220,370
2019-11-01 12:30:49.731000,15.06362,15.06025,220,370
2019-11-01 12:30:49.831000,15.06362,15.05995,220,370
2019-11-01 12:30:49.882000,15.06202,15.05985,220,370
2019-11-01 12:30:49.932000,15.06272,15.05935,300,370
2019-11-01 12:30:49.983000,15.06372,15.05945,300,370
2019-11-01 12:30:50.033000,15.06372,15.06025,300,370
2019-11-01 12:30:50.083000,15.06372,15.06005,300,370
2019-11-01 12:30:50.134000,15.06362,15.05978,220,220
2019-11-01 12:30:50.211000,15.06322,15.05955,150,370
2019-11-01 12:30:50.362000,15.06282,15.05935,220,370
2019-11-01 12:30:50.463000,15.06282,15.05905,220,370
2019-11-01 12:30:50.563000,15.06282,15.05925,220,370
2019-11-01 12:30:50.764000,15.06272,15.05925,220,370
2019-11-01 12:30:50.908000,15.06372,15.06015,520,370
2019-11-01 12:30:51.125000,15.06452,15.06038,750,220
2019-11-01 12:30:51.176000,15.06472,15.06115,300,370
2019-11-01 12:30:51.277000,15.06392,15.06065,300,370
2019-11-01 12:30:51.365000,15.06382,15.06035,220,370
2019-11-01 12:30:51.416000,15.06312,15.06025,220,370
2019-11-01 12:30:51.467000,15.06292,15.05945,520,370
2019-11-01 12:30:51.520000,15.06082,15.05815,220,370
2019-11-01 12:30:51.570000,15.06092,15.05805,300,370
2019-11-01 12:30:51.621000,15.06082,15.05755,220,370
2019-11-01 12:30:51.721000,15.05992,15.05755,300,370
2019-11-01 12:30:51.823000,15.05972,15.05755,220,370
2019-11-01 12:30:51.883000,15.05965,15.05595,100,370
2019-11-01 12:30:51.934000,15.05942,15.05595,220,370
2019-11-01 12:30:51.984000,15.05982,15.05598,220,600
2019-11-01 12:30:52.035000,15.05992,15.05608,520,220
2019-11-01 12:30:52.230000,15.05892,15.05595,220,370
2019-11-01 12:30:52.331000,15.05882,15.05528,220,220
2019-11-01 12:30:52.493000,15.05905,15.05568,100,300
2019-11-01 12:30:52.544000,15.05982,15.05598,220,370
2019-11-01 12:30:52.594000,15.05952,15.05598,220,370
2019-11-01 12:30:52.695000,15.05962,15.05615,220,370
2019-11-01 12:30:52.831000,15.05922,15.05605,150,370
2019-11-01 12:30:52.882000,15.05882,15.05495,220,370
2019-11-01 12:30:52.982000,15.05892,15.05568,300,300
2019-11-01 12:30:53.033000,15.05982,15.05615,220,370
2019-11-01 12:30:53.134000,15.06082,15.05695,220,370
2019-11-01 12:30:53.235000,15.05992,15.05615,300,370
2019-11-01 12:30:53.336000,15.05982,15.05645,220,370
2019-11-01 12:30:53.421000,15.06082,15.05645,220,370
2019-11-01 12:30:53.471000,15.06082,15.05685,220,370
2019-11-01 12:30:53.522000,15.06082,15.05675,220,370
2019-11-01 12:30:53.728000,15.05982,15.05625,220,370
2019-11-01 12:30:53.962000,15.05982,15.05615,220,370
2019-11-01 12:30:54.063000,15.06082,15.05635,220,370
2019-11-01 12:30:54.114000,15.06082,15.05695,220,370
2019-11-01 12:30:54.265000,15.05982,15.05615,220,370
2019-11-01 12:30:54.375000,15.05892,15.05595,520,370
2019-11-01 12:30:54.425000,15.05982,15.05595,220,370
2019-11-01 12:30:54.526000,15.05982,15.05615,220,370
2019-11-01 12:30:54.640000,15.06082,15.05655,220,370
2019-11-01 12:30:54.691000,15.06082,15.05695,220,370
2019-11-01 12:30:54.792000,15.06042,15.05705,220,370
2019-11-01 12:30:54.842000,15.06082,15.05705,220,370
2019-11-01 12:30:54.943000,15.05992,15.05675,300,370
2019-11-01 12:30:55.043000,15.05992,15.05655,220,370
2019-11-01 12:30:55.144000,15.06082,15.05685,220,370
2019-11-01 12:30:55.194000,15.05992,15.05655,300,370
2019-11-01 12:30:55.344000,15.05982,15.05655,220,370
2019-11-01 12:30:55.473000,15.05982,15.05625,220,370
2019-11-01 12:30:55.573000,15.05932,15.05605,220,370
2019-11-01 12:30:55.624000,15.05982,15.05625,220,370
2019-11-01 12:30:55.674000,15.05992,15.05638,220,220
2019-11-01 12:30:55.725000,15.06042,15.05678,220,220
2019-11-01 12:30:55.776000,15.05882,15.05655,220,370
2019-11-01 12:30:55.888000,15.05905,15.05568,100,220
2019-11-01 12:30:55.939000,15.05905,15.05705,100,370
2019-11-01 12:30:55.989000,15.05925,15.05588,100,520
2019-11-01 12:30:56.042000,15.05925,15.05575,100,100
2019-11-01 12:30:56.142000,15.05925,15.05635,100,370
2019-11-01 12:30:56.243000,15.05925,15.05645,100,370
2019-11-01 12:30:56.344000,15.05902,15.05625,220,370
2019-11-01 12:30:56.516000,15.05875,15.05615,100,370
2019-11-01 12:30:56.566000,15.05925,15.05625,100,370
2019-11-01 12:30:56.617000,15.05925,15.05635,100,370
2019-11-01 12:30:56.777000,15.05885,15.05645,100,370
2019-11-01 12:30:56.827000,15.05995,15.05715,100,370
2019-11-01 12:30:56.878000,15.06025,15.05725,100,370
2019-11-01 12:30:56.949000,15.06035,15.05725,100,370
2019-11-01 12:30:57,15.06045,15.05775,100,370
2019-11-01 12:30:57.050000,15.06045,15.05755,100,370
2019-11-01 12:30:57.101000,15.06075,15.05768,100,220
2019-11-01 12:30:57.151000,15.05995,15.05785,100,370
2019-11-01 12:30:57.202000,15.05995,15.05715,100,370
2019-11-01 12:30:57.302000,15.05955,15.05675,100,370
2019-11-01 12:30:57.403000,15.06025,15.05705,100,370
2019-11-01 12:30:57.483000,15.06012,15.05705,300,370
2019-11-01 12:30:57.533000,15.06025,15.05715,100,370
2019-11-01 12:30:57.584000,15.06025,15.05725,100,370
2019-11-01 12:30:57.763000,15.06025,15.05735,100,370
2019-11-01 12:30:57.814000,15.06012,15.05715,300,370
2019-11-01 12:30:57.917000,15.06015,15.05725,100,370
2019-11-01 12:30:57.968000,15.06035,15.05735,100,370
2019-11-01 12:30:58.090000,15.06085,15.05775,100,370
2019-11-01 12:30:58.141000,15.06045,15.05745,100,370
2019-11-01 12:30:58.242000,15.06025,15.05735,100,370
2019-11-01 12:30:58.292000,15.06025,15.05725,100,370
2019-11-01 12:30:58.343000,15.06045,15.05745,100,370
2019-11-01 12:30:58.444000,15.06045,15.05755,100,370
2019-11-01 12:30:58.748000,15.06045,15.05745,100,370
2019-11-01 12:30:58.798000,15.05985,15.05695,100,370
2019-11-01 12:30:58.848000,15.06015,15.05715,100,370
2019-11-01 12:30:58.899000,15.05995,15.05725,100,370
2019-11-01 12:30:58.949000,15.06035,15.05735,100,370
2019-11-01 12:30:59,15.06035,15.05745,100,370
2019-11-01 12:30:59.050000,15.06032,15.05725,220,370
2019-11-01 12:30:59.139000,15.06032,15.05745,220,370
2019-11-01 12:30:59.190000,15.06055,15.05745,100,370
2019-11-01 12:30:59.240000,15.06055,15.05765,100,370
2019-11-01 12:30:59.362000,15.06055,15.05745,100,370
2019-11-01 12:30:59.412000,15.06055,15.05755,100,370
2019-11-01 12:30:59.522000,15.06125,15.05825,100,370
2019-11-01 12:30:59.673000,15.06185,15.05875,100,370
2019-11-01 12:30:59.723000,15.06215,15.05915,100,370
2019-11-01 12:30:59.824000,15.06045,15.05778,100,220
2019-11-01 12:30:59.925000,15.05752,15.05495,220,370
2019-11-01 12:30:59.975000,15.05752,15.05465,220,370
2019-11-01 12:31:00.025000,15.05755,15.05475,100,370
2019-11-01 12:31:00.126000,15.05805,15.05495,100,370
2019-11-01 12:31:00.177000,15.05795,15.05475,100,370
2019-11-01 12:31:00.227000,15.05765,15.05475,100,370
2019-11-01 12:31:00.277000,15.05795,15.05475,100,370
2019-11-01 12:31:00.328000,15.05775,15.05475,100,370
2019-11-01 12:31:00.429000,15.05625,15.05475,100,370
2019-11-01 12:31:00.483000,15.05702,15.05475,220,370
2019-11-01 12:31:00.584000,15.05922,15.05545,220,370
2019-11-01 12:31:00.684000,15.05822,15.05555,220,370
2019-11-01 12:31:00.785000,15.05822,15.05505,220,370
2019-11-01 12:31:00.836000,15.05822,15.05465,220,370
2019-11-01 12:31:00.937000,15.05722,15.05475,220,370
2019-11-01 12:31:00.987000,15.05702,15.05325,220,370
2019-11-01 12:31:01.066000,15.05662,15.05325,150,370
2019-11-01 12:31:01.117000,15.05732,15.05385,520,370
2019-11-01 12:31:01.218000,15.05712,15.05335,220,370
2019-11-01 12:31:01.370000,15.05652,15.05325,220,370
2019-11-01 12:31:01.420000,15.05712,15.05325,220,370
2019-11-01 12:31:01.526000,15.05702,15.05325,220,370
2019-11-01 12:31:01.662000,15.05722,15.05355,220,370
2019-11-01 12:31:01.763000,15.05722,15.05335,220,370
2019-11-01 12:31:01.813000,15.05672,15.05345,220,370
2019-11-01 12:31:01.864000,15.05692,15.05355,220,370
2019-11-01 12:31:01.914000,15.05622,15.05285,220,370
2019-11-01 12:31:01.965000,15.05622,15.05275,220,370
2019-11-01 12:31:02.065000,15.05712,15.05315,220,370
2019-11-01 12:31:02.116000,15.05702,15.05315,220,370
2019-11-01 12:31:02.315000,15.05562,15.05215,220,370
2019-11-01 12:31:02.366000,15.05482,15.05098,220,220
2019-11-01 12:31:02.416000,15.05462,15.05088,150,520
2019-11-01 12:31:02.466000,15.05422,15.05045,220,370
2019-11-01 12:31:02.517000,15.05422,15.05065,220,370
2019-11-01 12:31:02.668000,15.05512,15.05105,220,370
2019-11-01 12:31:02.718000,15.05462,15.05115,370,370
2019-11-01 12:31:02.768000,15.05462,15.05105,370,370
2019-11-01 12:31:02.819000,15.05422,15.05085,220,370
2019-11-01 12:31:02.890000,15.05522,15.05115,220,370
2019-11-01 12:31:02.941000,15.05522,15.05135,220,370
2019-11-01 12:31:03.151000,15.05432,15.05045,300,370
2019-11-01 12:31:03.301000,15.05422,15.05045,220,370
2019-11-01 12:31:03.402000,15.05422,15.05065,220,370
2019-11-01 12:31:03.532000,15.05445,15.05098,100,370
2019-11-01 12:31:03.635000,15.05495,15.05155,100,370
2019-11-01 12:31:03.736000,15.05515,15.05198,100,600
2019-11-01 12:31:03.837000,15.05635,15.05298,100,600
2019-11-01 12:31:03.938000,15.05455,15.05135,100,370
2019-11-01 12:31:04.179000,15.05545,15.05228,100,220
2019-11-01 12:31:04.280000,15.05545,15.05198,100,220
2019-11-01 12:31:04.331000,15.05545,15.05255,100,370
2019-11-01 12:31:04.382000,15.05565,15.05245,100,370
2019-11-01 12:31:04.432000,15.05555,15.05265,100,370
2019-11-01 12:31:04.483000,15.05555,15.05255,100,370
2019-11-01 12:31:04.533000,15.05555,15.05275,100,370
2019-11-01 12:31:04.754000,15.05555,15.05255,100,370
2019-11-01 12:31:04.805000,15.05455,15.05195,100,370
2019-11-01 12:31:04.855000,15.05455,15.05175,100,370
2019-11-01 12:31:04.906000,15.05432,15.05125,520,370
2019-11-01 12:31:04.957000,15.05395,15.05105,100,370
2019-11-01 12:31:05.007000,15.05435,15.05105,100,370
2019-11-01 12:31:05.058000,15.05435,15.05125,100,370
2019-11-01 12:31:05.209000,15.05435,15.05165,100,370
2019-11-01 12:31:05.279000,15.05545,15.05175,100,370
2019-11-01 12:31:05.330000,15.05595,15.05265,100,370
2019-11-01 12:31:05.431000,15.05555,15.05265,100,370
2019-11-01 12:31:05.482000,15.05555,15.05255,100,370
2019-11-01 12:31:05.635000,15.05745,15.05255,100,370
2019-11-01 12:31:05.685000,15.05765,15.05475,370,100
2019-11-01 12:31:05.775000,15.05765,15.05428,100,220
2019-11-01 12:31:05.827000,15.05795,15.05465,100,370
2019-11-01 12:31:05.928000,15.05775,15.05475,100,370
2019-11-01 12:31:06.029000,15.05775,15.05485,100,370
2019-11-01 12:31:06.079000,15.05805,15.05485,100,370
2019-11-01 12:31:06.130000,15.05845,15.05505,100,370
2019-11-01 12:31:06.180000,15.05845,15.05535,100,370
2019-11-01 12:31:06.232000,15.05855,15.05535,100,370
2019-11-01 12:31:06.282000,15.05855,15.05555,100,370
2019-11-01 12:31:06.383000,15.05945,15.05598,100,600
2019-11-01 12:31:06.584000,15.05902,15.05598,220,600
2019-11-01 12:31:06.673000,15.05955,15.05598,100,600
2019-11-01 12:31:06.724000,15.06015,15.05665,100,450
2019-11-01 12:31:06.825000,15.05995,15.05655,100,370
2019-11-01 12:31:06.875000,15.06142,15.05768,220,220
2019-11-01 12:31:06.926000,15.06105,15.05745,100,100
2019-11-01 12:31:07.051000,15.06105,15.05735,100,100
2019-11-01 12:31:07.101000,15.06125,15.05788,100,300
2019-11-01 12:31:07.151000,15.06085,15.05735,100,100
2019-11-01 12:31:07.202000,15.06085,15.05745,100,370
2019-11-01 12:31:07.327000,15.06035,15.05685,100,370
2019-11-01 12:31:07.378000,15.06035,15.05705,100,370
2019-11-01 12:31:07.428000,15.06075,15.05735,100,370
2019-11-01 12:31:07.479000,15.06085,15.05738,100,220
2019-11-01 12:31:07.530000,15.06085,15.05735,100,370
2019-11-01 12:31:07.580000,15.06115,15.05775,100,370
2019-11-01 12:31:07.631000,15.06125,15.05765,100,450
2019-11-01 12:31:07.681000,15.06085,15.05745,100,370
2019-11-01 12:31:07.789000,15.06105,15.05745,100,370
2019-11-01 12:31:07.890000,15.06105,15.05765,100,370
2019-11-01 12:31:07.990000,15.06162,15.05815,150,100
2019-11-01 12:31:08.041000,15.06165,15.05815,100,100
2019-11-01 12:31:08.192000,15.06135,15.05805,100,370
2019-11-01 12:31:08.242000,15.06105,15.05765,100,370
2019-11-01 12:31:08.344000,15.06125,15.05798,100,220
2019-11-01 12:31:08.394000,15.06125,15.05775,100,450
2019-11-01 12:31:08.598000,15.06165,15.05815,100,100
2019-11-01 12:31:08.699000,15.06085,15.05798,100,370
2019-11-01 12:31:08.749000,15.06085,15.05765,100,370
2019-11-01 12:31:08.800000,15.06165,15.05815,100,100
2019-11-01 12:31:08.961000,15.06162,15.05815,370,100
2019-11-01 12:31:09.012000,15.06125,15.05775,100,100
2019-11-01 12:31:09.062000,15.06105,15.05755,100,370
2019-11-01 12:31:09.200000,15.06085,15.05735,100,450
2019-11-01 12:31:09.251000,15.06085,15.05725,100,450
2019-11-01 12:31:09.301000,15.06025,15.05685,100,370
2019-11-01 12:31:09.402000,15.05985,15.05655,100,370
2019-11-01 12:31:09.503000,15.06055,15.05725,100,370
2019-11-01 12:31:09.618000,15.06005,15.05695,100,370
2019-11-01 12:31:09.897000,15.06005,15.05705,100,370
2019-11-01 12:31:09.948000,15.06035,15.05725,100,370
2019-11-01 12:31:09.998000,15.06065,15.05765,100,370
2019-11-01 12:31:10.049000,15.06062,15.05725,220,370
2019-11-01 12:31:10.135000,15.06065,15.05745,100,370
2019-11-01 12:31:10.236000,15.05985,15.05685,100,370
2019-11-01 12:31:10.287000,15.06015,15.05685,100,370
2019-11-01 12:31:10.337000,15.05985,15.05685,100,370
2019-11-01 12:31:10.438000,15.05962,15.05655,150,370
2019-11-01 12:31:10.489000,15.05952,15.05635,220,370
2019-11-01 12:31:10.589000,15.05965,15.05655,100,370
2019-11-01 12:31:10.804000,15.06015,15.05705,100,370
2019-11-01 12:31:10.855000,15.06045,15.05715,100,370
2019-11-01 12:31:10.905000,15.06005,15.05715,100,370
2019-11-01 12:31:11.006000,15.05935,15.05645,100,370
2019-11-01 12:31:11.056000,15.05965,15.05655,100,370
2019-11-01 12:31:11.167000,15.05965,15.05645,100,370
2019-11-01 12:31:11.223000,15.05965,15.05665,100,370
2019-11-01 12:31:11.275000,15.06045,15.05715,100,370
2019-11-01 12:31:11.326000,15.06045,15.05725,100,370
2019-11-01 12:31:11.427000,15.06025,15.05725,100,370
2019-11-01 12:31:11.477000,15.05995,15.05685,100,370
2019-11-01 12:31:11.578000,15.05955,15.05685,100,370
2019-11-01 12:31:11.628000,15.05925,15.05615,100,370
2019-11-01 12:31:11.679000,15.05885,15.05575,100,370
2019-11-01 12:31:11.753000,15.05905,15.05575,100,370
2019-11-01 12:31:11.804000,15.05835,15.05555,100,370
2019-11-01 12:31:11.854000,15.05865,15.05565,100,370
2019-11-01 12:31:11.955000,15.05865,15.05555,100,370
2019-11-01 12:31:12.056000,15.05865,15.05575,100,370
2019-11-01 12:31:12.106000,15.05865,15.05555,100,370
2019-11-01 12:31:12.157000,15.05805,15.05495,100,370
2019-11-01 12:31:12.286000,15.05795,15.05505,100,370
2019-11-01 12:31:12.387000,15.05685,15.05385,100,370
2019-11-01 12:31:12.438000,15.05685,15.05375,100,370
2019-11-01 12:31:12.714000,15.05685,15.05385,100,370
2019-11-01 12:31:12.994000,15.05685,15.05365,100,370
2019-11-01 12:31:13.044000,15.05665,15.05365,100,370
2019-11-01 12:31:13.201000,15.05665,15.05355,100,370
2019-11-01 12:31:13.252000,15.05665,15.05365,100,370
2019-11-01 12:31:13.458000,15.05675,15.05365,100,370
2019-11-01 12:31:13.558000,15.05675,15.05345,100,370
2019-11-01 12:31:13.657000,15.05565,15.05335,100,370
2019-11-01 12:31:13.708000,15.05565,15.05265,100,370
2019-11-01 12:31:13.808000,15.05565,15.05255,100,370
2019-11-01 12:31:13.859000,15.05635,15.05305,100,370
2019-11-01 12:31:13.909000,15.05595,15.05288,100,220
2019-11-01 12:31:14.010000,15.05565,15.05265,100,370
2019-11-01 12:31:14.142000,15.05555,15.05225,100,370
2019-11-01 12:31:14.193000,15.05555,15.05218,100,100
2019-11-01 12:31:14.243000,15.05595,15.05268,100,220
2019-11-01 12:31:14.344000,15.05595,15.05275,100,370
2019-11-01 12:31:14.491000,15.05645,15.05315,100,370
2019-11-01 12:31:14.592000,15.05705,15.05395,100,370
2019-11-01 12:31:14.642000,15.05705,15.05375,100,370
2019-11-01 12:31:14.831000,15.05685,15.05388,100,300
2019-11-01 12:31:14.932000,15.05675,15.05345,100,370
2019-11-01 12:31:14.983000,15.05652,15.05345,220,370
2019-11-01 12:31:15.033000,15.05605,15.05295,100,370
2019-11-01 12:31:15.134000,15.05595,15.05285,100,370
2019-11-01 12:31:15.353000,15.05585,15.05285,100,370
2019-11-01 12:31:15.403000,15.05595,15.05285,100,370
2019-11-01 12:31:15.736000,15.05595,15.05275,100,370
2019-11-01 12:31:15.837000,15.05595,15.05285,100,370
2019-11-01 12:31:15.949000,15.05435,15.05145,100,370
2019-11-01 12:31:16,15.05425,15.05115,100,370
2019-11-01 12:31:16.138000,15.05425,15.05095,100,370
2019-11-01 12:31:16.188000,15.05395,15.05095,100,370
2019-11-01 12:31:16.238000,15.05425,15.05095,100,370
2019-11-01 12:31:16.389000,15.05455,15.05125,100,370
2019-11-01 12:31:16.490000,15.05475,15.05175,100,370
2019-11-01 12:31:16.612000,15.05562,15.05208,150,520
2019-11-01 12:31:16.662000,15.05595,15.05275,100,370
2019-11-01 12:31:16.763000,15.05562,15.05245,150,370
2019-11-01 12:31:16.864000,15.05675,15.05375,100,370
2019-11-01 12:31:16.965000,15.05625,15.05308,100,300
2019-11-01 12:31:17.016000,15.05665,15.05345,100,370
2019-11-01 12:31:17.066000,15.05665,15.05365,100,370
2019-11-01 12:31:17.117000,15.05675,15.05365,100,370
2019-11-01 12:31:17.225000,15.05675,15.05375,100,370
2019-11-01 12:31:17.326000,15.05685,15.05445,100,370
2019-11-01 12:31:17.376000,15.05705,15.05435,100,370
2019-11-01 12:31:17.426000,15.05685,15.05445,100,370
2019-11-01 12:31:17.477000,15.05685,15.05415,100,370
2019-11-01 12:31:17.527000,15.05685,15.05445,100,370
2019-11-01 12:31:17.628000,15.05665,15.05445,100,370
2019-11-01 12:31:17.679000,15.05645,15.05405,100,370
2019-11-01 12:31:17.729000,15.05675,15.05435,100,370
2019-11-01 12:31:17.955000,15.05685,15.05445,100,370
2019-11-01 12:31:18.397000,15.05635,15.05385,100,370
2019-11-01 12:31:18.642000,15.05635,15.05365,100,370
2019-11-01 12:31:18.692000,15.05615,15.05365,100,370
2019-11-01 12:31:18.793000,15.05595,15.05355,100,370
2019-11-01 12:31:18.844000,15.05595,15.05345,100,370
2019-11-01 12:31:18.944000,15.05525,15.05285,100,370
2019-11-01 12:31:18.995000,15.05562,15.05305,220,370
2019-11-01 12:31:19.058000,15.05565,15.05305,100,370
2019-11-01 12:31:19.159000,15.05585,15.05305,100,370
2019-11-01 12:31:19.209000,15.05585,15.05325,100,370
2019-11-01 12:31:19.310000,15.05585,15.05315,100,370
2019-11-01 12:31:19.361000,15.05585,15.05325,100,370
2019-11-01 12:31:19.411000,15.05575,15.05285,100,370
2019-11-01 12:31:19.512000,15.05552,15.05245,300,370
2019-11-01 12:31:19.563000,15.05495,15.05235,100,370
2019-11-01 12:31:19.613000,15.05495,15.05215,100,370
2019-11-01 12:31:19.664000,15.05552,15.05205,300,370
2019-11-01 12:31:19.746000,15.05505,15.05205,100,370
2019-11-01 12:31:19.847000,15.05475,15.05205,100,370
2019-11-01 12:31:20.049000,15.05462,15.05205,220,370
2019-11-01 12:31:20.150000,15.05475,15.05205,100,370
2019-11-01 12:31:20.251000,15.05475,15.05195,100,370
2019-11-01 12:31:20.406000,15.05475,15.05205,100,370
2019-11-01 12:31:20.608000,15.05565,15.05275,100,370
2019-11-01 12:31:20.658000,15.05535,15.05275,100,370
2019-11-01 12:31:20.709000,15.05555,15.05275,100,370
2019-11-01 12:31:20.809000,15.05502,15.05195,370,370
2019-11-01 12:31:20.860000,15.05495,15.05195,100,370
2019-11-01 12:31:20.996000,15.05455,15.05155,100,370
2019-11-01 12:31:21.147000,15.05475,15.05185,100,370
2019-11-01 12:31:21.197000,15.05472,15.05175,220,370
2019-11-01 12:31:21.298000,15.05485,15.05185,100,370
2019-11-01 12:31:21.398000,15.05495,15.05185,100,370
2019-11-01 12:31:21.449000,15.05485,15.05185,100,370
2019-11-01 12:31:21.550000,15.05495,15.05195,100,370
2019-11-01 12:31:21.671000,15.05495,15.05215,100,370
2019-11-01 12:31:21.773000,15.05515,15.05215,100,370
2019-11-01 12:31:21.873000,15.05545,15.05255,100,370
2019-11-01 12:31:21.924000,15.05515,15.05215,100,370
2019-11-01 12:31:21.974000,15.05515,15.05225,100,370
2019-11-01 12:31:22.075000,15.05395,15.05105,100,370
2019-11-01 12:31:22.181000,15.05392,15.05105,220,370
2019-11-01 12:31:22.231000,15.05395,15.05075,100,370
2019-11-01 12:31:22.281000,15.05315,15.05045,100,370
2019-11-01 12:31:22.332000,15.05302,15.05015,370,370
2019-11-01 12:31:22.429000,15.05302,15.05045,370,370
2019-11-01 12:31:22.480000,15.05372,15.05075,220,370
2019-11-01 12:31:22.580000,15.05385,15.05095,100,370
2019-11-01 12:31:22.708000,15.05325,15.05045,100,370
2019-11-01 12:31:22.759000,15.05345,15.05045,100,370
2019-11-01 12:31:22.860000,15.05302,15.05025,370,370
2019-11-01 12:31:22.910000,15.05302,15.05005,370,370
2019-11-01 12:31:23.133000,15.05315,15.05025,100,370
2019-11-01 12:31:23.184000,15.05342,15.05025,220,370
2019-11-01 12:31:23.243000,15.05335,15.05025,100,370
2019-11-01 12:31:23.344000,15.05365,15.05065,100,370
2019-11-01 12:31:23.395000,15.05352,15.05015,300,450
2019-11-01 12:31:23.445000,15.05302,15.05015,370,370
2019-11-01 12:31:23.546000,15.05295,15.05005,100,370
2019-11-01 12:31:23.828000,15.05295,15.04995,100,370
2019-11-01 12:31:23.989000,15.05285,15.04995,100,370
2019-11-01 12:31:24.142000,15.05285,15.05005,100,370
2019-11-01 12:31:24.193000,15.05285,15.04995,100,370
2019-11-01 12:31:24.293000,15.05315,15.05025,100,370
2019-11-01 12:31:24.394000,15.05185,15.04925,100,370
2019-11-01 12:31:24.536000,15.05102,15.04815,370,370
2019-11-01 12:31:24.637000,15.05095,15.04815,100,370
2019-11-01 12:31:24.831000,15.05042,15.04765,220,370
2019-11-01 12:31:24.881000,15.05075,15.04795,100,370
2019-11-01 12:31:24.931000,15.05045,15.04785,100,370
2019-11-01 12:31:24.982000,15.05075,15.04765,100,370
2019-11-01 12:31:25.032000,15.05085,15.04795,100,370
2019-11-01 12:31:25.152000,15.05095,15.04815,100,370
2019-11-01 12:31:25.229000,15.05095,15.04775,100,370
2019-11-01 12:31:25.280000,15.05075,15.04805,100,370
2019-11-01 12:31:25.431000,15.05185,15.04905,100,370
2019-11-01 12:31:25.481000,15.05252,15.04975,300,370
2019-11-01 12:31:25.555000,15.05202,15.04915,370,370
2019-11-01 12:31:25.606000,15.05142,15.04915,220,100
2019-11-01 12:31:25.660000,15.05142,15.04865,220,370
2019-11-01 12:31:25.711000,15.05185,15.04865,100,370
2019-11-01 12:31:25.811000,15.05152,15.04855,520,370
2019-11-01 12:31:25.912000,15.05152,15.04825,220,370
2019-11-01 12:31:26.065000,15.05202,15.04885,370,370
2019-11-01 12:31:26.217000,15.05252,15.04945,300,370
2019-11-01 12:31:26.269000,15.05262,15.04935,220,370
2019-11-01 12:31:26.319000,15.05282,15.04995,220,370
2019-11-01 12:31:26.370000,15.05302,15.05005,600,370
2019-11-01 12:31:26.663000,15.05382,15.05065,370,370
2019-11-01 12:31:26.714000,15.05382,15.05075,220,370
2019-11-01 12:31:26.823000,15.05352,15.05075,220,370
2019-11-01 12:31:26.873000,15.05422,15.05075,220,370
2019-11-01 12:31:26.924000,15.05362,15.05095,220,370
2019-11-01 12:31:26.974000,15.05402,15.05085,370,370
2019-11-01 12:31:27.025000,15.05372,15.05085,220,370
2019-11-01 12:31:27.075000,15.05352,15.05045,520,370
2019-11-01 12:31:27.126000,15.05362,15.05065,220,370
2019-11-01 12:31:27.176000,15.05402,15.05095,600,370
2019-11-01 12:31:27.280000,15.05252,15.04985,220,370
2019-11-01 12:31:27.610000,15.05152,15.04885,370,370
2019-11-01 12:31:27.660000,15.05152,15.04855,370,370
2019-11-01 12:31:27.711000,15.05152,15.04875,600,370
2019-11-01 12:31:27.761000,15.05142,15.04835,220,370
2019-11-01 12:31:27.905000,15.05152,15.04865,370,370
2019-11-01 12:31:27.955000,15.05272,15.04935,220,370
2019-11-01 12:31:28.006000,15.05262,15.04935,220,370
2019-11-01 12:31:28.107000,15.05352,15.05065,370,370
2019-11-01 12:31:28.158000,15.05352,15.05045,600,370
2019-11-01 12:31:28.208000,15.05342,15.05045,220,370
2019-11-01 12:31:28.259000,15.05332,15.05015,220,370
2019-11-01 12:31:28.309000,15.05302,15.05015,370,370
2019-11-01 12:31:28.410000,15.05272,15.04965,220,370
2019-11-01 12:31:28.510000,15.05442,15.05065,220,370
2019-11-01 12:31:28.577000,15.05442,15.05095,220,370
2019-11-01 12:31:28.678000,15.05442,15.05105,220,370
2019-11-01 12:31:28.778000,15.05302,15.05005,220,370
2019-11-01 12:31:28.879000,15.05392,15.05085,220,370
2019-11-01 12:31:28.930000,15.05382,15.05085,220,370
2019-11-01 12:31:28.980000,15.05422,15.05105,220,370
2019-11-01 12:31:29.081000,15.05442,15.05125,220,370
2019-11-01 12:31:29.182000,15.05382,15.05085,370,370
2019-11-01 12:31:29.287000,15.05282,15.05005,220,370
2019-11-01 12:31:29.391000,15.05272,15.05005,220,370
2019-11-01 12:31:29.491000,15.05342,15.05045,220,370
2019-11-01 12:31:29.542000,15.05332,15.05025,220,370
2019-11-01 12:31:29.592000,15.05272,15.04995,220,370
2019-11-01 12:31:29.693000,15.05202,15.04905,370,370
2019-11-01 12:31:29.743000,15.05182,15.04905,220,370
2019-11-01 12:31:29.844000,15.05152,15.04825,600,370
2019-11-01 12:31:29.945000,15.05162,15.04855,220,370
2019-11-01 12:31:30.046000,15.05132,15.04835,220,370
2019-11-01 12:31:30.096000,15.05132,15.04825,220,370
2019-11-01 12:31:30.147000,15.05102,15.04825,370,370
2019-11-01 12:31:30.248000,15.05102,15.04805,600,370
2019-11-01 12:31:30.349000,15.05072,15.04805,220,370
2019-11-01 12:31:30.399000,15.05092,15.04805,220,370
2019-11-01 12:31:30.450000,15.05102,15.04825,370,370
2019-11-01 12:31:30.501000,15.05132,15.04845,220,370
2019-11-01 12:31:30.589000,15.05152,15.04845,370,370
2019-11-01 12:31:30.639000,15.05082,15.04785,220,370
2019-11-01 12:31:30.690000,15.05102,15.04795,600,370
2019-11-01 12:31:30.741000,15.05102,15.04805,370,370
2019-11-01 12:31:30.924000,15.05082,15.04775,150,370
2019-11-01 12:31:30.975000,15.05072,15.04795,220,370
2019-11-01 12:31:31.025000,15.05102,15.04805,370,370
2019-11-01 12:31:31.150000,15.05002,15.04805,370,370
2019-11-01 12:31:31.201000,15.05052,15.04725,600,370
2019-11-01 12:31:31.301000,15.05142,15.04808,220,300
2019-11-01 12:31:31.352000,15.05122,15.04805,220,370
2019-11-01 12:31:31.470000,15.05102,15.04805,370,370
2019-11-01 12:31:31.610000,15.05152,15.04805,600,370
2019-11-01 12:31:31.660000,15.05182,15.04875,220,370
2019-11-01 12:31:31.761000,15.05162,15.04865,220,370
2019-11-01 12:31:31.811000,15.05155,15.04835,100,370
2019-11-01 12:31:31.862000,15.05102,15.04825,370,370
2019-11-01 12:31:31.912000,15.05102,15.04805,370,370
2019-11-01 12:31:31.963000,15.05082,15.04805,220,370
2019-11-01 12:31:32.013000,15.05102,15.04775,600,370
2019-11-01 12:31:32.066000,15.05102,15.04795,600,370
2019-11-01 12:31:32.167000,15.05132,15.04825,220,370
2019-11-01 12:31:32.269000,15.05102,15.04815,370,370
2019-11-01 12:31:32.370000,15.05132,15.04825,220,370
2019-11-01 12:31:32.420000,15.05182,15.04885,220,370
2019-11-01 12:31:32.522000,15.05182,15.04875,220,370
2019-11-01 12:31:32.636000,15.05262,15.04975,220,370
2019-11-01 12:31:32.738000,15.05252,15.04965,370,370
2019-11-01 12:31:32.890000,15.05252,15.04945,370,370
2019-11-01 12:31:32.941000,15.05202,15.04885,370,370
2019-11-01 12:31:32.992000,15.05252,15.04925,220,370
2019-11-01 12:31:33.042000,15.05252,15.04935,600,370
2019-11-01 12:31:33.093000,15.05342,15.04985,220,370
2019-11-01 12:31:33.156000,15.05252,15.04965,300,370
2019-11-01 12:31:33.257000,15.05252,15.04975,370,370
2019-11-01 12:31:33.308000,15.05252,15.04965,370,370
2019-11-01 12:31:33.410000,15.05352,15.05025,370,370
2019-11-01 12:31:33.498000,15.05352,15.05045,370,370
2019-11-01 12:31:33.599000,15.05302,15.05005,370,370
