time,ask,bid,ask_volume,bid_volume
2021-10-08 12:25:00.100000,17.63952,17.63608,190,190
2021-10-08 12:25:00.150000,17.64012,17.63668,190,190
2021-10-08 12:25:00.251000,17.64022,17.63678,190,190
2021-10-08 12:25:02.606000,17.64032,17.63688,190,190
2021-10-08 12:25:02.906000,17.64032,17.6369,190,150
2021-10-08 12:25:02.957000,17.64132,17.63778,190,190
2021-10-08 12:25:03.123000,17.64142,17.63798,190,190
2021-10-08 12:25:04.648000,17.64125,17.63798,220,190
2021-10-08 12:25:04.698000,17.64072,17.63728,190,190
2021-10-08 12:25:04.749000,17.64082,17.63738,190,190
2021-10-08 12:25:05.539000,17.64075,17.63738,220,190
2021-10-08 12:25:05.626000,17.64082,17.63738,190,190
2021-10-08 12:25:06.074000,17.64125,17.63788,220,190
2021-10-08 12:25:06.125000,17.64142,17.63788,190,190
2021-10-08 12:25:06.226000,17.64132,17.63778,190,190
2021-10-08 12:25:06.332000,17.64152,17.63798,190,190
2021-10-08 12:25:07.130000,17.64175,17.63878,670,190
2021-10-08 12:25:07.180000,17.64192,17.63838,190,190
2021-10-08 12:25:07.334000,17.64162,17.63818,190,190
2021-10-08 12:25:07.485000,17.64152,17.63808,190,190
2021-10-08 12:25:07.877000,17.64142,17.63798,190,190
2021-10-08 12:25:08.315000,17.64162,17.63818,190,190
2021-10-08 12:25:08.416000,17.64175,17.63838,220,190
2021-10-08 12:25:08.517000,17.64185,17.63848,220,190
2021-10-08 12:25:08.568000,17.64202,17.63848,190,190
2021-10-08 12:25:08.619000,17.64192,17.63838,190,190
2021-10-08 12:25:08.761000,17.64185,17.63838,220,190
2021-10-08 12:25:08.878000,17.64165,17.63818,220,190
2021-10-08 12:25:08.928000,17.64172,17.63818,190,190
2021-10-08 12:25:08.979000,17.64162,17.63808,190,190
2021-10-08 12:25:10.133000,17.64152,17.63798,190,190
2021-10-08 12:25:12.232000,17.64182,17.63838,190,190
2021-10-08 12:25:12.332000,17.64162,17.63808,190,370
2021-10-08 12:25:12.385000,17.64155,17.63808,220,370
2021-10-08 12:25:12.685000,17.64162,17.63808,190,190
2021-10-08 12:25:13.389000,17.64142,17.63798,190,190
2021-10-08 12:25:15.867000,17.64135,17.63798,220,190
2021-10-08 12:25:15.917000,17.64142,17.63798,190,190
2021-10-08 12:25:15.968000,17.64152,17.63808,190,190
2021-10-08 12:25:17.069000,17.64182,17.63828,190,190
2021-10-08 12:25:17.531000,17.64172,17.63818,190,190
2021-10-08 12:25:19.379000,17.64162,17.63818,370,190
2021-10-08 12:25:19.877000,17.64142,17.63808,370,190
2021-10-08 12:25:19.927000,17.64142,17.63798,370,190
2021-10-08 12:25:20.616000,17.64152,17.63808,190,190
2021-10-08 12:25:20.717000,17.64172,17.63838,190,190
2021-10-08 12:25:21.855000,17.64165,17.63838,100,190
2021-10-08 12:25:23.931000,17.64172,17.63838,190,190
2021-10-08 12:25:24.802000,17.64192,17.63848,190,190
2021-10-08 12:25:24.971000,17.64202,17.63858,190,190
2021-10-08 12:25:25.072000,17.64212,17.63878,190,190
2021-10-08 12:25:25.173000,17.64112,17.63768,190,190
2021-10-08 12:25:25.274000,17.64082,17.63738,190,190
2021-10-08 12:25:25.375000,17.63982,17.63648,190,190
2021-10-08 12:25:26.194000,17.63972,17.63638,190,190
2021-10-08 12:25:31.497000,17.64008,17.63678,100,190
2021-10-08 12:25:31.598000,17.64022,17.63688,190,190
2021-10-08 12:25:31.758000,17.64022,17.63695,190,220
2021-10-08 12:25:32.017000,17.64022,17.63715,190,220
2021-10-08 12:25:32.067000,17.64032,17.63715,190,220
2021-10-08 12:25:32.160000,17.64032,17.63698,190,190
2021-10-08 12:25:33.029000,17.64052,17.63718,190,190
2021-10-08 12:25:35.448000,17.64062,17.63728,190,190
2021-10-08 12:25:37.757000,17.64075,17.63848,670,190
2021-10-08 12:25:37.807000,17.64098,17.63818,670,190
2021-10-08 12:25:37.858000,17.64162,17.63818,190,190
2021-10-08 12:25:38.379000,17.64162,17.63835,190,220
2021-10-08 12:25:38.430000,17.64172,17.63835,190,220
2021-10-08 12:25:38.545000,17.64172,17.63828,190,190
2021-10-08 12:25:38.954000,17.64172,17.63858,190,370
2021-10-08 12:25:39.353000,17.64222,17.63868,190,190
2021-10-08 12:25:40.123000,17.64232,17.63878,190,190
2021-10-08 12:25:40.508000,17.64252,17.63908,190,190
2021-10-08 12:25:44.612000,17.64252,17.63915,190,220
2021-10-08 12:25:44.669000,17.64252,17.63908,190,190
2021-10-08 12:25:50.649000,17.64252,17.63925,190,100
2021-10-08 12:25:50.799000,17.64412,17.64078,190,190
2021-10-08 12:25:50.950000,17.64392,17.64068,190,220
2021-10-08 12:25:51.387000,17.64392,17.64065,190,220
2021-10-08 12:25:51.438000,17.64392,17.64058,190,190
2021-10-08 12:25:53.130000,17.64392,17.64065,190,220
2021-10-08 12:25:53.401000,17.64392,17.64058,190,190
2021-10-08 12:25:54.733000,17.64392,17.64065,190,220
2021-10-08 12:25:55.029000,17.64392,17.64075,190,220
2021-10-08 12:25:55.127000,17.64392,17.64058,190,190
2021-10-08 12:25:55.570000,17.64392,17.64065,190,220
2021-10-08 12:25:55.690000,17.64392,17.64058,190,190
2021-10-08 12:25:55.835000,17.64392,17.64065,190,220
2021-10-08 12:25:56.087000,17.64392,17.64058,190,190
2021-10-08 12:25:56.222000,17.64392,17.64075,190,220
2021-10-08 12:25:56.272000,17.64412,17.64078,190,370
2021-10-08 12:25:56.323000,17.64422,17.64095,190,220
2021-10-08 12:25:56.374000,17.64422,17.64085,190,220
2021-10-08 12:25:56.474000,17.64422,17.64078,190,190
2021-10-08 12:25:57.087000,17.64382,17.64068,370,190
2021-10-08 12:25:57.238000,17.64392,17.64058,190,190
2021-10-08 12:25:57.598000,17.64402,17.64068,190,190
2021-10-08 12:26:01.791000,17.64412,17.64078,190,190
2021-10-08 12:26:02.042000,17.64402,17.64068,190,190
2021-10-08 12:26:02.340000,17.64412,17.64078,190,190
2021-10-08 12:26:03.132000,17.64432,17.64088,190,190
2021-10-08 12:26:06.033000,17.64442,17.64098,190,190
2021-10-08 12:26:07.433000,17.64362,17.64028,190,190
2021-10-08 12:26:07.534000,17.64352,17.64018,190,190
2021-10-08 12:26:07.751000,17.64362,17.64028,190,190
2021-10-08 12:26:11.173000,17.64282,17.63955,190,670
2021-10-08 12:26:11.224000,17.64272,17.63928,190,190
2021-10-08 12:26:11.401000,17.64312,17.63958,190,190
2021-10-08 12:26:12.442000,17.64302,17.63948,190,190
2021-10-08 12:26:16.451000,17.64312,17.63958,190,190
2021-10-08 12:26:17.452000,17.64322,17.63968,190,190
2021-10-08 12:26:17.608000,17.64332,17.63978,190,190
2021-10-08 12:26:17.709000,17.64342,17.63998,190,190
2021-10-08 12:26:17.992000,17.64352,17.64008,190,190
2021-10-08 12:26:18.588000,17.64362,17.64018,190,190
2021-10-08 12:26:18.903000,17.64388,17.64058,300,190
2021-10-08 12:26:18.953000,17.64412,17.64058,190,190
2021-10-08 12:26:19.004000,17.64392,17.64048,190,190
2021-10-08 12:26:19.169000,17.64382,17.64038,370,190
2021-10-08 12:26:19.461000,17.64392,17.64048,190,190
2021-10-08 12:26:19.743000,17.64402,17.64058,190,190
2021-10-08 12:26:20.082000,17.64372,17.64028,190,190
2021-10-08 12:26:20.183000,17.64382,17.64038,190,190
2021-10-08 12:26:20.909000,17.64375,17.64038,300,190
2021-10-08 12:26:21.632000,17.64365,17.64038,300,190
2021-10-08 12:26:21.843000,17.64365,17.64028,300,190
2021-10-08 12:26:22.065000,17.64362,17.64018,190,190
2021-10-08 12:26:23.423000,17.64342,17.64008,190,220
2021-10-08 12:26:23.754000,17.64322,17.63978,190,190
2021-10-08 12:26:24.190000,17.64272,17.63918,190,190
2021-10-08 12:26:25.778000,17.64262,17.63928,190,190
2021-10-08 12:26:25.828000,17.64182,17.63838,190,190
2021-10-08 12:26:26.376000,17.64162,17.63828,190,190
2021-10-08 12:26:26.726000,17.64182,17.63838,190,190
2021-10-08 12:26:31.449000,17.64182,17.63878,190,370
2021-10-08 12:26:31.695000,17.64202,17.63878,410,370
2021-10-08 12:26:31.746000,17.64182,17.63858,190,370
2021-10-08 12:26:32.666000,17.64222,17.63878,410,370
2021-10-08 12:26:33.384000,17.64212,17.63878,190,370
2021-10-08 12:26:34.186000,17.64212,17.63908,190,370
2021-10-08 12:26:34.237000,17.64222,17.63908,190,370
2021-10-08 12:26:35.671000,17.64222,17.63918,190,370
2021-10-08 12:26:36.095000,17.64212,17.63918,190,370
2021-10-08 12:26:36.145000,17.64162,17.63828,190,190
2021-10-08 12:26:36.296000,17.64182,17.63828,190,190
2021-10-08 12:26:36.802000,17.64162,17.63818,190,190
2021-10-08 12:26:37.003000,17.64172,17.63818,190,190
2021-10-08 12:26:39.269000,17.64092,17.63758,190,370
2021-10-08 12:26:39.320000,17.64092,17.63748,190,190
2021-10-08 12:26:39.814000,17.64122,17.63768,190,190
2021-10-08 12:26:39.995000,17.64102,17.63748,190,190
2021-10-08 12:26:40.096000,17.64112,17.63758,190,190
2021-10-08 12:26:40.197000,17.64122,17.63778,410,190
2021-10-08 12:26:40.590000,17.64162,17.63818,410,190
2021-10-08 12:26:40.870000,17.64152,17.63808,190,190
2021-10-08 12:26:41.096000,17.64162,17.63818,190,190
2021-10-08 12:26:41.197000,17.64132,17.63778,190,190
2021-10-08 12:26:41.247000,17.64142,17.63798,190,190
2021-10-08 12:26:41.348000,17.64152,17.63808,190,190
2021-10-08 12:26:45.473000,17.64122,17.63778,190,190
2021-10-08 12:26:45.574000,17.64142,17.63798,190,190
2021-10-08 12:26:46.200000,17.64152,17.63815,190,100
2021-10-08 12:26:46.251000,17.64142,17.63798,190,190
2021-10-08 12:26:46.892000,17.64122,17.63785,190,110
2021-10-08 12:26:47.036000,17.64142,17.63788,370,190
2021-10-08 12:26:47.583000,17.64145,17.63798,100,190
2021-10-08 12:26:49.609000,17.64172,17.63848,190,300
2021-10-08 12:26:49.660000,17.64192,17.63855,410,100
2021-10-08 12:26:49.716000,17.64182,17.63855,190,100
2021-10-08 12:26:49.766000,17.64172,17.63825,190,100
2021-10-08 12:26:52.451000,17.64152,17.63808,190,190
2021-10-08 12:26:53.689000,17.64102,17.63778,190,220
2021-10-08 12:26:53.797000,17.64122,17.63778,410,220
2021-10-08 12:26:53.861000,17.64102,17.63778,190,220
2021-10-08 12:26:53.911000,17.64052,17.63698,190,190
2021-10-08 12:26:54.652000,17.64002,17.63648,190,190
2021-10-08 12:26:54.803000,17.63992,17.63638,190,190
2021-10-08 12:26:55.275000,17.63992,17.63655,190,100
2021-10-08 12:26:55.325000,17.63972,17.63628,190,190
2021-10-08 12:26:55.551000,17.63992,17.63655,190,100
2021-10-08 12:26:56.222000,17.63992,17.63668,190,370
2021-10-08 12:26:56.272000,17.64022,17.63668,410,370
2021-10-08 12:26:58.418000,17.64022,17.63698,190,370
2021-10-08 12:26:59.079000,17.64002,17.63698,190,370
2021-10-08 12:26:59.581000,17.64032,17.63698,410,370
2021-10-08 12:26:59.689000,17.64032,17.63678,410,190
2021-10-08 12:27:00.150000,17.64082,17.63738,190,220
2021-10-08 12:27:00.851000,17.64102,17.63758,410,490
2021-10-08 12:27:00.952000,17.64142,17.63788,190,190
2021-10-08 12:27:01.002000,17.64092,17.63738,190,190
2021-10-08 12:27:01.103000,17.64102,17.63758,190,190
2021-10-08 12:27:01.153000,17.64122,17.63768,410,190
2021-10-08 12:27:01.571000,17.64132,17.63778,410,190
2021-10-08 12:27:02.612000,17.64112,17.63768,190,190
2021-10-08 12:27:02.933000,17.64112,17.63785,190,100
2021-10-08 12:27:02.983000,17.64152,17.63798,410,410
2021-10-08 12:27:09.872000,17.64192,17.63848,190,260
2021-10-08 12:27:10.092000,17.64192,17.63855,190,100
2021-10-08 12:27:10.143000,17.64172,17.63818,190,190
2021-10-08 12:27:10.193000,17.64192,17.63848,190,100
2021-10-08 12:27:10.294000,17.64192,17.63855,190,100
2021-10-08 12:27:11.139000,17.64212,17.63868,410,190
2021-10-08 12:27:11.190000,17.64192,17.63848,190,190
2021-10-08 12:27:13.125000,17.64082,17.63728,190,190
2021-10-08 12:27:13.175000,17.64112,17.63768,190,190
2021-10-08 12:27:13.276000,17.64112,17.63758,190,190
2021-10-08 12:27:15.099000,17.64122,17.63778,190,190
2021-10-08 12:27:15.368000,17.64132,17.63788,190,190
2021-10-08 12:27:16.873000,17.64042,17.63698,190,190
2021-10-08 12:27:16.924000,17.64062,17.63708,190,190
2021-10-08 12:27:18.557000,17.64072,17.63728,190,190
2021-10-08 12:27:18.658000,17.64012,17.63665,190,110
2021-10-08 12:27:18.709000,17.64022,17.63685,190,110
2021-10-08 12:27:18.759000,17.64032,17.63688,190,190
2021-10-08 12:27:19.011000,17.64052,17.63708,410,190
2021-10-08 12:27:19.125000,17.64032,17.63688,190,190
2021-10-08 12:27:20.107000,17.64032,17.63695,190,110
2021-10-08 12:27:20.157000,17.64052,17.63708,190,190
2021-10-08 12:27:20.689000,17.64042,17.63705,190,100
2021-10-08 12:27:20.789000,17.63812,17.63468,190,370
2021-10-08 12:27:21.188000,17.63832,17.63478,190,190
2021-10-08 12:27:22.757000,17.63752,17.63398,190,190
2021-10-08 12:27:22.858000,17.63712,17.63348,190,190
2021-10-08 12:27:22.908000,17.63722,17.63358,190,190
2021-10-08 12:27:23.123000,17.63672,17.63308,190,370
2021-10-08 12:27:23.659000,17.63652,17.63288,190,190
2021-10-08 12:27:23.810000,17.63662,17.63308,190,190
2021-10-08 12:27:24.005000,17.63422,17.63115,190,370
2021-10-08 12:27:24.056000,17.63422,17.63068,190,190
2021-10-08 12:27:24.107000,17.63392,17.63038,190,190
2021-10-08 12:27:24.495000,17.63252,17.62888,190,190
2021-10-08 12:27:24.545000,17.63242,17.62888,190,190
2021-10-08 12:27:24.904000,17.63232,17.62875,190,100
2021-10-08 12:27:25.485000,17.63242,17.62878,190,190
2021-10-08 12:27:25.535000,17.63232,17.62875,190,100
2021-10-08 12:27:25.686000,17.63192,17.62838,190,370
2021-10-08 12:27:25.787000,17.63182,17.62838,190,370
2021-10-08 12:27:25.939000,17.63202,17.62838,190,370
2021-10-08 12:27:25.990000,17.63342,17.62988,190,370
2021-10-08 12:27:26.141000,17.63312,17.62958,190,600
2021-10-08 12:27:26.242000,17.63312,17.62968,190,370
2021-10-08 12:27:26.475000,17.63332,17.62988,190,370
2021-10-08 12:27:26.626000,17.63312,17.62968,190,370
2021-10-08 12:27:26.805000,17.63302,17.62948,190,370
2021-10-08 12:27:26.855000,17.63302,17.62968,190,370
2021-10-08 12:27:26.906000,17.63312,17.62968,190,370
2021-10-08 12:27:27.640000,17.63372,17.6303,190,150
2021-10-08 12:27:27.741000,17.63442,17.63148,190,370
2021-10-08 12:27:27.792000,17.63502,17.63168,190,370
2021-10-08 12:27:27.892000,17.63492,17.63128,190,190
2021-10-08 12:27:27.993000,17.63502,17.63128,190,190
2021-10-08 12:27:28.724000,17.63512,17.63158,190,370
2021-10-08 12:27:28.921000,17.63562,17.63208,190,370
2021-10-08 12:27:29.023000,17.63562,17.63188,190,370
2021-10-08 12:27:29.850000,17.63412,17.63038,190,190
2021-10-08 12:27:30.047000,17.63402,17.63028,190,190
2021-10-08 12:27:30.471000,17.63402,17.63038,190,370
2021-10-08 12:27:31.097000,17.63412,17.63068,190,370
2021-10-08 12:27:32.086000,17.63422,17.63068,410,370
2021-10-08 12:27:32.417000,17.63422,17.63048,410,370
2021-10-08 12:27:34.506000,17.63512,17.63158,410,370
2021-10-08 12:27:35.554000,17.63442,17.63058,410,370
2021-10-08 12:27:37.371000,17.63442,17.63078,220,370
2021-10-08 12:27:37.422000,17.63452,17.63078,410,370
2021-10-08 12:27:37.472000,17.63452,17.63098,410,370
2021-10-08 12:27:37.936000,17.63462,17.63128,190,370
2021-10-08 12:27:38.417000,17.63462,17.63088,190,370
2021-10-08 12:27:39.112000,17.63422,17.63018,410,370
2021-10-08 12:27:39.279000,17.63422,17.63058,410,370
2021-10-08 12:27:39.702000,17.63422,17.63078,410,370
2021-10-08 12:27:39.806000,17.63442,17.63078,410,370
2021-10-08 12:27:40.112000,17.63442,17.63098,410,370
2021-10-08 12:27:40.163000,17.63452,17.63098,410,370
2021-10-08 12:27:40.440000,17.63452,17.63068,410,370
2021-10-08 12:27:40.590000,17.63442,17.63088,190,370
2021-10-08 12:27:40.641000,17.63442,17.63068,410,370
2021-10-08 12:27:40.944000,17.63442,17.63088,410,370
2021-10-08 12:27:41.173000,17.63452,17.63078,410,370
2021-10-08 12:27:41.300000,17.63452,17.63068,410,370
2021-10-08 12:27:41.430000,17.63442,17.63068,410,370
2021-10-08 12:27:41.993000,17.63442,17.63038,410,370
2021-10-08 12:27:42.149000,17.63442,17.63058,410,370
2021-10-08 12:27:42.860000,17.63442,17.63028,410,370
2021-10-08 12:27:42.910000,17.63432,17.63028,410,370
2021-10-08 12:27:44.086000,17.63432,17.63018,410,370
2021-10-08 12:27:44.502000,17.63412,17.63018,190,370
2021-10-08 12:27:44.976000,17.63412,17.63008,190,190
2021-10-08 12:27:45.954000,17.63412,17.63038,190,370
2021-10-08 12:27:46.005000,17.63412,17.63018,190,370
2021-10-08 12:27:46.614000,17.63412,17.63068,190,370
2021-10-08 12:27:47.276000,17.63412,17.63058,190,370
2021-10-08 12:27:47.591000,17.63482,17.63098,410,370
2021-10-08 12:27:47.777000,17.63442,17.63098,190,370
2021-10-08 12:27:47.827000,17.63442,17.63028,410,190
2021-10-08 12:27:47.878000,17.63422,17.63018,190,190
2021-10-08 12:27:48.376000,17.63412,17.62998,410,190
2021-10-08 12:27:49.918000,17.63412,17.63018,410,370
2021-10-08 12:27:50.102000,17.63412,17.62998,410,190
2021-10-08 12:27:51.033000,17.63412,17.63018,410,370
2021-10-08 12:27:51.432000,17.63322,17.62918,410,370
2021-10-08 12:27:51.483000,17.63282,17.62908,190,370
2021-10-08 12:27:51.533000,17.63292,17.62888,410,370
2021-10-08 12:27:51.584000,17.63282,17.62888,410,370
2021-10-08 12:27:51.634000,17.63222,17.62818,190,190
2021-10-08 12:27:51.736000,17.63242,17.62858,410,370
2021-10-08 12:27:51.786000,17.63212,17.62808,410,370
2021-10-08 12:27:52.124000,17.63192,17.62808,410,370
2021-10-08 12:27:53.216000,17.63242,17.62858,410,370
2021-10-08 12:27:53.331000,17.63232,17.62848,410,370
2021-10-08 12:27:53.381000,17.63232,17.62808,410,370
2021-10-08 12:27:53.772000,17.63212,17.62788,190,190
2021-10-08 12:27:53.922000,17.63112,17.62778,190,220
2021-10-08 12:27:53.973000,17.63112,17.62698,410,190
2021-10-08 12:27:54.024000,17.63092,17.62698,190,190
2021-10-08 12:27:54.074000,17.63092,17.62688,190,190
2021-10-08 12:27:54.125000,17.63022,17.62588,410,190
2021-10-08 12:27:54.225000,17.63022,17.62648,410,190
2021-10-08 12:27:54.276000,17.62982,17.62548,410,190
2021-10-08 12:27:54.480000,17.62872,17.62428,190,190
2021-10-08 12:27:54.531000,17.62882,17.62458,410,190
2021-10-08 12:27:54.998000,17.62902,17.62468,410,190
2021-10-08 12:27:55.510000,17.62792,17.62398,410,190
2021-10-08 12:27:55.955000,17.62772,17.62388,410,190
2021-10-08 12:27:56.097000,17.62792,17.62418,410,370
2021-10-08 12:27:57.445000,17.62782,17.62388,410,190
2021-10-08 12:27:57.546000,17.62772,17.62388,410,370
2021-10-08 12:27:57.690000,17.62792,17.62388,410,370
2021-10-08 12:27:58.152000,17.62882,17.62508,410,370
2021-10-08 12:27:58.253000,17.62882,17.62518,410,190
2021-10-08 12:27:58.762000,17.62912,17.62558,410,370
2021-10-08 12:27:58.963000,17.63062,17.62678,410,190
2021-10-08 12:27:59.013000,17.63042,17.62658,410,190
2021-10-08 12:27:59.114000,17.63042,17.62678,410,190
2021-10-08 12:27:59.472000,17.63042,17.62643,410,150
2021-10-08 12:27:59.657000,17.63052,17.62663,410,150
2021-10-08 12:27:59.905000,17.63052,17.62653,410,150
2021-10-08 12:28:00.148000,17.63022,17.62663,410,150
2021-10-08 12:28:00.199000,17.63082,17.62663,410,150
2021-10-08 12:28:00.249000,17.63072,17.62663,190,150
2021-10-08 12:28:01.238000,17.63055,17.62663,100,150
2021-10-08 12:28:01.339000,17.63022,17.62588,410,190
2021-10-08 12:28:01.540000,17.63022,17.62608,220,190
2021-10-08 12:28:01.591000,17.63042,17.62608,410,190
2021-10-08 12:28:01.641000,17.62982,17.62583,220,150
2021-10-08 12:28:01.692000,17.63002,17.62583,410,150
2021-10-08 12:28:01.792000,17.62932,17.62503,410,150
2021-10-08 12:28:01.843000,17.62902,17.62478,190,190
2021-10-08 12:28:01.943000,17.62882,17.62448,410,190
2021-10-08 12:28:02.218000,17.62802,17.62398,220,190
2021-10-08 12:28:02.268000,17.62822,17.62398,190,190
2021-10-08 12:28:02.784000,17.62872,17.62438,410,190
2021-10-08 12:28:03.170000,17.62842,17.62408,410,190
2021-10-08 12:28:03.411000,17.62892,17.62483,410,150
2021-10-08 12:28:04.110000,17.62852,17.62418,410,190
2021-10-08 12:28:04.211000,17.62832,17.62398,190,190
2021-10-08 12:28:05.170000,17.62852,17.62418,410,190
2021-10-08 12:28:06.621000,17.62832,17.62398,410,190
2021-10-08 12:28:08.753000,17.62832,17.6238,410,280
2021-10-08 12:28:09.062000,17.62812,17.62383,410,150
2021-10-08 12:28:09.955000,17.62832,17.62383,190,150
2021-10-08 12:28:10.055000,17.62842,17.62383,190,150
2021-10-08 12:28:10.106000,17.62832,17.62373,190,150
2021-10-08 12:28:10.207000,17.62812,17.62373,190,150
2021-10-08 12:28:10.257000,17.62802,17.62338,220,190
2021-10-08 12:28:10.308000,17.62782,17.62308,190,190
2021-10-08 12:28:13.379000,17.62782,17.62348,190,120
2021-10-08 12:28:14.241000,17.62812,17.62338,190,190
2021-10-08 12:28:14.292000,17.62822,17.62348,190,190
2021-10-08 12:28:14.393000,17.62812,17.62338,190,190
2021-10-08 12:28:15.134000,17.62802,17.62328,190,190
2021-10-08 12:28:15.264000,17.62772,17.62348,410,190
2021-10-08 12:28:15.595000,17.62772,17.62368,410,120
2021-10-08 12:28:15.742000,17.62772,17.62348,410,190
2021-10-08 12:28:15.793000,17.62752,17.62338,190,120
2021-10-08 12:28:18.006000,17.62752,17.62328,190,190
2021-10-08 12:28:19.395000,17.62742,17.62318,410,190
2021-10-08 12:28:20.100000,17.62742,17.6234,410,150
2021-10-08 12:28:20.235000,17.62792,17.62393,410,150
2021-10-08 12:28:20.827000,17.62792,17.62395,410,110
2021-10-08 12:28:20.878000,17.62812,17.62383,410,150
2021-10-08 12:28:21.276000,17.62782,17.62375,410,100
2021-10-08 12:28:21.871000,17.62782,17.62385,410,300
2021-10-08 12:28:22.165000,17.62772,17.62385,410,300
2021-10-08 12:28:22.800000,17.62682,17.62285,410,670
2021-10-08 12:28:22.850000,17.62562,17.62185,220,1420
2021-10-08 12:28:22.901000,17.62592,17.62185,410,1420
2021-10-08 12:28:23.102000,17.62602,17.62185,410,1420
2021-10-08 12:28:24.022000,17.62542,17.62185,190,7420
2021-10-08 12:28:24.309000,17.62542,17.6221,190,220
2021-10-08 12:28:24.359000,17.62562,17.62185,190,7420
2021-10-08 12:28:24.675000,17.62562,17.62195,190,7420
2021-10-08 12:28:25.136000,17.62602,17.62195,410,7420
2021-10-08 12:28:25.384000,17.62602,17.62208,410,150
2021-10-08 12:28:25.434000,17.62612,17.62195,410,7420
2021-10-08 12:28:25.744000,17.62612,17.6221,410,220
2021-10-08 12:28:25.794000,17.62612,17.62195,410,7420
2021-10-08 12:28:27.216000,17.62552,17.62195,100,7420
2021-10-08 12:28:27.317000,17.62545,17.62195,100,7420
2021-10-08 12:28:27.646000,17.62545,17.62205,100,7420
2021-10-08 12:28:30.135000,17.62545,17.62218,100,150
2021-10-08 12:28:30.236000,17.62202,17.61938,220,370
2021-10-08 12:28:30.287000,17.62212,17.61868,410,150
2021-10-08 12:28:30.337000,17.62202,17.61868,190,150
2021-10-08 12:28:30.448000,17.62202,17.61898,190,150
2021-10-08 12:28:30.498000,17.62212,17.61868,190,150
2021-10-08 12:28:30.549000,17.62212,17.61918,190,150
2021-10-08 12:28:30.762000,17.62212,17.61828,190,150
2021-10-08 12:28:31.661000,17.62312,17.61948,410,150
2021-10-08 12:28:32.483000,17.62312,17.61968,410,150
2021-10-08 12:28:32.715000,17.62282,17.61915,410,100
2021-10-08 12:28:32.766000,17.62282,17.61925,410,100
2021-10-08 12:28:33.002000,17.62262,17.61925,410,100
2021-10-08 12:28:33.052000,17.62292,17.61928,410,150
2021-10-08 12:28:33.312000,17.62292,17.62008,410,150
2021-10-08 12:28:33.770000,17.62292,17.61928,410,150
2021-10-08 12:28:33.820000,17.62292,17.61958,410,150
2021-10-08 12:28:34.549000,17.62292,17.61938,410,150
2021-10-08 12:28:34.809000,17.62262,17.61918,410,150
2021-10-08 12:28:35.078000,17.62282,17.61958,410,150
2021-10-08 12:28:35.794000,17.62252,17.61878,410,150
2021-10-08 12:28:36.345000,17.62252,17.61848,410,150
2021-10-08 12:28:38.269000,17.62252,17.61888,410,150
2021-10-08 12:28:38.831000,17.62262,17.61888,410,150
2021-10-08 12:28:38.882000,17.62252,17.61838,410,150
2021-10-08 12:28:38.932000,17.62262,17.61868,410,410
2021-10-08 12:28:39.033000,17.62282,17.61888,410,410
2021-10-08 12:28:39.927000,17.62282,17.61905,410,100
2021-10-08 12:28:39.978000,17.62392,17.61998,410,410
2021-10-08 12:28:40.129000,17.62402,17.62008,190,410
2021-10-08 12:28:40.830000,17.62402,17.62038,190,310
2021-10-08 12:28:40.937000,17.62402,17.62058,190,150
2021-10-08 12:28:40.988000,17.62402,17.62038,190,150
2021-10-08 12:28:41.520000,17.62402,17.62028,190,310
2021-10-08 12:28:42.005000,17.62412,17.62028,190,310
2021-10-08 12:28:42.056000,17.62422,17.62128,220,190
2021-10-08 12:28:42.106000,17.62482,17.62128,220,410
2021-10-08 12:28:42.157000,17.62452,17.62128,190,220
2021-10-08 12:28:42.207000,17.62452,17.62078,410,150
2021-10-08 12:28:42.583000,17.62452,17.62068,410,150
2021-10-08 12:28:43.053000,17.62462,17.62078,410,150
2021-10-08 12:28:43.274000,17.62442,17.62078,190,150
2021-10-08 12:28:43.375000,17.62262,17.61915,410,300
2021-10-08 12:28:43.492000,17.62262,17.61928,410,150
2021-10-08 12:28:43.543000,17.62262,17.61915,410,300
2021-10-08 12:28:44.112000,17.62262,17.61905,410,300
2021-10-08 12:28:44.864000,17.62122,17.61728,410,540
2021-10-08 12:28:44.964000,17.62102,17.61725,190,300
2021-10-08 12:28:45.791000,17.62052,17.61725,190,670
2021-10-08 12:28:45.842000,17.61922,17.61538,190,190
2021-10-08 12:28:45.942000,17.61882,17.61488,410,410
2021-10-08 12:28:46.094000,17.61778,17.61438,150,190
2021-10-08 12:28:46.144000,17.61762,17.61368,190,600
2021-10-08 12:28:46.290000,17.61788,17.61398,150,410
2021-10-08 12:28:46.391000,17.61788,17.61398,150,240
2021-10-08 12:28:47,17.61798,17.61418,150,600
2021-10-08 12:28:47.065000,17.61798,17.61467,150,100
2021-10-08 12:28:47.116000,17.61872,17.61478,410,410
2021-10-08 12:28:47.642000,17.61772,17.61378,410,410
2021-10-08 12:28:47.896000,17.61782,17.61388,410,190
2021-10-08 12:28:48.101000,17.61822,17.61428,410,190
2021-10-08 12:28:49.002000,17.61842,17.61438,410,410
2021-10-08 12:28:50.883000,17.61802,17.61398,410,410
2021-10-08 12:28:51.085000,17.61822,17.61418,410,410
2021-10-08 12:28:51.584000,17.61832,17.61438,190,410
2021-10-08 12:28:52.764000,17.61852,17.61448,410,410
2021-10-08 12:28:53.293000,17.61852,17.61478,220,190
2021-10-08 12:28:53.344000,17.61912,17.61518,190,410
2021-10-08 12:28:54.944000,17.61852,17.61458,410,410
2021-10-08 12:28:56.448000,17.61882,17.61488,410,190
2021-10-08 12:28:56.711000,17.61902,17.61498,410,410
2021-10-08 12:28:59.287000,17.61912,17.61518,410,190
2021-10-08 12:29:00.155000,17.61922,17.61518,410,410
2021-10-08 12:29:00.413000,17.61922,17.61558,220,190
2021-10-08 12:29:00.541000,17.61952,17.61755,410,710
2021-10-08 12:29:00.645000,17.62022,17.61755,190,710
2021-10-08 12:29:01.821000,17.62032,17.61755,190,710
2021-10-08 12:29:01.999000,17.62092,17.61755,410,710
2021-10-08 12:29:02.378000,17.62082,17.61755,190,710
2021-10-08 12:29:02.867000,17.62092,17.61755,410,710
2021-10-08 12:29:03.363000,17.62132,17.61755,410,710
2021-10-08 12:29:03.856000,17.62092,17.61755,190,710
2021-10-08 12:29:04.741000,17.62002,17.61755,410,710
2021-10-08 12:29:05.067000,17.62062,17.61755,410,710
2021-10-08 12:29:06.410000,17.62152,17.61758,410,190
2021-10-08 12:29:06.826000,17.62132,17.61755,410,710
2021-10-08 12:29:07.034000,17.62142,17.61755,410,710
2021-10-08 12:29:07.251000,17.62222,17.61828,410,190
2021-10-08 12:29:08.481000,17.62222,17.61897,340,100
2021-10-08 12:29:08.531000,17.62242,17.61848,410,410
2021-10-08 12:29:08.632000,17.62242,17.61858,220,410
2021-10-08 12:29:08.683000,17.62192,17.61798,190,410
2021-10-08 12:29:08.783000,17.62212,17.61828,220,190
2021-10-08 12:29:08.834000,17.62202,17.61808,190,410
2021-10-08 12:29:08.884000,17.62222,17.61828,190,190
2021-10-08 12:29:09.049000,17.62302,17.61908,190,410
2021-10-08 12:29:09.150000,17.62322,17.61928,190,190
2021-10-08 12:29:09.252000,17.62322,17.61938,190,180
2021-10-08 12:29:09.851000,17.62332,17.61958,190,180
2021-10-08 12:29:10.141000,17.62352,17.61978,190,180
2021-10-08 12:29:10.793000,17.62352,17.61987,190,100
2021-10-08 12:29:10.843000,17.62375,17.62008,370,410
2021-10-08 12:29:11.022000,17.62375,17.61988,370,190
2021-10-08 12:29:11.141000,17.62375,17.61978,370,180
2021-10-08 12:29:11.777000,17.62232,17.61818,190,190
2021-10-08 12:29:11.828000,17.62222,17.61808,410,190
2021-10-08 12:29:11.929000,17.62242,17.61828,190,190
2021-10-08 12:29:11.979000,17.62282,17.61828,190,190
2021-10-08 12:29:12.030000,17.62212,17.61758,190,190
2021-10-08 12:29:12.151000,17.62262,17.61808,190,190
2021-10-08 12:29:12.274000,17.62262,17.61828,190,190
2021-10-08 12:29:12.387000,17.62272,17.61838,190,190
2021-10-08 12:29:13.663000,17.62262,17.61828,190,190
2021-10-08 12:29:15.366000,17.62242,17.61858,410,190
2021-10-08 12:29:15.416000,17.62262,17.61828,190,190
2021-10-08 12:29:15.621000,17.62272,17.61828,190,190
2021-10-08 12:29:16.457000,17.62302,17.61858,190,190
2021-10-08 12:29:16.821000,17.62182,17.61755,190,710
2021-10-08 12:29:17.224000,17.62212,17.61778,190,190
2021-10-08 12:29:18.380000,17.62212,17.61768,190,220
2021-10-08 12:29:18.431000,17.62192,17.61798,410,220
2021-10-08 12:29:22.561000,17.62182,17.61798,190,220
2021-10-08 12:29:22.740000,17.62182,17.61788,190,190
2021-10-08 12:29:23.141000,17.62182,17.61798,190,220
2021-10-08 12:29:23.291000,17.62022,17.61755,410,710
2021-10-08 12:29:24.289000,17.62002,17.61755,410,710
2021-10-08 12:29:24.339000,17.62002,17.61745,410,710
2021-10-08 12:29:26.751000,17.62022,17.61745,190,710
2021-10-08 12:29:26.845000,17.62012,17.61745,190,710
2021-10-08 12:29:26.895000,17.62012,17.61735,190,600
2021-10-08 12:29:28.287000,17.61942,17.61735,190,600
2021-10-08 12:29:29.994000,17.61982,17.61735,190,600
2021-10-08 12:29:31.790000,17.62012,17.61735,190,600
2021-10-08 12:29:32.572000,17.62082,17.61735,410,600
2021-10-08 12:29:32.622000,17.62072,17.61735,410,600
2021-10-08 12:29:32.794000,17.62112,17.61735,410,600
2021-10-08 12:29:33.102000,17.62142,17.61735,410,600
2021-10-08 12:29:33.432000,17.62142,17.61738,410,330
2021-10-08 12:29:34.364000,17.62182,17.61798,190,330
2021-10-08 12:29:35.299000,17.62182,17.61768,190,190
2021-10-08 12:29:35.350000,17.62172,17.61748,410,410
2021-10-08 12:29:37.960000,17.62182,17.61768,410,190
2021-10-08 12:29:39.045000,17.62182,17.61778,220,190
2021-10-08 12:29:39.096000,17.62192,17.61778,190,190
2021-10-08 12:29:39.197000,17.62192,17.61788,190,370
2021-10-08 12:29:39.881000,17.62192,17.61778,190,190
2021-10-08 12:29:40.157000,17.62252,17.61828,410,190
2021-10-08 12:29:40.207000,17.62262,17.61838,410,190
2021-10-08 12:29:40.500000,17.62242,17.61828,410,190
2021-10-08 12:29:41.084000,17.62252,17.61838,220,220
2021-10-08 12:29:41.135000,17.62272,17.61828,190,190
2021-10-08 12:29:41.277000,17.62272,17.61838,190,190
2021-10-08 12:29:42.100000,17.62262,17.61818,190,190
2021-10-08 12:29:42.150000,17.62232,17.61798,190,190
2021-10-08 12:29:42.342000,17.62222,17.61778,190,190
2021-10-08 12:29:44.618000,17.62182,17.61748,190,190
2021-10-08 12:29:45.063000,17.62192,17.61748,450,190
2021-10-08 12:29:45.362000,17.62252,17.61778,190,190
2021-10-08 12:29:45.642000,17.62012,17.61735,190,600
2021-10-08 12:29:45.793000,17.61992,17.61735,190,600
2021-10-08 12:29:46.247000,17.62032,17.61735,190,600
2021-10-08 12:29:46.348000,17.62092,17.61735,190,600
2021-10-08 12:29:49.723000,17.62102,17.61735,190,600
2021-10-08 12:29:50.921000,17.62172,17.61735,190,600
2021-10-08 12:29:50.971000,17.62132,17.61735,370,600
2021-10-08 12:29:51.215000,17.62122,17.61735,190,600
2021-10-08 12:29:51.316000,17.62092,17.61735,190,600
2021-10-08 12:29:52.504000,17.61842,17.61408,190,410
2021-10-08 12:29:52.555000,17.61802,17.61378,190,410
2021-10-08 12:29:52.859000,17.61862,17.61428,190,410
2021-10-08 12:29:53.285000,17.61855,17.61468,150,190
2021-10-08 12:29:53.512000,17.61942,17.61735,190,600
2021-10-08 12:29:54.448000,17.61952,17.61735,190,600
2021-10-08 12:29:54.809000,17.61972,17.61735,220,600
2021-10-08 12:29:54.860000,17.61982,17.61735,190,600
2021-10-08 12:29:56.901000,17.6198,17.61735,150,600
2021-10-08 12:29:56.951000,17.61815,17.61368,150,190
2021-10-08 12:29:57.090000,17.61832,17.61368,190,190
2021-10-08 12:29:57.199000,17.61842,17.61418,370,190
2021-10-08 12:29:57.351000,17.61842,17.61408,370,220
2021-10-08 12:29:57.402000,17.61842,17.61378,370,190
2021-10-08 12:29:57.994000,17.61805,17.61438,150,190
2021-10-08 12:29:58.096000,17.61855,17.61438,150,190
2021-10-08 12:29:58.266000,17.61882,17.61438,370,190
2021-10-08 12:29:58.317000,17.61962,17.61725,190,900
2021-10-08 12:29:58.550000,17.61972,17.61725,190,900
2021-10-08 12:29:58.801000,17.62012,17.61725,190,900
2021-10-08 12:29:59.074000,17.62052,17.61725,190,900
2021-10-08 12:29:59.253000,17.62062,17.61725,190,900
2021-10-08 12:29:59.354000,17.62093,17.61725,100,900
2021-10-08 12:29:59.405000,17.62162,17.61725,190,900
2021-10-08 12:30:00.058000,17.62113,17.61725,100,900
2021-10-08 12:30:00.109000,17.62152,17.61725,190,900
2021-10-08 12:30:00.278000,17.62212,17.61758,190,190
2021-10-08 12:30:00.537000,17.62193,17.61758,100,190
2021-10-08 12:30:00.588000,17.62222,17.61758,190,190
2021-10-08 12:30:00.744000,17.62232,17.61768,190,190
2021-10-08 12:30:01.182000,17.62232,17.61905,190,220
2021-10-08 12:30:01.233000,17.65882,17.64798,220,220
2021-10-08 12:30:01.283000,17.65572,17.64788,190,220
2021-10-08 12:30:01.384000,17.65678,17.65335,190,190
2021-10-08 12:30:01.434000,17.65542,17.64628,190,190
2021-10-08 12:30:01.485000,17.65562,17.64748,320,190
2021-10-08 12:30:01.586000,17.66062,17.64988,320,220
2021-10-08 12:30:01.636000,17.66082,17.65178,320,220
2021-10-08 12:30:01.737000,17.65955,17.65365,110,370
2021-10-08 12:30:01.788000,17.65955,17.65313,110,100
2021-10-08 12:30:01.889000,17.6608,17.65208,150,220
2021-10-08 12:30:01.990000,17.66132,17.6522,220,150
2021-10-08 12:30:02.091000,17.66215,17.6562,370,150
2021-10-08 12:30:02.141000,17.66392,17.65435,220,150
2021-10-08 12:30:02.192000,17.66212,17.65115,220,220
2021-10-08 12:30:02.243000,17.66192,17.65196,220,750
2021-10-08 12:30:02.394000,17.66092,17.65265,220,150
2021-10-08 12:30:02.528000,17.66092,17.65455,220,150
2021-10-08 12:30:02.581000,17.66192,17.65248,220,370
2021-10-08 12:30:02.682000,17.66192,17.65277,220,370
2021-10-08 12:30:02.832000,17.66405,17.65845,370,150
2021-10-08 12:30:02.888000,17.6642,17.6574,150,300
2021-10-08 12:30:02.942000,17.66492,17.6577,450,300
2021-10-08 12:30:02.993000,17.66442,17.65825,220,150
2021-10-08 12:30:03.043000,17.66452,17.6564,220,300
2021-10-08 12:30:03.094000,17.66452,17.65638,220,100
2021-10-08 12:30:03.145000,17.66492,17.6567,220,300
2021-10-08 12:30:03.245000,17.66492,17.65788,220,370
2021-10-08 12:30:03.296000,17.66492,17.65678,220,370
2021-10-08 12:30:03.346000,17.66663,17.6636,370,300
2021-10-08 12:30:03.397000,17.66663,17.663,370,300
2021-10-08 12:30:03.447000,17.66485,17.6615,100,300
2021-10-08 12:30:03.548000,17.66642,17.65928,220,220
2021-10-08 12:30:03.598000,17.6663,17.6615,150,300
2021-10-08 12:30:03.649000,17.67992,17.66568,150,220
2021-10-08 12:30:03.699000,17.68132,17.67848,100,250
2021-10-08 12:30:03.750000,17.68482,17.6793,220,220
2021-10-08 12:30:03.851000,17.68142,17.6774,220,100
2021-10-08 12:30:03.956000,17.68225,17.67958,370,370
2021-10-08 12:30:04.007000,17.68656,17.67948,100,370
2021-10-08 12:30:04.107000,17.6889,17.68195,220,140
2021-10-08 12:30:04.158000,17.68666,17.67918,75,150
2021-10-08 12:30:04.208000,17.68965,17.68318,220,250
2021-10-08 12:30:04.259000,17.68965,17.68178,220,250
2021-10-08 12:30:04.309000,17.687,17.68178,750,250
2021-10-08 12:30:04.410000,17.687,17.68258,750,220
2021-10-08 12:30:04.511000,17.687,17.68308,750,250
2021-10-08 12:30:04.561000,17.6886,17.68258,150,100
2021-10-08 12:30:04.612000,17.68468,17.6821,150,220
2021-10-08 12:30:04.663000,17.68645,17.6834,220,220
2021-10-08 12:30:04.764000,17.6913,17.6845,150,150
2021-10-08 12:30:04.864000,17.68942,17.68168,370,220
2021-10-08 12:30:04.915000,17.68972,17.6831,370,220
2021-10-08 12:30:05.016000,17.6922,17.68588,150,250
2021-10-08 12:30:05.116000,17.69212,17.68548,370,250
2021-10-08 12:30:05.167000,17.6926,17.68558,150,250
2021-10-08 12:30:05.218000,17.6919,17.68525,150,150
2021-10-08 12:30:05.268000,17.69205,17.68508,750,250
2021-10-08 12:30:05.319000,17.69202,17.68558,370,220
2021-10-08 12:30:05.470000,17.69223,17.68635,370,220
2021-10-08 12:30:05.520000,17.6923,17.6864,150,220
2021-10-08 12:30:05.571000,17.6927,17.68558,150,220
2021-10-08 12:30:05.622000,17.69285,17.6874,220,220
2021-10-08 12:30:05.672000,17.69335,17.6872,370,150
2021-10-08 12:30:05.723000,17.69335,17.68758,370,220
2021-10-08 12:30:05.824000,17.69362,17.6883,220,150
2021-10-08 12:30:05.874000,17.6931,17.68758,150,220
2021-10-08 12:30:05.975000,17.69425,17.68858,750,220
2021-10-08 12:30:06.075000,17.69362,17.68868,220,370
2021-10-08 12:30:06.126000,17.69362,17.68858,220,220
2021-10-08 12:30:06.177000,17.69302,17.68725,350,220
2021-10-08 12:30:06.227000,17.69302,17.68758,100,220
2021-10-08 12:30:06.278000,17.69222,17.6867,100,150
2021-10-08 12:30:06.329000,17.69232,17.68648,100,220
2021-10-08 12:30:06.429000,17.69252,17.6863,100,150
2021-10-08 12:30:06.480000,17.69212,17.68658,100,220
2021-10-08 12:30:06.530000,17.69385,17.68775,220,370
2021-10-08 12:30:06.581000,17.6937,17.68848,150,370
2021-10-08 12:30:06.682000,17.69362,17.68848,220,300
2021-10-08 12:30:06.783000,17.69355,17.68848,750,150
2021-10-08 12:30:06.833000,17.69375,17.68848,750,150
2021-10-08 12:30:06.884000,17.69445,17.68848,370,100
2021-10-08 12:30:06.984000,17.69452,17.6889,100,150
2021-10-08 12:30:07.085000,17.69355,17.68778,750,370
2021-10-08 12:30:07.136000,17.69355,17.68748,750,480
2021-10-08 12:30:07.186000,17.69362,17.68808,220,180
2021-10-08 12:30:07.287000,17.69362,17.68798,220,180
2021-10-08 12:30:07.337000,17.69362,17.68818,220,220
2021-10-08 12:30:07.388000,17.69385,17.68808,220,220
2021-10-08 12:30:07.438000,17.69385,17.6886,220,220
2021-10-08 12:30:07.539000,17.69362,17.68908,220,220
2021-10-08 12:30:07.591000,17.6932,17.68848,150,300
2021-10-08 12:30:07.645000,17.69222,17.68765,370,300
2021-10-08 12:30:07.746000,17.69042,17.6846,100,220
2021-10-08 12:30:07.796000,17.68982,17.6842,370,150
2021-10-08 12:30:07.899000,17.69163,17.68435,220,220
2021-10-08 12:30:07.950000,17.69145,17.6851,220,150
2021-10-08 12:30:08,17.69282,17.6852,100,150
2021-10-08 12:30:08.051000,17.69212,17.68428,370,100
2021-10-08 12:30:08.102000,17.69212,17.68468,370,100
2021-10-08 12:30:08.273000,17.6897,17.68448,150,220
2021-10-08 12:30:08.324000,17.68992,17.68448,370,220
2021-10-08 12:30:08.375000,17.6896,17.68448,150,220
2021-10-08 12:30:08.476000,17.69025,17.68548,220,220
2021-10-08 12:30:08.526000,17.68992,17.68448,370,150
2021-10-08 12:30:08.820000,17.69235,17.68548,220,150
2021-10-08 12:30:08.871000,17.69282,17.68548,190,220
2021-10-08 12:30:08.921000,17.6925,17.68665,150,100
2021-10-08 12:30:08.972000,17.6925,17.68548,150,150
2021-10-08 12:30:09.022000,17.6914,17.68548,150,150
2021-10-08 12:30:09.310000,17.71972,17.71068,310,220
2021-10-08 12:30:09.362000,17.72182,17.70968,220,220
2021-10-08 12:30:09.412000,17.71352,17.70745,75,100
2021-10-08 12:30:09.463000,17.71665,17.70765,150,300
2021-10-08 12:30:09.513000,17.71905,17.71027,100,370
2021-10-08 12:30:09.564000,17.71965,17.70825,100,100
2021-10-08 12:30:09.665000,17.70605,17.70348,75,110
2021-10-08 12:30:09.715000,17.71752,17.69858,100,150
2021-10-08 12:30:09.770000,17.71362,17.70147,100,220
2021-10-08 12:30:09.871000,17.70615,17.69948,75,150
2021-10-08 12:30:09.922000,17.70615,17.70027,75,370
2021-10-08 12:30:09.972000,17.71642,17.70808,370,220
2021-10-08 12:30:10.023000,17.71922,17.71012,750,220
2021-10-08 12:30:10.074000,17.70652,17.70248,220,100
2021-10-08 12:30:10.124000,17.70567,17.69958,75,190
2021-10-08 12:30:10.175000,17.70365,17.69948,100,220
2021-10-08 12:30:10.275000,17.70325,17.69758,370,190
2021-10-08 12:30:10.326000,17.70435,17.69758,150,190
2021-10-08 12:30:10.376000,17.69975,17.69758,110,190
2021-10-08 12:30:10.427000,17.70432,17.69758,220,190
2021-10-08 12:30:10.477000,17.70332,17.69758,220,190
2021-10-08 12:30:10.578000,17.70632,17.69948,150,100
2021-10-08 12:30:10.629000,17.704,17.7003,75,220
2021-10-08 12:30:10.730000,17.70672,17.70248,75,220
2021-10-08 12:30:10.781000,17.70375,17.69948,75,100
2021-10-08 12:30:10.832000,17.70305,17.69965,100,150
2021-10-08 12:30:10.882000,17.70512,17.70022,220,150
2021-10-08 12:30:10.933000,17.70712,17.70315,220,370
2021-10-08 12:30:10.983000,17.70555,17.70108,370,190
2021-10-08 12:30:11.084000,17.70225,17.69735,370,750
2021-10-08 12:30:11.134000,17.70052,17.6982,150,150
2021-10-08 12:30:11.185000,17.70052,17.69808,150,220
2021-10-08 12:30:11.235000,17.69352,17.68918,220,220
2021-10-08 12:30:11.286000,17.69512,17.69198,220,100
2021-10-08 12:30:11.336000,17.67925,17.67558,15,150
2021-10-08 12:30:11.437000,17.68502,17.68248,190,300
2021-10-08 12:30:11.487000,17.67722,17.67478,22,150
2021-10-08 12:30:11.588000,17.68265,17.6794,75,750
2021-10-08 12:30:11.638000,17.68752,17.68508,100,220
2021-10-08 12:30:11.689000,17.68852,17.68278,220,150
2021-10-08 12:30:11.739000,17.68902,17.68348,220,75
2021-10-08 12:30:11.840000,17.68772,17.68348,190,100
2021-10-08 12:30:11.890000,17.69432,17.68968,370,220
2021-10-08 12:30:11.941000,17.68952,17.68668,150,220
2021-10-08 12:30:12.041000,17.69152,17.68618,150,370
2021-10-08 12:30:12.142000,17.69235,17.6886,100,370
2021-10-08 12:30:12.193000,17.69248,17.68725,750,370
2021-10-08 12:30:12.243000,17.68952,17.68538,100,190
2021-10-08 12:30:12.344000,17.68635,17.68168,150,220
2021-10-08 12:30:12.395000,17.68552,17.68085,150,370
2021-10-08 12:30:12.546000,17.68452,17.6791,150,150
2021-10-08 12:30:12.647000,17.68035,17.67825,100,220
2021-10-08 12:30:12.698000,17.67835,17.67535,100,220
2021-10-08 12:30:12.798000,17.67652,17.67378,100,190
2021-10-08 12:30:12.899000,17.67852,17.67358,150,220
2021-10-08 12:30:12.950000,17.68082,17.6752,220,150
2021-10-08 12:30:13,17.68192,17.67635,220,220
2021-10-08 12:30:13.051000,17.68202,17.6754,150,220
2021-10-08 12:30:13.101000,17.68202,17.67558,220,220
2021-10-08 12:30:13.202000,17.67952,17.67435,150,220
2021-10-08 12:30:13.253000,17.67452,17.66908,150,190
2021-10-08 12:30:13.353000,17.67272,17.66778,150,220
2021-10-08 12:30:13.404000,17.67152,17.66348,150,100
2021-10-08 12:30:13.454000,17.67052,17.66448,150,220
2021-10-08 12:30:13.555000,17.67272,17.66528,220,220
2021-10-08 12:30:13.609000,17.67352,17.66648,150,220
2021-10-08 12:30:13.660000,17.67252,17.66328,370,220
2021-10-08 12:30:13.710000,17.67052,17.66308,100,220
2021-10-08 12:30:13.811000,17.67252,17.66308,150,190
2021-10-08 12:30:13.862000,17.67392,17.66688,150,190
2021-10-08 12:30:14.013000,17.67392,17.66738,150,190
2021-10-08 12:30:14.164000,17.67292,17.66828,150,100
2021-10-08 12:30:14.214000,17.67292,17.66688,220,100
2021-10-08 12:30:14.265000,17.67692,17.66968,150,220
2021-10-08 12:30:14.366000,17.6783,17.67435,150,220
2021-10-08 12:30:14.467000,17.67662,17.66748,190,190
2021-10-08 12:30:14.517000,17.67652,17.67435,100,220
2021-10-08 12:30:14.568000,17.67692,17.6741,150,220
2021-10-08 12:30:14.618000,17.67452,17.66778,150,190
2021-10-08 12:30:14.669000,17.67552,17.66828,150,190
2021-10-08 12:30:14.720000,17.67452,17.66778,150,190
2021-10-08 12:30:14.770000,17.67452,17.66658,150,190
2021-10-08 12:30:14.821000,17.67452,17.66758,150,190
2021-10-08 12:30:14.872000,17.67532,17.66798,150,190
2021-10-08 12:30:14.922000,17.67552,17.66918,100,190
2021-10-08 12:30:15.023000,17.67653,17.67435,750,220
2021-10-08 12:30:15.074000,17.67802,17.67435,150,220
2021-10-08 12:30:15.175000,17.67952,17.67435,100,220
2021-10-08 12:30:15.275000,17.67912,17.67435,190,220
2021-10-08 12:30:15.326000,17.68025,17.67435,100,220
2021-10-08 12:30:15.427000,17.68232,17.67548,150,150
2021-10-08 12:30:15.527000,17.68222,17.67548,150,340
2021-10-08 12:30:15.628000,17.67952,17.67435,100,220
2021-10-08 12:30:15.678000,17.68072,17.67435,190,220
2021-10-08 12:30:15.729000,17.68042,17.67435,100,220
2021-10-08 12:30:15.829000,17.68315,17.67548,750,270
2021-10-08 12:30:15.880000,17.68402,17.67548,190,190
2021-10-08 12:30:15.930000,17.68382,17.67548,190,190
2021-10-08 12:30:16.081000,17.68495,17.67948,100,190
2021-10-08 12:30:16.182000,17.68535,17.68048,220,150
2021-10-08 12:30:16.233000,17.69082,17.68398,190,190
2021-10-08 12:30:16.283000,17.69082,17.68648,190,150
2021-10-08 12:30:16.334000,17.69222,17.68588,220,100
2021-10-08 12:30:16.384000,17.69412,17.68798,190,100
2021-10-08 12:30:16.435000,17.69452,17.68778,100,100
2021-10-08 12:30:16.535000,17.69522,17.68838,190,100
2021-10-08 12:30:16.586000,17.69462,17.68748,370,220
2021-10-08 12:30:16.636000,17.69452,17.68748,150,300
2021-10-08 12:30:16.737000,17.69422,17.68748,190,220
2021-10-08 12:30:16.838000,17.69352,17.68848,100,220
2021-10-08 12:30:16.939000,17.69552,17.68858,150,190
2021-10-08 12:30:16.989000,17.69492,17.68848,190,220
2021-10-08 12:30:17.090000,17.69552,17.68888,220,190
2021-10-08 12:30:17.140000,17.69522,17.68858,190,190
2021-10-08 12:30:17.241000,17.69452,17.68848,100,220
2021-10-08 12:30:17.292000,17.69422,17.68748,190,640
2021-10-08 12:30:17.342000,17.69462,17.68858,190,220
2021-10-08 12:30:17.393000,17.69652,17.68978,190,190
2021-10-08 12:30:17.444000,17.69492,17.68848,190,220
2021-10-08 12:30:17.595000,17.69402,17.68748,190,370
2021-10-08 12:30:17.645000,17.69502,17.68848,100,490
2021-10-08 12:30:17.696000,17.69592,17.68918,190,190
2021-10-08 12:30:17.746000,17.69492,17.68848,190,100
2021-10-08 12:30:17.847000,17.69042,17.68548,190,220
2021-10-08 12:30:17.897000,17.69182,17.68548,190,300
2021-10-08 12:30:17.948000,17.69172,17.68548,190,300
2021-10-08 12:30:17.999000,17.69192,17.68548,190,300
2021-10-08 12:30:18.049000,17.69062,17.68548,190,150
2021-10-08 12:30:18.100000,17.69112,17.68478,370,190
2021-10-08 12:30:18.151000,17.68942,17.68288,190,190
2021-10-08 12:30:18.201000,17.68535,17.68248,220,150
2021-10-08 12:30:18.403000,17.68535,17.68165,220,300
2021-10-08 12:30:18.454000,17.68535,17.68075,220,750
2021-10-08 12:30:18.554000,17.6829,17.67905,370,370
2021-10-08 12:30:18.605000,17.68222,17.67765,370,370
2021-10-08 12:30:18.706000,17.67745,17.67435,150,220
2021-10-08 12:30:18.756000,17.67892,17.67248,190,150
2021-10-08 12:30:18.807000,17.67992,17.67745,370,750
2021-10-08 12:30:18.857000,17.68002,17.67745,190,750
2021-10-08 12:30:18.908000,17.68112,17.67745,150,750
2021-10-08 12:30:18.958000,17.67992,17.67745,190,750
2021-10-08 12:30:19.059000,17.67992,17.67435,190,220
2021-10-08 12:30:19.110000,17.67702,17.67048,190,190
2021-10-08 12:30:19.160000,17.67662,17.67435,190,220
2021-10-08 12:30:19.211000,17.67742,17.67435,370,220
2021-10-08 12:30:19.312000,17.67762,17.67435,370,220
2021-10-08 12:30:19.463000,17.67752,17.67435,150,220
2021-10-08 12:30:19.563000,17.67492,17.66858,190,100
2021-10-08 12:30:19.614000,17.67412,17.66848,190,100
2021-10-08 12:30:19.765000,17.67352,17.66848,150,100
2021-10-08 12:30:19.865000,17.66752,17.66248,150,100
2021-10-08 12:30:19.916000,17.66852,17.66168,150,100
2021-10-08 12:30:19.966000,17.66182,17.65388,190,190
2021-10-08 12:30:20.017000,17.66252,17.65468,340,220
2021-10-08 12:30:20.067000,17.66312,17.65498,190,190
2021-10-08 12:30:20.118000,17.66352,17.66038,150,220
2021-10-08 12:30:20.168000,17.66722,17.65978,150,220
2021-10-08 12:30:20.219000,17.66752,17.66048,150,220
2021-10-08 12:30:20.319000,17.66812,17.66078,100,220
2021-10-08 12:30:20.370000,17.67102,17.66718,150,190
2021-10-08 12:30:20.420000,17.67372,17.66798,150,190
2021-10-08 12:30:20.471000,17.67182,17.66368,190,190
2021-10-08 12:30:20.521000,17.67132,17.66448,190,150
2021-10-08 12:30:20.572000,17.66882,17.66148,100,100
2021-10-08 12:30:20.622000,17.66782,17.66068,370,100
2021-10-08 12:30:20.723000,17.66772,17.66058,370,100
2021-10-08 12:30:20.773000,17.66582,17.65858,100,370
2021-10-08 12:30:20.874000,17.66832,17.66408,150,190
2021-10-08 12:30:20.924000,17.67482,17.66688,150,190
2021-10-08 12:30:20.975000,17.67582,17.66868,190,190
2021-10-08 12:30:21.025000,17.67602,17.66818,190,190
2021-10-08 12:30:21.076000,17.67762,17.67435,220,220
2021-10-08 12:30:21.126000,17.67502,17.66808,190,100
2021-10-08 12:30:21.177000,17.67432,17.66728,190,190
2021-10-08 12:30:21.278000,17.67665,17.67395,100,220
2021-10-08 12:30:21.328000,17.67702,17.67398,190,220
2021-10-08 12:30:21.429000,17.67352,17.66648,150,220
2021-10-08 12:30:21.529000,17.67242,17.66648,370,100
2021-10-08 12:30:21.580000,17.67252,17.66648,300,100
2021-10-08 12:30:21.680000,17.66892,17.66248,370,100
2021-10-08 12:30:21.731000,17.66882,17.66348,370,100
2021-10-08 12:30:21.781000,17.66842,17.66248,220,100
2021-10-08 12:30:21.832000,17.66852,17.66248,150,100
2021-10-08 12:30:21.883000,17.66832,17.66128,220,240
2021-10-08 12:30:21.933000,17.66612,17.66248,370,100
2021-10-08 12:30:21.984000,17.66382,17.65758,370,100
2021-10-08 12:30:22.085000,17.66342,17.65678,370,220
2021-10-08 12:30:22.185000,17.66212,17.65448,100,320
2021-10-08 12:30:22.236000,17.66372,17.65668,190,370
2021-10-08 12:30:22.287000,17.66382,17.65678,190,370
2021-10-08 12:30:22.388000,17.66482,17.65778,220,100
2021-10-08 12:30:22.489000,17.66462,17.65768,190,100
2021-10-08 12:30:22.539000,17.66462,17.65758,190,370
2021-10-08 12:30:22.590000,17.66312,17.65748,370,100
2021-10-08 12:30:22.690000,17.66032,17.65448,410,100
2021-10-08 12:30:22.741000,17.66052,17.65448,220,100
2021-10-08 12:30:22.841000,17.66272,17.65548,190,100
2021-10-08 12:30:22.892000,17.66242,17.65648,190,100
2021-10-08 12:30:23.044000,17.66442,17.65758,190,100
2021-10-08 12:30:23.095000,17.66392,17.65848,190,100
2021-10-08 12:30:23.145000,17.66312,17.65568,190,190
2021-10-08 12:30:23.196000,17.66342,17.65598,410,240
2021-10-08 12:30:23.346000,17.66382,17.65738,190,100
2021-10-08 12:30:23.447000,17.66012,17.65348,190,120
2021-10-08 12:30:23.548000,17.66282,17.65548,190,120
2021-10-08 12:30:23.599000,17.66262,17.65648,190,100
2021-10-08 12:30:23.750000,17.66335,17.66045,150,750
2021-10-08 12:30:23.800000,17.66655,17.66198,220,100
2021-10-08 12:30:23.851000,17.667,17.66065,150,100
2021-10-08 12:30:23.951000,17.66809,17.6618,750,170
2021-10-08 12:30:24.002000,17.66892,17.6622,190,170
2021-10-08 12:30:24.052000,17.66892,17.6622,190,170
2021-10-08 12:30:24.103000,17.66892,17.6622,190,150
2021-10-08 12:30:24.254000,17.66752,17.6611,150,150
2021-10-08 12:30:24.355000,17.66562,17.66035,370,220
2021-10-08 12:30:24.405000,17.66532,17.65948,100,100
2021-10-08 12:30:24.456000,17.6653,17.65948,150,100
2021-10-08 12:30:24.563000,17.66492,17.65948,370,100
2021-10-08 12:30:24.613000,17.66602,17.65968,190,100
2021-10-08 12:30:24.664000,17.66682,17.66048,190,150
2021-10-08 12:30:24.765000,17.66502,17.66048,190,150
2021-10-08 12:30:24.815000,17.66512,17.65965,190,150
2021-10-08 12:30:24.866000,17.66552,17.65948,150,150
2021-10-08 12:30:24.916000,17.66512,17.65948,190,150
2021-10-08 12:30:24.966000,17.66522,17.65948,190,150
2021-10-08 12:30:25.017000,17.66512,17.65948,190,150
2021-10-08 12:30:25.118000,17.66182,17.65648,370,150
2021-10-08 12:30:25.269000,17.66092,17.65455,190,370
2021-10-08 12:30:25.319000,17.66072,17.65448,190,150
2021-10-08 12:30:25.420000,17.66225,17.65648,750,150
2021-10-08 12:30:25.471000,17.66275,17.65648,370,150
2021-10-08 12:30:25.521000,17.66192,17.65648,190,150
2021-10-08 12:30:25.572000,17.6622,17.65648,150,150
2021-10-08 12:30:25.672000,17.66232,17.65648,100,150
2021-10-08 12:30:25.773000,17.6625,17.65648,150,150
2021-10-08 12:30:25.824000,17.6618,17.65648,150,150
2021-10-08 12:30:25.874000,17.66212,17.65648,190,150
2021-10-08 12:30:26.001000,17.66222,17.65648,190,150
2021-10-08 12:30:26.051000,17.66202,17.65648,190,150
2021-10-08 12:30:26.152000,17.66192,17.65548,190,190
2021-10-08 12:30:26.203000,17.66182,17.65567,190,150
2021-10-08 12:30:26.344000,17.66222,17.65648,190,150
2021-10-08 12:30:26.494000,17.66212,17.65648,190,150
2021-10-08 12:30:26.545000,17.6623,17.65648,150,150
2021-10-08 12:30:26.595000,17.66252,17.65678,150,190
2021-10-08 12:30:26.696000,17.66152,17.65605,190,220
2021-10-08 12:30:26.747000,17.66092,17.65455,190,750
2021-10-08 12:30:26.797000,17.65932,17.65455,190,750
2021-10-08 12:30:26.848000,17.66052,17.65418,190,190
2021-10-08 12:30:26.898000,17.66002,17.6537,190,150
2021-10-08 12:30:26.999000,17.66152,17.65548,190,100
2021-10-08 12:30:27.100000,17.66442,17.66048,750,190
2021-10-08 12:30:27.201000,17.67052,17.66458,490,220
2021-10-08 12:30:27.251000,17.67042,17.66455,190,220
2021-10-08 12:30:27.352000,17.67135,17.66648,300,100
2021-10-08 12:30:27.402000,17.67135,17.666,300,150
2021-10-08 12:30:27.453000,17.67052,17.666,100,150
2021-10-08 12:30:27.503000,17.67132,17.66575,190,150
2021-10-08 12:30:27.554000,17.67202,17.66578,100,190
2021-10-08 12:30:27.604000,17.67082,17.66588,190,220
2021-10-08 12:30:27.655000,17.67042,17.66448,190,300
2021-10-08 12:30:27.755000,17.67112,17.66488,100,190
2021-10-08 12:30:27.806000,17.67122,17.66548,190,100
2021-10-08 12:30:27.906000,17.67152,17.66565,100,100
2021-10-08 12:30:27.957000,17.67152,17.66648,100,150
2021-10-08 12:30:28.007000,17.67245,17.6673,220,150
2021-10-08 12:30:28.058000,17.67242,17.66648,190,150
2021-10-08 12:30:28.108000,17.67245,17.6679,220,150
2021-10-08 12:30:28.159000,17.67245,17.66705,220,220
2021-10-08 12:30:28.209000,17.67082,17.66555,190,370
2021-10-08 12:30:28.259000,17.67082,17.66448,190,300
2021-10-08 12:30:28.310000,17.67022,17.6651,100,150
2021-10-08 12:30:28.360000,17.67035,17.6651,100,150
2021-10-08 12:30:28.411000,17.67052,17.66458,100,190
2021-10-08 12:30:28.461000,17.67042,17.66448,190,300
2021-10-08 12:30:28.580000,17.67135,17.66648,100,150
2021-10-08 12:30:28.630000,17.67122,17.66548,190,150
2021-10-08 12:30:28.731000,17.67112,17.66548,190,100
2021-10-08 12:30:28.882000,17.67052,17.6651,100,150
2021-10-08 12:30:29.033000,17.67102,17.6657,190,150
2021-10-08 12:30:29.133000,17.67052,17.6651,100,150
2021-10-08 12:30:29.184000,17.67052,17.665,100,150
2021-10-08 12:30:29.262000,17.67022,17.665,190,150
2021-10-08 12:30:29.362000,17.66952,17.6642,260,150
2021-10-08 12:30:29.413000,17.67035,17.6651,100,150
2021-10-08 12:30:29.514000,17.67145,17.66588,370,190
2021-10-08 12:30:29.615000,17.67082,17.6651,190,150
2021-10-08 12:30:29.715000,17.67032,17.66445,190,750
2021-10-08 12:30:29.766000,17.66952,17.6642,100,150
2021-10-08 12:30:29.817000,17.66952,17.6641,100,150
2021-10-08 12:30:29.868000,17.66952,17.6642,100,150
2021-10-08 12:30:29.969000,17.66952,17.6645,100,150
2021-10-08 12:30:30.019000,17.67012,17.6642,190,150
2021-10-08 12:30:30.120000,17.67052,17.66498,100,190
2021-10-08 12:30:30.221000,17.67122,17.66598,190,190
2021-10-08 12:30:30.322000,17.67245,17.66748,220,150
2021-10-08 12:30:30.372000,17.67245,17.66705,220,750
2021-10-08 12:30:30.423000,17.67245,17.66698,220,190
2021-10-08 12:30:30.474000,17.67245,17.66738,220,190
2021-10-08 12:30:30.574000,17.67245,17.667,220,150
2021-10-08 12:30:30.625000,17.67245,17.66738,220,190
2021-10-08 12:30:30.726000,17.67245,17.6691,220,150
2021-10-08 12:30:30.877000,17.67722,17.67128,190,190
2021-10-08 12:30:30.977000,17.67692,17.67098,190,190
2021-10-08 12:30:31.078000,17.67682,17.67098,190,190
2021-10-08 12:30:31.179000,17.67692,17.67108,190,190
2021-10-08 12:30:31.424000,17.67872,17.67288,190,190
2021-10-08 12:30:31.575000,17.67922,17.67348,190,410
2021-10-08 12:30:31.625000,17.67932,17.67348,190,410
2021-10-08 12:30:31.675000,17.67792,17.67238,190,220
2021-10-08 12:30:31.776000,17.67622,17.67068,190,190
2021-10-08 12:30:31.877000,17.67245,17.6689,220,150
2021-10-08 12:30:31.977000,17.67245,17.6681,220,150
2021-10-08 12:30:32.028000,17.67245,17.6685,220,150
2021-10-08 12:30:32.078000,17.67332,17.6681,190,150
2021-10-08 12:30:32.240000,17.67332,17.668,190,150
2021-10-08 12:30:32.341000,17.67342,17.6681,190,150
2021-10-08 12:30:32.441000,17.67322,17.66788,190,100
2021-10-08 12:30:32.492000,17.67272,17.66705,190,220
2021-10-08 12:30:32.542000,17.67322,17.6679,190,150
2021-10-08 12:30:32.593000,17.67342,17.66748,190,150
2021-10-08 12:30:32.643000,17.67425,17.6698,100,150
2021-10-08 12:30:32.694000,17.67522,17.67,190,150
2021-10-08 12:30:32.795000,17.67502,17.6698,190,150
2021-10-08 12:30:32.895000,17.67522,17.6699,190,150
2021-10-08 12:30:33.012000,17.67442,17.6691,190,150
2021-10-08 12:30:33.113000,17.67422,17.669,190,150
2021-10-08 12:30:33.264000,17.67412,17.669,190,150
2021-10-08 12:30:33.314000,17.67422,17.6688,190,150
2021-10-08 12:30:33.365000,17.67342,17.6681,190,150
2021-10-08 12:30:33.415000,17.67302,17.6676,190,150
2021-10-08 12:30:33.466000,17.67202,17.6668,190,150
2021-10-08 12:30:33.566000,17.67142,17.666,190,150
2021-10-08 12:30:33.645000,17.67102,17.666,190,150
2021-10-08 12:30:33.746000,17.66682,17.66265,190,220
2021-10-08 12:30:33.796000,17.66712,17.66248,190,300
2021-10-08 12:30:33.897000,17.66785,17.66348,100,460
2021-10-08 12:30:33.998000,17.66812,17.66348,190,100
2021-10-08 12:30:34.049000,17.66885,17.66475,100,370
2021-10-08 12:30:34.200000,17.66822,17.66448,190,220
2021-10-08 12:30:34.250000,17.66912,17.66448,190,100
2021-10-08 12:30:34.301000,17.66932,17.66448,190,100
2021-10-08 12:30:34.402000,17.66912,17.66448,190,100
2021-10-08 12:30:34.452000,17.66932,17.66448,190,100
2021-10-08 12:30:34.503000,17.66962,17.66448,190,100
2021-10-08 12:30:34.604000,17.66972,17.66448,190,100
2021-10-08 12:30:34.654000,17.66952,17.66448,190,100
2021-10-08 12:30:34.806000,17.66952,17.66648,190,100
2021-10-08 12:30:34.856000,17.67012,17.66648,190,100
2021-10-08 12:30:34.974000,17.67165,17.66875,100,150
2021-10-08 12:30:35.025000,17.67381,17.66948,750,100
2021-10-08 12:30:35.075000,17.67435,17.67048,750,100
2021-10-08 12:30:35.176000,17.67522,17.67048,190,100
2021-10-08 12:30:35.227000,17.67492,17.67048,190,100
2021-10-08 12:30:35.330000,17.67532,17.67148,190,100
2021-10-08 12:30:35.381000,17.67562,17.67148,190,100
2021-10-08 12:30:35.599000,17.67542,17.67148,190,100
2021-10-08 12:30:35.650000,17.67502,17.67048,190,100
2021-10-08 12:30:35.701000,17.67492,17.67048,190,100
2021-10-08 12:30:35.752000,17.67712,17.67248,190,100
2021-10-08 12:30:35.803000,17.67792,17.67348,190,100
2021-10-08 12:30:35.904000,17.67822,17.67348,190,100
2021-10-08 12:30:35.954000,17.67822,17.67448,190,100
2021-10-08 12:30:36.055000,17.67832,17.67448,190,100
2021-10-08 12:30:36.105000,17.67702,17.67365,190,100
2021-10-08 12:30:36.156000,17.67712,17.67348,190,100
2021-10-08 12:30:36.206000,17.67702,17.67348,190,100
2021-10-08 12:30:36.307000,17.67632,17.67248,190,100
2021-10-08 12:30:36.408000,17.67522,17.67148,190,100
2021-10-08 12:30:36.458000,17.67585,17.67148,190,100
2021-10-08 12:30:36.509000,17.67522,17.67048,190,220
2021-10-08 12:30:36.559000,17.67512,17.67048,190,220
2021-10-08 12:30:36.610000,17.67585,17.6707,100,150
2021-10-08 12:30:36.660000,17.67522,17.67048,190,150
2021-10-08 12:30:36.711000,17.67642,17.6707,190,150
2021-10-08 12:30:36.761000,17.67562,17.67165,190,100
2021-10-08 12:30:36.812000,17.67572,17.67048,190,150
2021-10-08 12:30:36.862000,17.67572,17.67148,190,150
2021-10-08 12:30:36.913000,17.67582,17.67148,190,150
2021-10-08 12:30:37.013000,17.67572,17.67148,190,150
2021-10-08 12:30:37.064000,17.67592,17.67148,190,150
2021-10-08 12:30:37.165000,17.67822,17.67348,190,150
2021-10-08 12:30:37.265000,17.67782,17.67168,190,280
2021-10-08 12:30:37.416000,17.67855,17.67548,100,100
2021-10-08 12:30:37.467000,17.68042,17.67548,190,100
2021-10-08 12:30:37.517000,17.68012,17.67548,190,100
2021-10-08 12:30:37.595000,17.68002,17.67465,190,100
2021-10-08 12:30:37.646000,17.68012,17.67548,190,100
2021-10-08 12:30:37.747000,17.68032,17.67548,190,100
2021-10-08 12:30:37.798000,17.67962,17.67405,190,220
2021-10-08 12:30:37.848000,17.67792,17.67158,190,280
2021-10-08 12:30:37.949000,17.67782,17.67248,190,220
2021-10-08 12:30:38.049000,17.67905,17.6732,100,150
2021-10-08 12:30:38.101000,17.67922,17.67448,190,220
2021-10-08 12:30:38.151000,17.68025,17.67548,100,150
2021-10-08 12:30:38.252000,17.68185,17.67668,220,190
2021-10-08 12:30:38.302000,17.68245,17.67758,220,190
2021-10-08 12:30:38.353000,17.68352,17.67788,150,190
2021-10-08 12:30:38.453000,17.68402,17.6781,190,150
2021-10-08 12:30:38.504000,17.68412,17.679,190,150
2021-10-08 12:30:38.554000,17.68422,17.679,190,150
2021-10-08 12:30:38.655000,17.68452,17.6791,340,150
2021-10-08 12:30:38.710000,17.68452,17.679,340,150
2021-10-08 12:30:38.810000,17.68392,17.67805,190,150
2021-10-08 12:30:38.861000,17.68352,17.678,100,150
2021-10-08 12:30:38.961000,17.68235,17.67678,100,190
2021-10-08 12:30:39.012000,17.68252,17.6772,100,150
2021-10-08 12:30:39.062000,17.68252,17.6771,100,150
2021-10-08 12:30:39.113000,17.68375,17.6788,100,150
2021-10-08 12:30:39.163000,17.68425,17.6789,370,150
2021-10-08 12:30:39.214000,17.68425,17.6793,370,150
2021-10-08 12:30:39.264000,17.68452,17.6793,150,150
2021-10-08 12:30:39.432000,17.68393,17.67848,100,220
2021-10-08 12:30:39.483000,17.68435,17.67948,100,220
2021-10-08 12:30:39.533000,17.68442,17.6791,190,150
2021-10-08 12:30:39.583000,17.68442,17.6792,190,150
2021-10-08 12:30:39.684000,17.6849,17.6799,150,150
2021-10-08 12:30:39.735000,17.68552,17.6799,190,150
2021-10-08 12:30:39.785000,17.68402,17.67948,190,150
2021-10-08 12:30:39.836000,17.68482,17.6791,190,150
2021-10-08 12:30:39.886000,17.68522,17.6799,190,150
2021-10-08 12:30:39.987000,17.68522,17.68,190,150
2021-10-08 12:30:40.145000,17.6859,17.681,150,150
2021-10-08 12:30:40.196000,17.68652,17.6811,340,150
2021-10-08 12:30:40.296000,17.68692,17.6811,370,150
2021-10-08 12:30:40.347000,17.68612,17.68048,190,150
2021-10-08 12:30:40.398000,17.68632,17.68048,190,150
2021-10-08 12:30:40.499000,17.68692,17.681,190,150
2021-10-08 12:30:40.549000,17.68652,17.6816,150,150
2021-10-08 12:30:40.650000,17.68742,17.6819,190,150
2021-10-08 12:30:40.750000,17.68722,17.6819,370,150
2021-10-08 12:30:40.801000,17.68742,17.6819,190,150
2021-10-08 12:30:40.851000,17.68592,17.6809,220,150
2021-10-08 12:30:40.902000,17.68672,17.6809,370,150
2021-10-08 12:30:40.952000,17.68682,17.681,190,150
2021-10-08 12:30:41.059000,17.68752,17.6821,100,150
2021-10-08 12:30:41.160000,17.68852,17.68315,340,100
2021-10-08 12:30:41.260000,17.68925,17.6837,100,150
2021-10-08 12:30:41.311000,17.68932,17.6837,190,150
2021-10-08 12:30:41.412000,17.68962,17.6841,190,150
2021-10-08 12:30:41.513000,17.68952,17.6841,100,150
2021-10-08 12:30:41.664000,17.69102,17.6859,150,150
2021-10-08 12:30:41.765000,17.69122,17.686,370,150
2021-10-08 12:30:41.865000,17.69152,17.6861,260,150
2021-10-08 12:30:41.916000,17.69232,17.687,190,150
2021-10-08 12:30:42.017000,17.69082,17.686,150,150
2021-10-08 12:30:42.067000,17.69112,17.686,370,150
2021-10-08 12:30:42.168000,17.68942,17.68465,190,220
2021-10-08 12:30:42.218000,17.68892,17.68365,190,220
2021-10-08 12:30:42.269000,17.68855,17.68311,100,750
2021-10-08 12:30:42.369000,17.68852,17.68348,190,150
2021-10-08 12:30:42.420000,17.68772,17.68265,220,150
2021-10-08 12:30:42.520000,17.68782,17.68248,190,220
2021-10-08 12:30:42.643000,17.68832,17.68348,190,220
2021-10-08 12:30:42.794000,17.68842,17.68348,190,150
2021-10-08 12:30:42.895000,17.68832,17.68348,190,150
2021-10-08 12:30:42.995000,17.68832,17.68265,190,100
2021-10-08 12:30:43.120000,17.68882,17.68348,190,150
2021-10-08 12:30:43.221000,17.68952,17.6846,150,150
2021-10-08 12:30:43.271000,17.6908,17.68548,750,150
2021-10-08 12:30:43.322000,17.69122,17.68548,190,150
2021-10-08 12:30:43.372000,17.69215,17.68685,100,100
2021-10-08 12:30:43.473000,17.69332,17.68848,190,150
2021-10-08 12:30:43.523000,17.69305,17.6878,100,150
2021-10-08 12:30:43.577000,17.69292,17.6878,370,150
2021-10-08 12:30:43.678000,17.69342,17.6879,370,150
2021-10-08 12:30:43.838000,17.69342,17.68845,370,100
2021-10-08 12:30:43.889000,17.69382,17.6888,150,150
2021-10-08 12:30:43.989000,17.69242,17.68765,190,150
2021-10-08 12:30:44.090000,17.69432,17.68948,150,150
2021-10-08 12:30:44.241000,17.69392,17.68948,150,150
2021-10-08 12:30:44.292000,17.69422,17.68948,150,150
2021-10-08 12:30:44.443000,17.69155,17.68865,190,150
2021-10-08 12:30:44.493000,17.69075,17.6872,100,150
2021-10-08 12:30:44.544000,17.69192,17.68648,190,150
2021-10-08 12:30:44.645000,17.69172,17.6868,220,150
2021-10-08 12:30:44.695000,17.69203,17.6868,750,150
2021-10-08 12:30:44.746000,17.69192,17.68648,190,150
2021-10-08 12:30:44.897000,17.69152,17.68648,190,150
2021-10-08 12:30:44.998000,17.69112,17.68548,190,150
2021-10-08 12:30:45.048000,17.69022,17.68548,190,100
2021-10-08 12:30:45.099000,17.68982,17.68448,190,150
2021-10-08 12:30:45.149000,17.69002,17.6856,750,150
2021-10-08 12:30:45.250000,17.69173,17.68748,750,150
2021-10-08 12:30:45.301000,17.69222,17.68665,190,150
2021-10-08 12:30:45.351000,17.69252,17.68748,190,140
2021-10-08 12:30:45.452000,17.69272,17.68748,190,140
2021-10-08 12:30:45.653000,17.69329,17.68748,750,140
2021-10-08 12:30:45.704000,17.69342,17.68848,190,100
2021-10-08 12:30:45.754000,17.69262,17.68748,190,150
2021-10-08 12:30:45.805000,17.69142,17.68748,370,150
2021-10-08 12:30:45.855000,17.69142,17.68648,150,150
2021-10-08 12:30:46.515000,17.69062,17.6857,150,150
2021-10-08 12:30:46.565000,17.69072,17.68548,150,150
2021-10-08 12:30:46.666000,17.69082,17.68648,150,150
2021-10-08 12:30:46.717000,17.69132,17.6867,150,150
2021-10-08 12:30:46.818000,17.69292,17.6877,370,150
2021-10-08 12:30:46.868000,17.69242,17.68748,190,150
2021-10-08 12:30:46.919000,17.69262,17.68748,370,150
2021-10-08 12:30:46.969000,17.69242,17.68748,150,150
2021-10-08 12:30:47.070000,17.69272,17.68748,150,150
2021-10-08 12:30:47.221000,17.69262,17.68748,150,150
2021-10-08 12:30:47.372000,17.69252,17.68748,190,150
2021-10-08 12:30:47.423000,17.69272,17.68748,190,150
2021-10-08 12:30:47.523000,17.69312,17.68848,190,150
2021-10-08 12:30:47.574000,17.69322,17.68848,150,150
2021-10-08 12:30:47.625000,17.69142,17.68765,150,150
2021-10-08 12:30:47.726000,17.69032,17.68648,220,150
2021-10-08 12:30:47.927000,17.68992,17.68548,190,150
2021-10-08 12:30:47.978000,17.69002,17.6847,100,150
2021-10-08 12:30:48.029000,17.68942,17.68465,190,150
2021-10-08 12:30:48.079000,17.68972,17.68465,150,150
2021-10-08 12:30:48.154000,17.68972,17.68448,150,150
2021-10-08 12:30:48.205000,17.68942,17.68448,190,150
2021-10-08 12:30:48.306000,17.68982,17.68548,190,150
2021-10-08 12:30:48.357000,17.69012,17.68548,190,150
2021-10-08 12:30:48.468000,17.68982,17.68548,190,100
2021-10-08 12:30:48.569000,17.69012,17.68548,150,150
2021-10-08 12:30:48.619000,17.68982,17.68548,190,150
2021-10-08 12:30:48.770000,17.68952,17.68448,190,150
2021-10-08 12:30:48.821000,17.69012,17.68548,190,150
2021-10-08 12:30:48.871000,17.68932,17.68448,190,150
2021-10-08 12:30:48.922000,17.68952,17.68448,150,150
2021-10-08 12:30:48.972000,17.68972,17.68548,190,100
2021-10-08 12:30:49.073000,17.68982,17.68448,150,150
2021-10-08 12:30:49.174000,17.68952,17.68448,190,150
2021-10-08 12:30:49.275000,17.68942,17.68448,190,150
2021-10-08 12:30:49.376000,17.68722,17.68348,150,150
2021-10-08 12:30:49.527000,17.68722,17.68205,150,150
2021-10-08 12:30:49.577000,17.68652,17.68185,150,150
2021-10-08 12:30:49.628000,17.68702,17.68165,150,150
2021-10-08 12:30:49.678000,17.68692,17.68165,150,150
2021-10-08 12:30:49.779000,17.68662,17.68148,150,370
2021-10-08 12:30:49.880000,17.68592,17.68148,150,220
2021-10-08 12:30:49.980000,17.68472,17.6796,150,150
2021-10-08 12:30:50.031000,17.68472,17.67955,150,150
2021-10-08 12:30:50.081000,17.68432,17.67948,150,100
2021-10-08 12:30:50.193000,17.68422,17.6797,150,150
2021-10-08 12:30:50.244000,17.68422,17.67912,150,150
2021-10-08 12:30:50.351000,17.68352,17.67912,150,150
2021-10-08 12:30:50.401000,17.68422,17.67895,150,150
2021-10-08 12:30:50.452000,17.68472,17.67955,150,150
2021-10-08 12:30:50.553000,17.68402,17.67948,150,220
2021-10-08 12:30:50.603000,17.68402,17.67895,150,150
2021-10-08 12:30:50.742000,17.68402,17.67865,150,150
2021-10-08 12:30:50.793000,17.68462,17.67955,150,150
2021-10-08 12:30:50.944000,17.68392,17.6792,150,150
2021-10-08 12:30:50.994000,17.68362,17.67885,150,150
2021-10-08 12:30:51.045000,17.68162,17.67765,150,750
2021-10-08 12:30:51.095000,17.68112,17.67605,150,150
2021-10-08 12:30:51.146000,17.68162,17.6769,150,150
2021-10-08 12:30:51.247000,17.68072,17.67555,150,150
2021-10-08 12:30:51.297000,17.67992,17.67475,150,150
2021-10-08 12:30:51.348000,17.68012,17.67492,150,150
2021-10-08 12:30:51.499000,17.67912,17.67378,150,190
2021-10-08 12:30:51.600000,17.67912,17.67365,150,150
2021-10-08 12:30:51.650000,17.67922,17.67415,150,150
2021-10-08 12:30:51.852000,17.67822,17.67365,190,150
2021-10-08 12:30:51.902000,17.67772,17.67225,190,150
2021-10-08 12:30:52.003000,17.67912,17.6739,150,150
2021-10-08 12:30:52.104000,17.67912,17.67348,150,150
2021-10-08 12:30:52.155000,17.67862,17.67295,190,150
2021-10-08 12:30:52.206000,17.67802,17.67245,190,190
2021-10-08 12:30:52.307000,17.67885,17.67275,100,150
2021-10-08 12:30:52.357000,17.67972,17.67375,190,150
2021-10-08 12:30:52.458000,17.67912,17.67385,190,150
2021-10-08 12:30:52.509000,17.67852,17.67265,150,150
2021-10-08 12:30:52.609000,17.67822,17.67205,370,150
2021-10-08 12:30:52.660000,17.67852,17.67348,220,150
2021-10-08 12:30:52.710000,17.67922,17.67348,150,150
2021-10-08 12:30:52.761000,17.67772,17.67348,190,150
2021-10-08 12:30:52.811000,17.67972,17.67348,150,220
2021-10-08 12:30:52.862000,17.67892,17.67348,150,220
2021-10-08 12:30:52.963000,17.67762,17.67348,150,220
2021-10-08 12:30:53.114000,17.67672,17.67248,150,220
2021-10-08 12:30:53.164000,17.67622,17.67248,190,150
2021-10-08 12:30:53.214000,17.67682,17.67218,150,190
2021-10-08 12:30:53.265000,17.67672,17.67248,150,190
2021-10-08 12:30:53.315000,17.67732,17.67228,150,190
2021-10-08 12:30:53.366000,17.67782,17.67148,150,490
2021-10-08 12:30:53.417000,17.67712,17.67165,150,100
2021-10-08 12:30:53.567000,17.67612,17.67248,150,100
2021-10-08 12:30:53.618000,17.67642,17.67138,150,190
2021-10-08 12:30:53.669000,17.67672,17.67188,150,190
2021-10-08 12:30:53.770000,17.67642,17.67248,150,100
2021-10-08 12:30:53.870000,17.67632,17.67085,190,190
2021-10-08 12:30:53.921000,17.67482,17.67025,190,190
2021-10-08 12:30:53.971000,17.67562,17.67065,150,190
2021-10-08 12:30:54.022000,17.67432,17.6707,150,300
2021-10-08 12:30:54.072000,17.67592,17.6714,150,300
2021-10-08 12:30:54.123000,17.67592,17.67148,150,300
2021-10-08 12:30:54.229000,17.67632,17.67348,150,100
2021-10-08 12:30:54.330000,17.67582,17.67348,150,100
2021-10-08 12:30:54.431000,17.67592,17.67165,150,100
2021-10-08 12:30:54.481000,17.67592,17.67248,150,100
2021-10-08 12:30:54.632000,17.67592,17.67348,150,100
2021-10-08 12:30:54.683000,17.67562,17.67248,150,100
2021-10-08 12:30:54.834000,17.67602,17.67248,150,100
2021-10-08 12:30:54.885000,17.67672,17.67265,150,100
2021-10-08 12:30:54.935000,17.67732,17.67348,150,100
2021-10-08 12:30:55.036000,17.67852,17.67548,150,100
2021-10-08 12:30:55.087000,17.67732,17.67348,150,150
2021-10-08 12:30:55.137000,17.67682,17.67348,150,150
2021-10-08 12:30:55.288000,17.67572,17.67348,190,150
2021-10-08 12:30:55.339000,17.67612,17.67348,190,150
2021-10-08 12:30:55.440000,17.67642,17.67348,150,150
2021-10-08 12:30:55.540000,17.67612,17.67348,150,150
2021-10-08 12:30:55.591000,17.67642,17.6721,150,300
2021-10-08 12:30:55.694000,17.67752,17.67448,150,150
2021-10-08 12:30:55.744000,17.67752,17.6734,150,300
2021-10-08 12:30:55.795000,17.67712,17.67348,150,100
2021-10-08 12:30:55.896000,17.67702,17.67265,190,370
2021-10-08 12:30:55.996000,17.67772,17.67348,150,150
2021-10-08 12:30:56.097000,17.67752,17.67348,150,150
2021-10-08 12:30:56.198000,17.67892,17.67375,150,150
2021-10-08 12:30:56.249000,17.67892,17.67385,150,370
2021-10-08 12:30:56.362000,17.68092,17.67585,150,370
2021-10-08 12:30:56.463000,17.68062,17.67765,150,100
2021-10-08 12:30:56.564000,17.67972,17.67748,150,150
2021-10-08 12:30:56.614000,17.68112,17.67848,150,150
2021-10-08 12:30:56.715000,17.68222,17.67948,150,150
2021-10-08 12:30:56.766000,17.68262,17.67965,150,100
2021-10-08 12:30:56.816000,17.68562,17.68248,150,150
2021-10-08 12:30:56.867000,17.68602,17.68265,150,100
2021-10-08 12:30:56.917000,17.68602,17.68348,150,150
2021-10-08 12:30:57.068000,17.68583,17.68348,100,150
2021-10-08 12:30:57.119000,17.68712,17.68465,150,100
2021-10-08 12:30:57.170000,17.68742,17.68465,150,150
2021-10-08 12:30:57.220000,17.68772,17.68548,150,150
2021-10-08 12:30:57.389000,17.68735,17.68465,150,150
2021-10-08 12:30:57.440000,17.68795,17.68465,150,150
2021-10-08 12:30:57.490000,17.68662,17.68448,150,150
2021-10-08 12:30:57.541000,17.68622,17.68365,150,150
2021-10-08 12:30:57.642000,17.68562,17.68348,150,150
2021-10-08 12:30:57.793000,17.68272,17.68065,150,100
2021-10-08 12:30:57.843000,17.68362,17.68148,150,150
2021-10-08 12:30:57.894000,17.68392,17.68148,150,150
2021-10-08 12:30:57.994000,17.68482,17.68248,150,150
2021-10-08 12:30:58.045000,17.68482,17.68168,150,220
2021-10-08 12:30:58.095000,17.684,17.68165,150,150
2021-10-08 12:30:58.146000,17.68362,17.68068,150,220
2021-10-08 12:30:58.206000,17.68322,17.6808,150,220
2021-10-08 12:30:58.257000,17.68232,17.67948,150,150
2021-10-08 12:30:58.408000,17.68012,17.67728,370,100
2021-10-08 12:30:58.458000,17.67702,17.67485,150,190
2021-10-08 12:30:58.509000,17.67702,17.67448,150,150
2021-10-08 12:30:58.560000,17.67755,17.6741,150,220
2021-10-08 12:30:58.610000,17.67622,17.6741,150,220
2021-10-08 12:30:58.711000,17.67612,17.67408,150,220
2021-10-08 12:30:58.823000,17.67522,17.67308,150,220
2021-10-08 12:30:58.873000,17.67732,17.67448,150,300
2021-10-08 12:30:59.024000,17.67762,17.67528,150,220
2021-10-08 12:30:59.075000,17.67822,17.67578,150,190
2021-10-08 12:30:59.125000,17.68082,17.67748,150,300
2021-10-08 12:30:59.176000,17.68062,17.67848,150,220
2021-10-08 12:30:59.226000,17.68162,17.6785,150,220
2021-10-08 12:30:59.276000,17.68112,17.6785,150,220
2021-10-08 12:30:59.377000,17.68275,17.67955,150,220
2021-10-08 12:30:59.428000,17.68242,17.67948,150,220
2021-10-08 12:30:59.478000,17.68312,17.67948,150,370
2021-10-08 12:30:59.578000,17.68102,17.67825,150,190
2021-10-08 12:30:59.679000,17.68062,17.678,150,220
2021-10-08 12:30:59.730000,17.68092,17.678,150,220
2021-10-08 12:30:59.830000,17.67982,17.67648,150,150
2021-10-08 12:30:59.981000,17.67982,17.67725,150,190
2021-10-08 12:31:00.032000,17.67952,17.67648,150,220
2021-10-08 12:31:00.133000,17.67802,17.67468,190,220
2021-10-08 12:31:00.233000,17.67905,17.67578,100,220
2021-10-08 12:31:00.334000,17.67912,17.67615,150,100
2021-10-08 12:31:00.384000,17.67972,17.67668,150,220
2021-10-08 12:31:00.435000,17.67952,17.67668,150,220
2021-10-08 12:31:00.485000,17.68192,17.67848,150,220
2021-10-08 12:31:00.535000,17.68092,17.67848,150,220
2021-10-08 12:31:00.636000,17.67992,17.67708,150,220
2021-10-08 12:31:00.737000,17.68092,17.67838,150,220
2021-10-08 12:31:00.888000,17.68032,17.67675,150,220
2021-10-08 12:31:00.938000,17.67982,17.67648,150,150
2021-10-08 12:31:01.039000,17.68092,17.67848,150,220
2021-10-08 12:31:01.090000,17.68122,17.67848,150,520
2021-10-08 12:31:01.191000,17.68245,17.67978,100,220
2021-10-08 12:31:01.292000,17.68272,17.67895,220,220
2021-10-08 12:31:01.342000,17.68092,17.67828,150,220
2021-10-08 12:31:01.443000,17.67942,17.67688,150,220
2021-10-08 12:31:01.544000,17.67862,17.67655,100,100
2021-10-08 12:31:01.594000,17.68112,17.67758,150,220
2021-10-08 12:31:01.645000,17.68112,17.67848,150,100
2021-10-08 12:31:01.795000,17.68142,17.67908,150,220
2021-10-08 12:31:01.896000,17.68162,17.67908,150,220
2021-10-08 12:31:01.947000,17.68162,17.67848,150,100
2021-10-08 12:31:02.347000,17.68492,17.68148,150,370
2021-10-08 12:31:02.398000,17.68445,17.68148,150,370
2021-10-08 12:31:02.499000,17.68415,17.68135,150,190
2021-10-08 12:31:02.650000,17.68342,17.67898,150,1690
2021-10-08 12:31:02.700000,17.68352,17.68148,150,220
2021-10-08 12:31:02.751000,17.68355,17.68148,150,100
2021-10-08 12:31:02.852000,17.68092,17.67855,150,190
2021-10-08 12:31:02.953000,17.68115,17.67765,150,300
2021-10-08 12:31:03.003000,17.68035,17.67765,150,190
2021-10-08 12:31:03.104000,17.67823,17.67608,100,220
2021-10-08 12:31:03.205000,17.67902,17.67688,220,220
2021-10-08 12:31:03.256000,17.67965,17.67688,150,220
2021-10-08 12:31:03.357000,17.68015,17.67688,150,220
2021-10-08 12:31:03.458000,17.68115,17.67748,150,220
2021-10-08 12:31:03.508000,17.68115,17.67788,150,220
2021-10-08 12:31:03.558000,17.67852,17.67648,190,220
2021-10-08 12:31:03.609000,17.67925,17.67648,100,220
2021-10-08 12:31:03.710000,17.67945,17.67668,150,220
2021-10-08 12:31:03.861000,17.67915,17.67668,150,220
2021-10-08 12:31:03.911000,17.67682,17.67438,150,100
2021-10-08 12:31:04.012000,17.67795,17.67515,150,220
2021-10-08 12:31:04.063000,17.67785,17.67448,150,300
2021-10-08 12:31:04.113000,17.67785,17.67458,150,220
2021-10-08 12:31:04.214000,17.67805,17.67465,150,370
2021-10-08 12:31:04.315000,17.67755,17.67528,150,220
2021-10-08 12:31:04.365000,17.67805,17.67528,150,220
2021-10-08 12:31:04.416000,17.67715,17.67408,150,220
2021-10-08 12:31:04.516000,17.67735,17.67408,150,220
2021-10-08 12:31:04.617000,17.67685,17.67408,150,220
2021-10-08 12:31:04.718000,17.67665,17.67408,150,220
2021-10-08 12:31:04.825000,17.67605,17.67285,150,300
2021-10-08 12:31:04.876000,17.67655,17.67348,150,150
2021-10-08 12:31:05.027000,17.67595,17.67348,150,220
2021-10-08 12:31:05.128000,17.67595,17.67295,150,750
2021-10-08 12:31:05.178000,17.67815,17.67548,150,220
2021-10-08 12:31:05.229000,17.67905,17.67548,150,220
2021-10-08 12:31:05.279000,17.67845,17.67575,150,100
2021-10-08 12:31:05.330000,17.68152,17.67928,150,190
2021-10-08 12:31:05.431000,17.68275,17.68018,220,190
2021-10-08 12:31:05.531000,17.68505,17.68248,150,370
2021-10-08 12:31:05.582000,17.68622,17.68058,150,220
2021-10-08 12:31:05.632000,17.68485,17.68058,150,220
2021-10-08 12:31:05.733000,17.68405,17.68077,150,750
2021-10-08 12:31:05.783000,17.68375,17.67975,150,100
2021-10-08 12:31:05.834000,17.68375,17.67948,150,150
2021-10-08 12:31:05.935000,17.68465,17.68048,150,100
2021-10-08 12:31:06.035000,17.68505,17.68048,150,150
2021-10-08 12:31:06.086000,17.68425,17.68048,150,150
2021-10-08 12:31:06.187000,17.68345,17.6792,150,750
2021-10-08 12:31:06.242000,17.68295,17.67905,150,190
2021-10-08 12:31:06.292000,17.68295,17.67892,150,750
2021-10-08 12:31:06.343000,17.68295,17.67855,150,750
2021-10-08 12:31:06.443000,17.68315,17.67848,150,150
2021-10-08 12:31:06.594000,17.68355,17.67878,150,190
2021-10-08 12:31:06.645000,17.68335,17.67848,150,370
2021-10-08 12:31:06.695000,17.68335,17.67948,150,150
2021-10-08 12:31:06.847000,17.68505,17.68148,150,100
2021-10-08 12:31:06.897000,17.68535,17.68036,150,750
2021-10-08 12:31:06.948000,17.68535,17.68048,150,150
2021-10-08 12:31:07.049000,17.68515,17.68148,150,150
2021-10-08 12:31:07.100000,17.68635,17.68248,150,150
2021-10-08 12:31:07.352000,17.68605,17.68248,150,150
2021-10-08 12:31:07.453000,17.68645,17.68248,150,150
2021-10-08 12:31:07.704000,17.68745,17.68348,150,150
2021-10-08 12:31:07.805000,17.68765,17.68348,150,150
2021-10-08 12:31:07.855000,17.68765,17.68448,150,150
2021-10-08 12:31:07.906000,17.68915,17.68548,150,150
2021-10-08 12:31:07.956000,17.68752,17.68443,190,100
2021-10-08 12:31:08.057000,17.68935,17.68488,150,220
2021-10-08 12:31:08.107000,17.68905,17.68548,150,150
2021-10-08 12:31:08.211000,17.69065,17.68565,150,100
2021-10-08 12:31:08.262000,17.69065,17.68648,150,150
2021-10-08 12:31:08.363000,17.69115,17.68748,150,150
2021-10-08 12:31:08.465000,17.69062,17.68678,190,220
2021-10-08 12:31:08.565000,17.69055,17.68648,150,150
2021-10-08 12:31:08.824000,17.69005,17.68648,150,150
2021-10-08 12:31:08.925000,17.68795,17.68565,220,150
2021-10-08 12:31:08.975000,17.68805,17.68485,220,370
2021-10-08 12:31:09.026000,17.68735,17.68465,220,150
2021-10-08 12:31:09.227000,17.69002,17.68538,150,100
2021-10-08 12:31:09.328000,17.68972,17.68548,150,150
2021-10-08 12:31:09.479000,17.68922,17.68548,150,150
2021-10-08 12:31:09.630000,17.68775,17.68565,220,100
2021-10-08 12:31:09.681000,17.68972,17.68548,150,150
2021-10-08 12:31:09.731000,17.68775,17.68465,220,150
2021-10-08 12:31:09.782000,17.69042,17.68538,150,100
2021-10-08 12:31:09.832000,17.69042,17.68648,150,100
2021-10-08 12:31:09.933000,17.68895,17.68665,150,150
2021-10-08 12:31:09.984000,17.68895,17.68573,150,100
2021-10-08 12:31:10.034000,17.68895,17.68583,150,100
2021-10-08 12:31:10.085000,17.68895,17.68573,150,100
2021-10-08 12:31:10.136000,17.68945,17.68548,150,370
2021-10-08 12:31:10.186000,17.68945,17.68585,150,100
2021-10-08 12:31:10.237000,17.68902,17.68308,150,250
2021-10-08 12:31:10.287000,17.68705,17.68455,150,220
2021-10-08 12:31:10.338000,17.68745,17.68428,150,220
2021-10-08 12:31:10.489000,17.68805,17.68488,150,220
2021-10-08 12:31:10.539000,17.68785,17.68443,150,100
2021-10-08 12:31:10.590000,17.68785,17.68498,150,220
2021-10-08 12:31:10.791000,17.68805,17.68498,150,220
2021-10-08 12:31:10.892000,17.68665,17.68398,150,220
2021-10-08 12:31:10.942000,17.68665,17.68375,150,100
2021-10-08 12:31:11.043000,17.68755,17.68455,150,100
2021-10-08 12:31:11.143000,17.68955,17.68678,150,220
2021-10-08 12:31:11.244000,17.68865,17.68643,150,100
2021-10-08 12:31:11.295000,17.68835,17.68598,150,220
2021-10-08 12:31:11.395000,17.68835,17.68518,150,220
2021-10-08 12:31:11.647000,17.68875,17.68518,150,220
2021-10-08 12:31:11.697000,17.68815,17.68518,150,220
2021-10-08 12:31:11.798000,17.69005,17.68765,150,100
2021-10-08 12:31:11.899000,17.69085,17.68778,150,220
2021-10-08 12:31:11.949000,17.69055,17.68778,150,220
2021-10-08 12:31:12,17.69042,17.68568,150,220
2021-10-08 12:31:12.050000,17.68875,17.68595,150,220
2021-10-08 12:31:12.101000,17.68915,17.68595,150,100
2021-10-08 12:31:12.152000,17.68825,17.68558,150,100
2021-10-08 12:31:12.202000,17.68875,17.68578,150,100
2021-10-08 12:31:12.253000,17.68855,17.68595,150,100
2021-10-08 12:31:12.304000,17.68752,17.68328,100,190
2021-10-08 12:31:12.404000,17.68575,17.68335,150,370
2021-10-08 12:31:12.455000,17.68545,17.68213,150,100
2021-10-08 12:31:12.505000,17.68485,17.68213,150,100
2021-10-08 12:31:12.556000,17.68525,17.68223,150,100
2021-10-08 12:31:12.606000,17.68515,17.68245,150,370
2021-10-08 12:31:12.707000,17.68515,17.68265,150,370
2021-10-08 12:31:12.757000,17.68515,17.68245,150,370
2021-10-08 12:31:12.808000,17.68545,17.68265,150,100
2021-10-08 12:31:12.909000,17.68545,17.68258,150,220
2021-10-08 12:31:13.009000,17.68545,17.68263,150,100
2021-10-08 12:31:13.060000,17.68615,17.68275,150,370
2021-10-08 12:31:13.110000,17.68615,17.68295,150,370
2021-10-08 12:31:13.211000,17.68595,17.68358,150,220
2021-10-08 12:31:13.312000,17.68595,17.68375,150,100
2021-10-08 12:31:13.362000,17.68705,17.68398,150,220
2021-10-08 12:31:13.626000,17.68705,17.68365,150,110
2021-10-08 12:31:13.726000,17.68735,17.68398,150,220
2021-10-08 12:31:13.827000,17.68715,17.68383,150,100
2021-10-08 12:31:13.877000,17.68745,17.68365,150,370
2021-10-08 12:31:13.928000,17.68725,17.68453,150,100
2021-10-08 12:31:13.978000,17.68715,17.68368,150,220
2021-10-08 12:31:14.029000,17.68735,17.68415,150,100
2021-10-08 12:31:14.079000,17.68782,17.68438,190,220
2021-10-08 12:31:14.130000,17.68968,17.68708,100,220
2021-10-08 12:31:14.180000,17.69072,17.68708,150,220
2021-10-08 12:31:14.231000,17.69075,17.68745,150,100
2021-10-08 12:31:14.382000,17.69195,17.68788,150,190
2021-10-08 12:31:14.432000,17.69165,17.68758,150,190
2021-10-08 12:31:14.533000,17.69415,17.69005,150,190
2021-10-08 12:31:14.584000,17.69415,17.68953,150,100
2021-10-08 12:31:14.634000,17.69375,17.68948,150,100
2021-10-08 12:31:14.735000,17.69342,17.68948,190,100
2021-10-08 12:31:14.785000,17.69412,17.68948,220,150
2021-10-08 12:31:14.836000,17.69502,17.68948,150,220
2021-10-08 12:31:14.886000,17.69302,17.68848,220,300
2021-10-08 12:31:14.937000,17.69452,17.68948,100,220
2021-10-08 12:31:14.988000,17.69392,17.68848,150,220
2021-10-08 12:31:15.088000,17.69402,17.68848,150,220
2021-10-08 12:31:15.139000,17.69432,17.68908,150,130
2021-10-08 12:31:15.189000,17.69392,17.68848,150,220
2021-10-08 12:31:15.294000,17.69582,17.69048,150,220
2021-10-08 12:31:15.395000,17.69265,17.69048,220,220
2021-10-08 12:31:15.446000,17.69335,17.69058,220,900
2021-10-08 12:31:15.547000,17.69295,17.69048,220,220
2021-10-08 12:31:15.597000,17.69572,17.69128,150,190
2021-10-08 12:31:15.647000,17.69552,17.69118,150,190
2021-10-08 12:31:15.698000,17.69552,17.69058,150,190
2021-10-08 12:31:15.749000,17.69472,17.68968,150,190
2021-10-08 12:31:15.799000,17.69412,17.68908,150,190
2021-10-08 12:31:15.900000,17.69452,17.68948,150,220
2021-10-08 12:31:16.001000,17.69195,17.68955,220,370
2021-10-08 12:31:16.051000,17.69305,17.69048,220,100
2021-10-08 12:31:16.152000,17.69242,17.68935,190,370
2021-10-08 12:31:16.202000,17.69055,17.68813,150,100
2021-10-08 12:31:16.253000,17.69025,17.68725,150,100
2021-10-08 12:31:16.353000,17.68985,17.68633,150,100
2021-10-08 12:31:16.404000,17.68955,17.68625,150,750
2021-10-08 12:31:16.454000,17.68895,17.68503,150,100
2021-10-08 12:31:16.504000,17.68835,17.68495,150,190
2021-10-08 12:31:16.605000,17.68985,17.68523,150,100
2021-10-08 12:31:16.656000,17.68985,17.68533,150,100
2021-10-08 12:31:16.807000,17.68932,17.68598,150,300
2021-10-08 12:31:16.908000,17.68825,17.68613,150,100
2021-10-08 12:31:16.958000,17.68712,17.68455,190,100
2021-10-08 12:31:17.009000,17.68825,17.68455,150,100
2021-10-08 12:31:17.059000,17.68745,17.68433,150,100
2021-10-08 12:31:17.110000,17.68745,17.68395,150,100
2021-10-08 12:31:17.161000,17.68745,17.68375,150,100
2021-10-08 12:31:17.311000,17.68845,17.68375,150,100
2021-10-08 12:31:17.362000,17.68875,17.68395,150,370
2021-10-08 12:31:17.413000,17.68835,17.68385,150,370
2021-10-08 12:31:17.463000,17.68895,17.68423,150,100
2021-10-08 12:31:17.513000,17.68855,17.68423,150,100
2021-10-08 12:31:17.564000,17.68865,17.68413,150,100
2021-10-08 12:31:17.614000,17.68925,17.68493,150,100
2021-10-08 12:31:17.715000,17.68905,17.68525,150,100
2021-10-08 12:31:17.766000,17.68905,17.68493,150,100
2021-10-08 12:31:17.816000,17.68855,17.68475,150,100
2021-10-08 12:31:17.867000,17.68855,17.68445,150,100
2021-10-08 12:31:17.968000,17.68855,17.68435,150,100
2021-10-08 12:31:18.069000,17.68935,17.68465,150,100
2021-10-08 12:31:18.119000,17.68955,17.68493,150,190
2021-10-08 12:31:18.220000,17.68965,17.68493,150,100
2021-10-08 12:31:18.270000,17.69015,17.68548,150,220
2021-10-08 12:31:18.421000,17.69055,17.68648,150,100
2021-10-08 12:31:18.522000,17.68955,17.68643,150,100
2021-10-08 12:31:18.623000,17.68955,17.68548,150,220
2021-10-08 12:31:18.673000,17.69025,17.68648,150,100
2021-10-08 12:31:18.724000,17.68965,17.68583,150,100
2021-10-08 12:31:18.778000,17.68835,17.68515,150,100
2021-10-08 12:31:18.829000,17.68815,17.68423,150,100
2021-10-08 12:31:18.880000,17.68815,17.68365,150,100
2021-10-08 12:31:18.930000,17.68845,17.68478,150,190
2021-10-08 12:31:19.031000,17.68795,17.68458,150,190
2021-10-08 12:31:19.081000,17.68795,17.68438,150,190
2021-10-08 12:31:19.132000,17.68795,17.68408,150,190
2021-10-08 12:31:19.183000,17.68835,17.68448,150,190
2021-10-08 12:31:19.284000,17.68752,17.68395,190,100
2021-10-08 12:31:19.384000,17.68795,17.68405,150,100
2021-10-08 12:31:19.435000,17.68865,17.68448,150,220
2021-10-08 12:31:19.686000,17.68765,17.68375,150,100
2021-10-08 12:31:19.837000,17.68735,17.68348,150,220
2021-10-08 12:31:19.888000,17.68745,17.68348,150,220
2021-10-08 12:31:20.053000,17.68645,17.68295,150,300
2021-10-08 12:31:20.153000,17.68705,17.68348,150,220
2021-10-08 12:31:20.254000,17.68802,17.68438,220,190
2021-10-08 12:31:20.305000,17.68865,17.68548,750,220
2021-10-08 12:31:20.405000,17.69145,17.68848,150,190
2021-10-08 12:31:20.456000,17.69195,17.68868,150,190
2021-10-08 12:31:20.506000,17.69145,17.68838,150,190
2021-10-08 12:31:20.557000,17.69115,17.68778,150,190
2021-10-08 12:31:20.607000,17.69045,17.68748,150,410
2021-10-08 12:31:20.708000,17.69085,17.68728,150,120
2021-10-08 12:31:20.758000,17.69055,17.68728,150,120
2021-10-08 12:31:20.959000,17.69105,17.68768,150,190
2021-10-08 12:31:21.010000,17.69205,17.68848,150,100
2021-10-08 12:31:21.110000,17.69245,17.68848,220,150
2021-10-08 12:31:21.161000,17.69255,17.68865,150,100
2021-10-08 12:31:21.211000,17.69205,17.68808,150,190
2021-10-08 12:31:21.262000,17.69198,17.68878,100,190
2021-10-08 12:31:21.312000,17.69205,17.68803,150,100
2021-10-08 12:31:21.363000,17.69185,17.68855,150,100
2021-10-08 12:31:21.413000,17.69165,17.68818,150,190
2021-10-08 12:31:21.464000,17.69135,17.68768,150,220
2021-10-08 12:31:21.514000,17.69005,17.68648,150,150
2021-10-08 12:31:21.615000,17.69035,17.68748,150,100
2021-10-08 12:31:21.665000,17.69035,17.68678,150,190
2021-10-08 12:31:21.716000,17.69035,17.68648,150,150
2021-10-08 12:31:21.766000,17.69075,17.68698,150,190
2021-10-08 12:31:21.867000,17.69025,17.68648,150,150
2021-10-08 12:31:21.917000,17.69172,17.68648,150,340
2021-10-08 12:31:21.968000,17.69423,17.69048,100,150
2021-10-08 12:31:22.069000,17.69382,17.68995,410,190
2021-10-08 12:31:22.119000,17.69315,17.69048,150,100
2021-10-08 12:31:22.170000,17.69445,17.69048,150,100
2021-10-08 12:31:22.221000,17.69568,17.69248,100,100
2021-10-08 12:31:22.271000,17.69435,17.69048,150,100
2021-10-08 12:31:22.372000,17.69435,17.68993,150,100
2021-10-08 12:31:22.473000,17.69435,17.69048,150,100
2021-10-08 12:31:22.574000,17.69425,17.68965,150,100
2021-10-08 12:31:22.625000,17.69398,17.69048,100,100
2021-10-08 12:31:22.675000,17.69385,17.68948,150,300
2021-10-08 12:31:22.726000,17.69385,17.69048,150,150
2021-10-08 12:31:22.776000,17.69405,17.69048,150,150
2021-10-08 12:31:22.827000,17.69375,17.69048,150,150
2021-10-08 12:31:22.978000,17.69265,17.68948,150,150
2021-10-08 12:31:23.129000,17.69479,17.69048,750,340
2021-10-08 12:31:23.230000,17.69493,17.69048,100,150
2021-10-08 12:31:23.280000,17.69572,17.69148,190,150
2021-10-08 12:31:23.331000,17.69598,17.69148,100,150
2021-10-08 12:31:23.431000,17.69598,17.69165,100,100
2021-10-08 12:31:23.532000,17.69252,17.69048,190,150
2021-10-08 12:31:23.583000,17.69315,17.69048,100,150
2021-10-08 12:31:23.683000,17.69502,17.69165,190,150
2021-10-08 12:31:23.734000,17.69542,17.69248,190,150
2021-10-08 12:31:23.784000,17.69588,17.69248,100,150
2021-10-08 12:31:23.835000,17.69568,17.69248,100,150
2021-10-08 12:31:23.986000,17.69638,17.69248,100,150
2021-10-08 12:31:24.087000,17.69648,17.69248,100,150
2021-10-08 12:31:24.137000,17.69628,17.69248,100,150
2021-10-08 12:31:24.238000,17.69652,17.69208,220,150
2021-10-08 12:31:24.289000,17.69568,17.69168,100,190
2021-10-08 12:31:24.440000,17.69558,17.69148,100,150
2021-10-08 12:31:24.541000,17.69582,17.69148,190,150
2021-10-08 12:31:24.641000,17.69542,17.69048,190,150
2021-10-08 12:31:24.692000,17.69502,17.69048,190,150
2021-10-08 12:31:24.793000,17.69362,17.69048,190,150
2021-10-08 12:31:24.843000,17.69502,17.69048,190,150
2021-10-08 12:31:24.894000,17.69358,17.69048,100,150
2021-10-08 12:31:24.944000,17.69481,17.69048,750,150
2021-10-08 12:31:24.995000,17.69388,17.69165,100,100
2021-10-08 12:31:25.046000,17.69498,17.69248,150,100
2021-10-08 12:31:25.147000,17.69462,17.69048,410,150
2021-10-08 12:31:25.247000,17.69282,17.68848,190,150
2021-10-08 12:31:25.348000,17.69155,17.68848,750,150
2021-10-08 12:31:25.398000,17.6921,17.68848,750,150
2021-10-08 12:31:25.449000,17.69075,17.68733,150,100
2021-10-08 12:31:25.499000,17.69085,17.68663,150,100
2021-10-08 12:31:25.550000,17.69065,17.68695,150,100
2021-10-08 12:31:25.650000,17.69043,17.68668,750,190
2021-10-08 12:31:25.701000,17.69025,17.68748,750,150
2021-10-08 12:31:25.751000,17.69036,17.68748,750,150
2021-10-08 12:31:25.802000,17.69045,17.68748,750,150
2021-10-08 12:31:25.903000,17.692,17.68848,750,150
2021-10-08 12:31:26.003000,17.69345,17.68948,150,100
2021-10-08 12:31:26.054000,17.69372,17.68848,190,150
2021-10-08 12:31:26.104000,17.69245,17.68883,150,100
2021-10-08 12:31:26.155000,17.69285,17.68883,150,100
2021-10-08 12:31:26.205000,17.69285,17.68948,150,150
2021-10-08 12:31:26.431000,17.69255,17.68948,150,150
2021-10-08 12:31:26.482000,17.69265,17.68948,150,150
2021-10-08 12:31:26.532000,17.69235,17.68948,150,150
2021-10-08 12:31:26.633000,17.69212,17.68948,220,150
2021-10-08 12:31:26.683000,17.69235,17.68948,150,150
2021-10-08 12:31:26.734000,17.69155,17.68945,150,100
2021-10-08 12:31:26.885000,17.69272,17.68918,190,100
2021-10-08 12:31:26.935000,17.69272,17.68978,190,100
2021-10-08 12:31:26.986000,17.69292,17.68978,190,100
2021-10-08 12:31:27.036000,17.69292,17.68988,190,100
2021-10-08 12:31:27.086000,17.69332,17.69008,190,100
2021-10-08 12:31:27.137000,17.69362,17.69008,150,100
2021-10-08 12:31:27.187000,17.69312,17.69018,190,100
2021-10-08 12:31:27.422000,17.69285,17.69065,150,100
2021-10-08 12:31:27.473000,17.69342,17.69068,190,100
2021-10-08 12:31:27.573000,17.69322,17.69078,190,100
2021-10-08 12:31:27.624000,17.69092,17.68648,190,150
2021-10-08 12:31:27.674000,17.68872,17.68648,190,150
2021-10-08 12:31:27.725000,17.68812,17.68568,190,290
2021-10-08 12:31:27.776000,17.68965,17.68648,150,150
2021-10-08 12:31:27.877000,17.68945,17.68519,150,750
2021-10-08 12:31:27.927000,17.68945,17.68595,150,190
2021-10-08 12:31:28.028000,17.68935,17.68648,150,150
2021-10-08 12:31:28.129000,17.68925,17.68648,150,150
2021-10-08 12:31:28.280000,17.68985,17.68648,150,150
2021-10-08 12:31:28.380000,17.69055,17.68648,150,150
2021-10-08 12:31:28.431000,17.68883,17.68648,100,150
2021-10-08 12:31:28.481000,17.69075,17.68648,150,150
2021-10-08 12:31:28.532000,17.69052,17.68648,190,150
2021-10-08 12:31:28.779000,17.68582,17.68368,340,100
2021-10-08 12:31:28.830000,17.68752,17.68408,190,100
2021-10-08 12:31:28.931000,17.68662,17.68218,190,220
2021-10-08 12:31:28.981000,17.68612,17.68353,190,100
2021-10-08 12:31:29.031000,17.68612,17.68248,190,220
2021-10-08 12:31:29.182000,17.68592,17.68248,190,220
2021-10-08 12:31:29.233000,17.68642,17.68168,190,150
2021-10-08 12:31:29.283000,17.68635,17.68248,150,220
2021-10-08 12:31:29.384000,17.68663,17.68265,150,100
2021-10-08 12:31:29.435000,17.68605,17.68175,750,370
2021-10-08 12:31:29.485000,17.68625,17.68265,750,100
2021-10-08 12:31:29.586000,17.68722,17.68448,190,100
2021-10-08 12:31:29.636000,17.68735,17.68448,150,100
2021-10-08 12:31:29.687000,17.68742,17.68448,220,100
2021-10-08 12:31:29.737000,17.68472,17.68175,190,370
2021-10-08 12:31:29.788000,17.68695,17.68348,150,100
2021-10-08 12:31:29.838000,17.68615,17.68365,370,100
2021-10-08 12:31:29.939000,17.68615,17.68348,220,100
2021-10-08 12:31:30.040000,17.68645,17.68348,150,100
2021-10-08 12:31:30.090000,17.68585,17.68348,150,100
2021-10-08 12:31:30.141000,17.68645,17.68365,150,100
2021-10-08 12:31:30.242000,17.68525,17.68265,150,100
2021-10-08 12:31:30.292000,17.68562,17.68248,220,100
2021-10-08 12:31:30.343000,17.68452,17.68148,190,100
2021-10-08 12:31:30.462000,17.68385,17.68148,150,100
2021-10-08 12:31:30.663000,17.68462,17.68148,190,100
2021-10-08 12:31:30.764000,17.68265,17.68048,370,100
2021-10-08 12:31:30.814000,17.68285,17.68065,220,100
2021-10-08 12:31:30.865000,17.68335,17.68065,150,100
2021-10-08 12:31:30.915000,17.68325,17.68065,150,100
2021-10-08 12:31:30.966000,17.67982,17.67728,110,220
2021-10-08 12:31:31.037000,17.68132,17.67888,110,2550
2021-10-08 12:31:31.090000,17.68328,17.67948,190,370
2021-10-08 12:31:31.140000,17.68315,17.67948,150,370
2021-10-08 12:31:31.190000,17.67912,17.67705,110,100
2021-10-08 12:31:31.241000,17.67978,17.67748,370,300
2021-10-08 12:31:31.342000,17.67825,17.67565,370,370
2021-10-08 12:31:31.442000,17.67815,17.67608,370,220
2021-10-08 12:31:31.493000,17.68028,17.67765,370,100
2021-10-08 12:31:31.544000,17.68155,17.67848,150,220
2021-10-08 12:31:31.745000,17.68245,17.67948,150,300
2021-10-08 12:31:32.051000,17.68265,17.67948,150,220
2021-10-08 12:31:32.101000,17.68245,17.67948,150,300
2021-10-08 12:31:32.152000,17.68295,17.67948,150,300
2021-10-08 12:31:32.202000,17.68178,17.67848,370,220
2021-10-08 12:31:32.303000,17.68175,17.67948,150,100
2021-10-08 12:31:32.354000,17.68035,17.67748,150,220
2021-10-08 12:31:32.404000,17.67902,17.67688,220,100
2021-10-08 12:31:32.455000,17.67985,17.67705,150,100
2021-10-08 12:31:32.555000,17.67912,17.67708,340,100
2021-10-08 12:31:32.606000,17.67992,17.67748,220,300
2021-10-08 12:31:32.706000,17.68012,17.67748,220,300
2021-10-08 12:31:32.757000,17.68035,17.67748,150,300
2021-10-08 12:31:32.857000,17.68045,17.67755,150,300
2021-10-08 12:31:32.908000,17.68065,17.67748,150,300
2021-10-08 12:31:33.059000,17.68095,17.67748,150,220
2021-10-08 12:31:33.109000,17.68045,17.67748,150,150
2021-10-08 12:31:33.160000,17.68095,17.67658,150,150
2021-10-08 12:31:33.261000,17.67895,17.67648,100,300
2021-10-08 12:31:33.412000,17.68095,17.67848,150,100
2021-10-08 12:31:33.512000,17.68145,17.67848,150,370
2021-10-08 12:31:33.567000,17.68135,17.67848,220,370
2021-10-08 12:31:33.668000,17.68095,17.67848,150,220
2021-10-08 12:31:33.718000,17.68145,17.67848,150,150
2021-10-08 12:31:33.819000,17.68095,17.67848,150,150
2021-10-08 12:31:33.920000,17.68135,17.67848,150,370
2021-10-08 12:31:34.021000,17.68062,17.67805,370,100
2021-10-08 12:31:34.071000,17.67832,17.67588,190,100
2021-10-08 12:31:34.121000,17.67792,17.67348,150,220
2021-10-08 12:31:34.222000,17.67882,17.67348,220,220
2021-10-08 12:31:34.273000,17.67785,17.67555,150,150
2021-10-08 12:31:34.323000,17.67862,17.67448,220,220
2021-10-08 12:31:34.373000,17.67785,17.67555,150,150
2021-10-08 12:31:34.424000,17.67732,17.67398,190,150
2021-10-08 12:31:34.474000,17.67693,17.67445,100,100
2021-10-08 12:31:34.525000,17.67728,17.67348,370,100
2021-10-08 12:31:34.575000,17.67765,17.67466,150,150
2021-10-08 12:31:34.676000,17.67765,17.67448,150,150
2021-10-08 12:31:34.726000,17.67835,17.67603,150,100
2021-10-08 12:31:34.777000,17.67945,17.67653,150,150
2021-10-08 12:31:34.827000,17.67752,17.67548,220,100
2021-10-08 12:31:34.878000,17.67722,17.67426,220,150
2021-10-08 12:31:34.978000,17.67902,17.67448,150,220
2021-10-08 12:31:35.029000,17.67713,17.67445,100,100
2021-10-08 12:31:35.079000,17.67635,17.67348,150,100
2021-10-08 12:31:35.130000,17.67745,17.67448,150,220
2021-10-08 12:31:35.180000,17.67775,17.67548,150,100
2021-10-08 12:31:35.231000,17.67855,17.67548,150,220
2021-10-08 12:31:35.281000,17.67925,17.67648,150,150
2021-10-08 12:31:35.382000,17.68045,17.67748,150,220
2021-10-08 12:31:35.433000,17.67992,17.67678,190,220
2021-10-08 12:31:35.483000,17.68175,17.67948,150,100
2021-10-08 12:31:35.533000,17.68318,17.67946,100,150
2021-10-08 12:31:35.584000,17.68742,17.68348,150,220
2021-10-08 12:31:35.634000,17.68485,17.68248,150,220
2021-10-08 12:31:35.685000,17.68545,17.68248,150,220
2021-10-08 12:31:35.786000,17.68555,17.68257,150,100
2021-10-08 12:31:35.886000,17.68755,17.68348,150,150
2021-10-08 12:31:35.937000,17.68755,17.68388,150,190
2021-10-08 12:31:35.987000,17.68805,17.68367,150,150
2021-10-08 12:31:36.038000,17.68892,17.68448,190,150
2021-10-08 12:31:36.088000,17.68655,17.68448,750,150
2021-10-08 12:31:36.139000,17.68572,17.68068,150,190
2021-10-08 12:31:36.189000,17.68405,17.68095,750,100
2021-10-08 12:31:36.240000,17.68525,17.68075,150,190
2021-10-08 12:31:36.290000,17.68565,17.68148,150,150
2021-10-08 12:31:36.391000,17.68615,17.68073,150,100
2021-10-08 12:31:36.441000,17.68515,17.68083,150,100
2021-10-08 12:31:36.492000,17.68695,17.68248,150,220
2021-10-08 12:31:36.542000,17.68795,17.68348,150,220
2021-10-08 12:31:36.593000,17.68845,17.68378,150,190
2021-10-08 12:31:36.644000,17.68842,17.68453,190,100
2021-10-08 12:31:36.745000,17.68795,17.68363,150,100
2021-10-08 12:31:36.847000,17.68822,17.68348,190,220
2021-10-08 12:31:36.956000,17.68562,17.68145,150,190
2021-10-08 12:31:37.057000,17.68662,17.68148,190,220
2021-10-08 12:31:37.108000,17.68642,17.68148,190,220
2021-10-08 12:31:37.259000,17.68642,17.68118,190,190
2021-10-08 12:31:37.309000,17.68732,17.68298,220,190
2021-10-08 12:31:37.360000,17.68842,17.68348,150,220
2021-10-08 12:31:37.410000,17.68908,17.68518,150,190
2021-10-08 12:31:37.511000,17.69032,17.68548,190,220
2021-10-08 12:31:37.561000,17.68762,17.68453,190,100
2021-10-08 12:31:37.612000,17.68842,17.68465,190,220
2021-10-08 12:31:37.713000,17.68922,17.68448,190,220
2021-10-08 12:31:37.813000,17.68932,17.68448,190,220
2021-10-08 12:31:37.914000,17.68955,17.68448,150,410
2021-10-08 12:31:37.965000,17.68982,17.68458,150,190
2021-10-08 12:31:38.015000,17.69108,17.68748,190,150
2021-10-08 12:31:38.066000,17.69162,17.68748,150,220
2021-10-08 12:31:38.116000,17.68972,17.68665,150,220
2021-10-08 12:31:38.166000,17.69125,17.68648,150,220
2021-10-08 12:31:38.217000,17.69102,17.68648,150,220
2021-10-08 12:31:38.318000,17.69112,17.68658,150,220
2021-10-08 12:31:38.469000,17.68882,17.68505,150,100
2021-10-08 12:31:38.620000,17.68842,17.68505,150,100
2021-10-08 12:31:38.670000,17.68892,17.68505,150,100
2021-10-08 12:31:38.721000,17.68862,17.68483,150,100
2021-10-08 12:31:38.771000,17.68862,17.68478,150,100
2021-10-08 12:31:38.821000,17.68812,17.68455,150,100
2021-10-08 12:31:38.922000,17.68912,17.68455,150,100
2021-10-08 12:31:38.973000,17.68895,17.68455,150,100
2021-10-08 12:31:39.074000,17.68822,17.68455,150,100
2021-10-08 12:31:39.423000,17.68948,17.68498,100,190
2021-10-08 12:31:39.524000,17.69012,17.68548,150,100
2021-10-08 12:31:39.574000,17.69002,17.68548,150,150
2021-10-08 12:31:39.625000,17.69022,17.68548,150,220
2021-10-08 12:31:39.675000,17.69005,17.68548,150,220
2021-10-08 12:31:39.776000,17.68802,17.68548,190,100
2021-10-08 12:31:39.827000,17.68898,17.68548,370,100
2021-10-08 12:31:39.877000,17.68775,17.68548,150,100
2021-10-08 12:31:39.928000,17.68805,17.68548,150,100
2021-10-08 12:31:39.978000,17.68782,17.68548,190,100
2021-10-08 12:31:40.029000,17.68722,17.68478,190,100
2021-10-08 12:31:40.129000,17.68795,17.68572,150,150
2021-10-08 12:31:40.180000,17.68822,17.68565,190,220
2021-10-08 12:31:40.231000,17.68888,17.68648,370,220
2021-10-08 12:31:40.281000,17.68945,17.68648,150,220
2021-10-08 12:31:40.332000,17.68782,17.68565,220,300
