time,ask,bid,ask_volume,bid_volume
2017-02-03 13:25:00.062000,12.11552,12.11302,370,100
2017-02-03 13:25:00.264000,12.11651,12.11391,370,100
2017-02-03 13:25:00.479000,12.11601,12.11352,370,100
2017-02-03 13:25:00.630000,12.11652,12.11401,370,100
2017-02-03 13:25:01.146000,12.11638,12.11351,100,370
2017-02-03 13:25:01.196000,12.11651,12.11392,370,100
2017-02-03 13:25:01.247000,12.11652,12.11351,370,370
2017-02-03 13:25:01.297000,12.11652,12.11391,370,100
2017-02-03 13:25:01.844000,12.11651,12.11391,370,100
2017-02-03 13:25:03.277000,12.11602,12.11311,370,370
2017-02-03 13:25:03.328000,12.11602,12.11302,370,100
2017-02-03 13:25:03.379000,12.11552,12.11302,370,100
2017-02-03 13:25:05.105000,12.11552,12.11292,370,100
2017-02-03 13:25:05.156000,12.11552,12.11242,370,100
2017-02-03 13:25:05.207000,12.11502,12.11242,370,100
2017-02-03 13:25:05.382000,12.11552,12.11242,370,100
2017-02-03 13:25:05.433000,12.11552,12.11281,370,100
2017-02-03 13:25:06.066000,12.11551,12.11281,370,100
2017-02-03 13:25:06.411000,12.11502,12.11242,370,100
2017-02-03 13:25:06.580000,12.11552,12.11251,370,370
2017-02-03 13:25:06.630000,12.11501,12.11251,370,370
2017-02-03 13:25:07.159000,12.11502,12.11251,370,370
2017-02-03 13:25:07.499000,12.11451,12.11202,370,100
2017-02-03 13:25:07.761000,12.11501,12.11191,370,100
2017-02-03 13:25:07.862000,12.11451,12.11191,370,100
2017-02-03 13:25:08.249000,12.11451,12.11241,370,100
2017-02-03 13:25:08.350000,12.11502,12.11241,370,100
2017-02-03 13:25:08.550000,12.11501,12.11251,370,370
2017-02-03 13:25:08.601000,12.11551,12.11291,370,100
2017-02-03 13:25:09.151000,12.11552,12.11291,370,100
2017-02-03 13:25:09.671000,12.11502,12.11291,370,100
2017-02-03 13:25:09.823000,12.11552,12.11291,370,100
2017-02-03 13:25:10.471000,12.11551,12.11291,370,100
2017-02-03 13:25:11.034000,12.11502,12.11251,370,100
2017-02-03 13:25:11.198000,12.11599,12.11291,370,100
2017-02-03 13:25:12.183000,12.11599,12.11311,370,100
2017-02-03 13:25:12.625000,12.11599,12.11292,370,100
2017-02-03 13:25:12.785000,12.11608,12.11292,100,100
2017-02-03 13:25:19.055000,12.11632,12.11342,370,100
2017-02-03 13:25:19.156000,12.11638,12.11342,370,100
2017-02-03 13:25:19.362000,12.11638,12.11441,370,100
2017-02-03 13:25:19.413000,12.11742,12.11489,370,370
2017-02-03 13:25:19.539000,12.11798,12.11489,100,370
2017-02-03 13:25:20.023000,12.11791,12.11489,370,370
2017-02-03 13:25:20.280000,12.11798,12.11489,100,370
2017-02-03 13:25:20.331000,12.11762,12.11489,370,370
2017-02-03 13:25:20.432000,12.11792,12.11489,370,370
2017-02-03 13:25:20.680000,12.11759,12.11451,100,370
2017-02-03 13:25:20.837000,12.11759,12.11441,100,100
2017-02-03 13:25:21.408000,12.11708,12.11401,100,370
2017-02-03 13:25:22.029000,12.11701,12.11401,370,370
2017-02-03 13:25:22.130000,12.11701,12.11392,370,100
2017-02-03 13:25:22.360000,12.11708,12.11392,100,100
2017-02-03 13:25:22.430000,12.11702,12.11392,370,100
2017-02-03 13:25:22.933000,12.11708,12.11392,100,100
2017-02-03 13:25:23.533000,12.11692,12.11392,370,100
2017-02-03 13:25:25.055000,12.11692,12.11388,370,370
2017-02-03 13:25:25.168000,12.11699,12.11388,450,370
2017-02-03 13:25:25.457000,12.11658,12.11342,100,100
2017-02-03 13:25:25.608000,12.11671,12.11382,370,100
2017-02-03 13:25:25.713000,12.11692,12.11389,370,370
2017-02-03 13:25:25.764000,12.11698,12.11389,100,370
2017-02-03 13:25:25.865000,12.11659,12.11341,100,100
2017-02-03 13:25:27.620000,12.11671,12.11381,370,100
2017-02-03 13:25:27.721000,12.11689,12.11389,370,370
2017-02-03 13:25:28.250000,12.11689,12.11388,370,370
2017-02-03 13:25:28.358000,12.11698,12.11388,100,370
2017-02-03 13:25:29.454000,12.11692,12.11388,370,370
2017-02-03 13:25:29.761000,12.11698,12.11388,100,370
2017-02-03 13:25:30.009000,12.11691,12.11388,370,370
2017-02-03 13:25:30.060000,12.11698,12.11388,100,370
2017-02-03 13:25:30.273000,12.11692,12.11388,370,370
2017-02-03 13:25:30.374000,12.11658,12.11342,100,100
2017-02-03 13:25:30.980000,12.11692,12.11389,370,370
2017-02-03 13:25:31.081000,12.11699,12.11389,450,370
2017-02-03 13:25:31.564000,12.11682,12.11389,370,370
2017-02-03 13:25:31.665000,12.11699,12.11389,450,370
2017-02-03 13:25:32.397000,12.11691,12.11389,370,370
2017-02-03 13:25:32.650000,12.11658,12.11351,100,370
2017-02-03 13:25:33.079000,12.11608,12.11351,100,370
2017-02-03 13:25:33.411000,12.11638,12.11388,370,370
2017-02-03 13:25:33.748000,12.11699,12.11388,100,370
2017-02-03 13:25:33.862000,12.11609,12.11352,100,370
2017-02-03 13:25:34.455000,12.11609,12.11291,100,100
2017-02-03 13:25:35.830000,12.11641,12.11391,370,100
2017-02-03 13:25:36.082000,12.11709,12.11391,100,100
2017-02-03 13:25:37.084000,12.11709,12.11452,100,370
2017-02-03 13:25:37.135000,12.11762,12.11491,370,100
2017-02-03 13:25:37.186000,12.11742,12.11491,370,100
2017-02-03 13:25:37.287000,12.11809,12.11491,100,100
2017-02-03 13:25:37.602000,12.11709,12.11489,100,370
2017-02-03 13:25:37.653000,12.11709,12.11452,100,370
2017-02-03 13:25:37.754000,12.11758,12.11452,100,370
2017-02-03 13:25:38.077000,12.11722,12.11452,370,370
2017-02-03 13:25:38.128000,12.11708,12.11392,100,100
2017-02-03 13:25:38.999000,12.11738,12.11441,370,100
2017-02-03 13:25:39.218000,12.11709,12.11391,100,100
2017-02-03 13:25:39.745000,12.11731,12.11442,370,100
2017-02-03 13:25:39.795000,12.11758,12.11442,100,100
2017-02-03 13:25:40.487000,12.11788,12.11489,370,370
2017-02-03 13:25:40.794000,12.11709,12.11439,100,370
2017-02-03 13:25:40.946000,12.11722,12.11442,370,100
2017-02-03 13:25:41.047000,12.11758,12.11442,100,100
2017-02-03 13:25:43.696000,12.11709,12.11402,100,370
2017-02-03 13:25:43.971000,12.11709,12.11391,100,100
2017-02-03 13:25:47.131000,12.11699,12.11391,370,100
2017-02-03 13:25:47.449000,12.11609,12.11339,100,370
2017-02-03 13:25:47.501000,12.11609,12.11311,100,370
2017-02-03 13:25:47.726000,12.11599,12.11311,100,370
2017-02-03 13:25:48.321000,12.11599,12.11288,100,370
2017-02-03 13:25:49.696000,12.11631,12.11372,370,100
2017-02-03 13:25:49.919000,12.11688,12.11388,100,370
2017-02-03 13:25:50.303000,12.11709,12.11391,100,100
2017-02-03 13:25:50.820000,12.11702,12.11391,370,100
2017-02-03 13:25:51.036000,12.11709,12.11391,100,100
2017-02-03 13:25:52.863000,12.11651,12.11391,370,100
2017-02-03 13:25:53.213000,12.11552,12.11391,370,100
2017-02-03 13:25:53.264000,12.11552,12.11311,370,370
2017-02-03 13:25:54.102000,12.11552,12.11282,370,100
2017-02-03 13:25:59.269000,12.11581,12.11289,370,370
2017-02-03 13:25:59.435000,12.11598,12.11289,100,370
2017-02-03 13:25:59.770000,12.11582,12.11289,370,370
2017-02-03 13:25:59.881000,12.11598,12.11289,100,370
2017-02-03 13:25:59.935000,12.11581,12.11289,370,370
2017-02-03 13:26:00.070000,12.11598,12.11289,100,370
2017-02-03 13:26:00.178000,12.11582,12.11289,370,370
2017-02-03 13:26:00.236000,12.11598,12.11289,100,370
2017-02-03 13:26:00.442000,12.11581,12.11289,370,370
2017-02-03 13:26:00.744000,12.11598,12.11289,100,370
2017-02-03 13:26:00.870000,12.11572,12.11289,370,370
2017-02-03 13:26:00.938000,12.11598,12.11289,100,370
2017-02-03 13:26:01.286000,12.11581,12.11289,370,370
2017-02-03 13:26:01.338000,12.11591,12.11289,370,370
2017-02-03 13:26:01.444000,12.11598,12.11289,100,370
2017-02-03 13:26:02.039000,12.11582,12.11289,370,370
2017-02-03 13:26:02.389000,12.11581,12.11339,370,370
2017-02-03 13:26:02.503000,12.11638,12.11339,370,370
2017-02-03 13:26:02.662000,12.11649,12.11338,100,370
2017-02-03 13:26:03.991000,12.11598,12.11302,100,370
2017-02-03 13:26:04.042000,12.11622,12.11321,370,100
2017-02-03 13:26:04.153000,12.11622,12.11338,370,370
2017-02-03 13:26:04.254000,12.11639,12.11338,450,370
2017-02-03 13:26:05.222000,12.11598,12.11289,100,370
2017-02-03 13:26:05.531000,12.11552,12.11281,370,100
2017-02-03 13:26:06.310000,12.11551,12.11281,370,100
2017-02-03 13:26:10.315000,12.11571,12.11281,370,100
2017-02-03 13:26:13.118000,12.11571,12.11332,370,370
2017-02-03 13:26:13.637000,12.11571,12.11281,370,100
2017-02-03 13:26:17.276000,12.11571,12.11271,370,100
2017-02-03 13:26:17.326000,12.11489,12.11201,100,370
2017-02-03 13:26:17.676000,12.11472,12.11201,370,370
2017-02-03 13:26:18.547000,12.11472,12.11171,370,100
2017-02-03 13:26:19.485000,12.11489,12.11188,100,370
2017-02-03 13:26:22.097000,12.11388,12.11139,100,370
2017-02-03 13:26:22.226000,12.11388,12.11111,100,370
2017-02-03 13:26:22.786000,12.11379,12.11111,100,370
2017-02-03 13:26:23.217000,12.11379,12.11088,100,370
2017-02-03 13:26:29.306000,12.11372,12.11051,370,100
2017-02-03 13:26:29.407000,12.11379,12.11088,100,370
2017-02-03 13:26:29.763000,12.11329,12.11039,100,370
2017-02-03 13:26:30.307000,12.11289,12.11011,100,370
2017-02-03 13:26:30.458000,12.11289,12.10989,100,370
2017-02-03 13:26:32.347000,12.11289,12.10988,100,370
2017-02-03 13:26:33.956000,12.11189,12.10938,100,370
2017-02-03 13:26:34.057000,12.11189,12.10912,100,370
2017-02-03 13:26:35.109000,12.11189,12.10888,100,370
2017-02-03 13:26:38.456000,12.11172,12.10862,370,100
2017-02-03 13:26:38.572000,12.11178,12.10888,100,370
2017-02-03 13:26:39.994000,12.11121,12.10861,370,100
2017-02-03 13:26:40.095000,12.11179,12.10888,100,370
2017-02-03 13:26:44.012000,12.11238,12.10988,370,370
2017-02-03 13:26:44.801000,12.11288,12.10988,100,370
2017-02-03 13:26:45.710000,12.11198,12.10939,100,370
2017-02-03 13:26:45.761000,12.11228,12.10939,370,370
2017-02-03 13:26:46.814000,12.11249,12.10939,100,370
2017-02-03 13:26:47.027000,12.11199,12.10909,100,370
2017-02-03 13:26:47.078000,12.11199,12.10901,100,370
2017-02-03 13:26:47.990000,12.11199,12.10888,100,370
2017-02-03 13:26:48.785000,12.11199,12.10932,100,370
2017-02-03 13:26:48.836000,12.11289,12.10989,100,370
2017-02-03 13:26:48.887000,12.11272,12.10989,370,370
2017-02-03 13:26:49.014000,12.11289,12.10989,100,370
2017-02-03 13:26:49.263000,12.11288,12.11022,100,100
2017-02-03 13:26:49.414000,12.11299,12.10988,100,370
2017-02-03 13:26:49.566000,12.11272,12.10972,370,100
2017-02-03 13:26:49.894000,12.11288,12.10989,100,370
2017-02-03 13:26:55.956000,12.11299,12.11038,100,370
2017-02-03 13:26:56.058000,12.11299,12.10989,100,370
2017-02-03 13:26:57.504000,12.11338,12.11039,370,370
2017-02-03 13:26:57.709000,12.11321,12.11021,370,100
2017-02-03 13:26:57.760000,12.11299,12.10989,100,750
2017-02-03 13:26:58.210000,12.11349,12.11038,100,370
2017-02-03 13:26:58.569000,12.11298,12.11002,100,370
2017-02-03 13:26:59.367000,12.11298,12.10989,100,370
2017-02-03 13:27:00.884000,12.11298,12.10988,100,370
2017-02-03 13:27:01.522000,12.11352,12.11071,370,100
2017-02-03 13:27:01.572000,12.11371,12.11071,750,100
2017-02-03 13:27:01.623000,12.11348,12.11039,100,370
2017-02-03 13:27:01.674000,12.11388,12.11088,100,370
2017-02-03 13:27:01.978000,12.11299,12.11039,100,370
2017-02-03 13:27:02.028000,12.11299,12.11032,100,370
2017-02-03 13:27:02.219000,12.11299,12.10989,100,370
2017-02-03 13:27:02.741000,12.11319,12.11038,370,370
2017-02-03 13:27:03.352000,12.11339,12.11038,100,370
2017-02-03 13:27:04.373000,12.11388,12.11089,370,370
2017-02-03 13:27:05.214000,12.11389,12.11089,100,370
2017-02-03 13:27:06.324000,12.11412,12.11181,370,100
2017-02-03 13:27:06.387000,12.11441,12.11181,370,100
2017-02-03 13:27:06.489000,12.11472,12.11189,370,370
2017-02-03 13:27:06.599000,12.11499,12.11189,100,370
2017-02-03 13:27:08.129000,12.11449,12.11138,100,370
2017-02-03 13:27:08.470000,12.11399,12.11092,100,370
2017-02-03 13:27:09.505000,12.11399,12.11088,450,370
2017-02-03 13:27:10.094000,12.11399,12.11131,100,370
2017-02-03 13:27:10.145000,12.11462,12.11189,370,370
2017-02-03 13:27:10.335000,12.11488,12.11189,100,370
2017-02-03 13:27:13.207000,12.11449,12.11138,100,370
2017-02-03 13:27:13.308000,12.11399,12.11112,100,370
2017-02-03 13:27:13.481000,12.11449,12.11139,100,370
2017-02-03 13:27:13.531000,12.11439,12.11139,100,370
2017-02-03 13:27:14.581000,12.11398,12.11088,100,370
2017-02-03 13:27:14.852000,12.11399,12.11139,100,370
2017-02-03 13:27:14.903000,12.11399,12.11088,100,370
2017-02-03 13:27:18.119000,12.11339,12.11038,100,370
2017-02-03 13:27:18.617000,12.11289,12.10989,100,370
2017-02-03 13:27:23.959000,12.11239,12.10939,100,370
2017-02-03 13:27:25.088000,12.11278,12.10988,370,370
2017-02-03 13:27:25.650000,12.11279,12.10988,100,370
2017-02-03 13:27:26.030000,12.11289,12.11038,100,370
2017-02-03 13:27:26.144000,12.11289,12.10989,100,370
2017-02-03 13:27:35.106000,12.11271,12.10971,370,100
2017-02-03 13:27:35.258000,12.11289,12.10988,100,370
2017-02-03 13:27:35.493000,12.11198,12.10941,100,370
2017-02-03 13:27:36.137000,12.11198,12.10888,100,370
2017-02-03 13:27:37.449000,12.11199,12.10888,100,370
2017-02-03 13:27:37.972000,12.11199,12.10889,100,370
2017-02-03 13:27:38.857000,12.11088,12.10881,100,370
2017-02-03 13:27:39.281000,12.11172,12.10881,370,370
2017-02-03 13:27:39.382000,12.11198,12.10888,100,370
2017-02-03 13:27:39.504000,12.11172,12.10882,370,100
2017-02-03 13:27:39.655000,12.11192,12.10889,370,370
2017-02-03 13:27:39.732000,12.11199,12.10889,100,370
2017-02-03 13:27:39.944000,12.11119,12.10881,100,370
2017-02-03 13:27:40.095000,12.11121,12.10881,370,370
2017-02-03 13:27:40.196000,12.11158,12.10881,100,370
2017-02-03 13:27:40.460000,12.11122,12.10891,370,100
2017-02-03 13:27:40.700000,12.11209,12.10891,100,100
2017-02-03 13:27:41.836000,12.11201,12.10891,370,100
2017-02-03 13:27:42.327000,12.11172,12.10891,370,100
2017-02-03 13:27:42.428000,12.11209,12.10891,100,100
2017-02-03 13:27:42.478000,12.11201,12.10891,370,100
2017-02-03 13:27:42.957000,12.11159,12.10881,100,370
2017-02-03 13:27:43.301000,12.11109,12.10881,100,370
2017-02-03 13:27:43.352000,12.11118,12.10881,100,370
2017-02-03 13:27:43.462000,12.11109,12.10881,100,370
2017-02-03 13:27:43.669000,12.11162,12.10882,370,100
2017-02-03 13:27:43.769000,12.11192,12.10888,370,370
2017-02-03 13:27:43.820000,12.11109,12.10888,100,370
2017-02-03 13:27:43.921000,12.11109,12.10881,100,370
2017-02-03 13:27:44.593000,12.11109,12.10842,100,370
2017-02-03 13:27:45.292000,12.11109,12.10791,100,100
2017-02-03 13:27:45.552000,12.11101,12.10791,370,100
2017-02-03 13:27:45.860000,12.11109,12.10791,100,100
2017-02-03 13:27:46.137000,12.11119,12.10881,370,100
2017-02-03 13:27:46.238000,12.11108,12.10839,100,370
2017-02-03 13:27:46.339000,12.11108,12.10792,100,100
2017-02-03 13:27:46.776000,12.11119,12.10842,370,100
2017-02-03 13:27:46.877000,12.11158,12.10842,100,100
2017-02-03 13:27:47.403000,12.11151,12.10842,370,100
2017-02-03 13:27:47.453000,12.11158,12.10842,100,100
2017-02-03 13:27:47.817000,12.11171,12.10891,370,100
2017-02-03 13:27:47.868000,12.11178,12.10891,370,100
2017-02-03 13:27:48.273000,12.11209,12.10891,100,100
2017-02-03 13:27:48.850000,12.11182,12.10891,370,100
2017-02-03 13:27:48.951000,12.11209,12.10891,100,100
2017-02-03 13:27:49.750000,12.11192,12.10891,370,100
2017-02-03 13:27:50.852000,12.11209,12.10891,100,100
2017-02-03 13:27:51.416000,12.11202,12.10891,370,100
2017-02-03 13:27:51.494000,12.11209,12.10891,100,100
2017-02-03 13:27:53.070000,12.11201,12.10891,370,100
2017-02-03 13:27:53.391000,12.11209,12.10891,100,100
2017-02-03 13:27:53.957000,12.11202,12.10891,370,100
2017-02-03 13:27:54.458000,12.11209,12.10891,100,100
2017-02-03 13:27:55.042000,12.11221,12.10992,370,100
2017-02-03 13:27:55.193000,12.11239,12.10992,370,100
2017-02-03 13:27:55.861000,12.11239,12.10981,370,100
2017-02-03 13:27:55.962000,12.11239,12.10988,370,370
2017-02-03 13:27:56.285000,12.11299,12.10988,450,370
2017-02-03 13:27:56.733000,12.11291,12.10988,370,370
2017-02-03 13:27:57.057000,12.11258,12.10942,100,100
2017-02-03 13:27:57.321000,12.11271,12.10988,370,370
2017-02-03 13:27:57.371000,12.11298,12.10988,100,370
2017-02-03 13:27:57.472000,12.11249,12.10939,100,370
2017-02-03 13:27:58.071000,12.11198,12.10888,100,370
2017-02-03 13:28:00.120000,12.11201,12.10991,370,100
2017-02-03 13:28:00.171000,12.11222,12.10991,370,100
2017-02-03 13:28:00.272000,12.11269,12.10991,370,100
2017-02-03 13:28:02.327000,12.11269,12.11002,370,100
2017-02-03 13:28:02.628000,12.11242,12.11002,370,100
2017-02-03 13:28:02.679000,12.11261,12.11002,370,100
2017-02-03 13:28:02.780000,12.11299,12.11002,370,100
2017-02-03 13:28:03.020000,12.11262,12.11002,370,100
2017-02-03 13:28:03.280000,12.11291,12.11002,370,100
2017-02-03 13:28:03.421000,12.11299,12.11002,370,100
2017-02-03 13:28:05.328000,12.11299,12.11038,370,370
2017-02-03 13:28:05.379000,12.11309,12.11038,100,370
2017-02-03 13:28:05.454000,12.11309,12.10991,100,100
2017-02-03 13:28:05.504000,12.11292,12.10991,370,100
2017-02-03 13:28:05.844000,12.11282,12.10991,370,100
2017-02-03 13:28:06.018000,12.11302,12.10991,370,100
2017-02-03 13:28:06.079000,12.11272,12.10991,370,100
2017-02-03 13:28:06.230000,12.11302,12.10991,370,100
2017-02-03 13:28:06.281000,12.11271,12.10991,370,100
2017-02-03 13:28:06.827000,12.11291,12.10991,370,100
2017-02-03 13:28:06.881000,12.11262,12.10991,370,100
2017-02-03 13:28:07.181000,12.11292,12.10991,370,100
2017-02-03 13:28:07.281000,12.11262,12.10991,370,100
2017-02-03 13:28:07.461000,12.11262,12.10981,370,100
2017-02-03 13:28:07.582000,12.11272,12.10981,370,100
2017-02-03 13:28:07.711000,12.11252,12.10981,370,100
2017-02-03 13:28:08.183000,12.11271,12.10981,370,100
2017-02-03 13:28:08.305000,12.11292,12.10981,370,100
2017-02-03 13:28:08.717000,12.11272,12.10981,370,100
2017-02-03 13:28:09.184000,12.11261,12.10981,370,100
2017-02-03 13:28:10.228000,12.11292,12.10981,370,100
2017-02-03 13:28:10.286000,12.11261,12.10981,370,100
2017-02-03 13:28:10.417000,12.11271,12.10981,370,100
2017-02-03 13:28:11.014000,12.11292,12.10981,370,100
2017-02-03 13:28:11.115000,12.11262,12.10981,370,100
2017-02-03 13:28:12.491000,12.11282,12.10981,370,100
2017-02-03 13:28:13.117000,12.11299,12.10981,450,100
2017-02-03 13:28:14.548000,12.11278,12.10978,100,370
2017-02-03 13:28:15.196000,12.11272,12.10978,370,370
2017-02-03 13:28:15.539000,12.11278,12.10978,100,370
2017-02-03 13:28:16.549000,12.11319,12.11072,370,100
2017-02-03 13:28:16.871000,12.11319,12.11131,370,100
2017-02-03 13:28:16.972000,12.11431,12.11182,370,100
2017-02-03 13:28:17.073000,12.11482,12.11182,370,100
2017-02-03 13:28:17.205000,12.11498,12.11192,370,100
2017-02-03 13:28:17.465000,12.11461,12.11151,370,100
2017-02-03 13:28:18.501000,12.11468,12.11178,100,370
2017-02-03 13:28:18.601000,12.11462,12.11152,750,100
2017-02-03 13:28:18.983000,12.11438,12.11152,370,100
2017-02-03 13:28:19.333000,12.11438,12.11191,370,100
2017-02-03 13:28:19.902000,12.11438,12.11192,370,100
2017-02-03 13:28:20.306000,12.11438,12.11151,370,100
2017-02-03 13:28:20.407000,12.11461,12.11151,750,100
2017-02-03 13:28:21.600000,12.11449,12.11131,100,100
2017-02-03 13:28:21.784000,12.11438,12.11131,370,100
2017-02-03 13:28:22.200000,12.11409,12.11091,100,100
2017-02-03 13:28:23.248000,12.11398,12.11091,370,100
2017-02-03 13:28:23.647000,12.11398,12.11181,370,100
2017-02-03 13:28:23.828000,12.11492,12.11181,370,100
2017-02-03 13:28:24.010000,12.11499,12.11181,450,100
2017-02-03 13:28:24.428000,12.11482,12.11181,370,100
2017-02-03 13:28:24.945000,12.11499,12.11181,450,100
2017-02-03 13:28:26.515000,12.11481,12.11181,370,100
2017-02-03 13:28:26.815000,12.11499,12.11181,450,100
2017-02-03 13:28:27.717000,12.11491,12.11181,370,100
2017-02-03 13:28:28.150000,12.11471,12.11181,370,100
2017-02-03 13:28:28.481000,12.11452,12.11181,370,100
2017-02-03 13:28:29.974000,12.11452,12.11168,370,370
2017-02-03 13:28:30.025000,12.11439,12.11168,100,370
2017-02-03 13:28:31.292000,12.11438,12.11168,100,370
2017-02-03 13:28:31.617000,12.11378,12.11118,100,370
2017-02-03 13:28:31.929000,12.11429,12.11169,100,370
2017-02-03 13:28:32.108000,12.11379,12.11118,100,370
2017-02-03 13:28:32.259000,12.11389,12.11169,100,370
2017-02-03 13:28:32.411000,12.11429,12.11169,100,370
2017-02-03 13:28:32.769000,12.11429,12.11119,100,370
2017-02-03 13:28:32.920000,12.11428,12.11168,100,370
2017-02-03 13:28:33.970000,12.11428,12.11112,100,100
2017-02-03 13:28:37.145000,12.11428,12.11141,100,370
2017-02-03 13:28:38.208000,12.11449,12.11141,100,370
2017-02-03 13:28:38.382000,12.11458,12.11142,100,100
2017-02-03 13:28:38.808000,12.11532,12.11231,370,100
2017-02-03 13:28:39.145000,12.11482,12.11272,370,100
2017-02-03 13:28:39.921000,12.11482,12.11211,370,100
2017-02-03 13:28:39.971000,12.11431,12.11162,370,100
2017-02-03 13:28:40.321000,12.11381,12.11162,370,100
2017-02-03 13:28:40.863000,12.11382,12.11162,370,100
2017-02-03 13:28:41.137000,12.11382,12.11151,370,100
2017-02-03 13:28:41.191000,12.11332,12.11151,370,100
2017-02-03 13:28:41.241000,12.11332,12.11141,370,100
2017-02-03 13:28:41.346000,12.11381,12.11141,370,100
2017-02-03 13:28:41.931000,12.11422,12.11141,370,100
2017-02-03 13:28:42.047000,12.11371,12.11112,370,100
2017-02-03 13:28:42.278000,12.11422,12.11112,370,100
2017-02-03 13:28:42.342000,12.11402,12.11112,370,100
2017-02-03 13:28:42.709000,12.11372,12.11112,370,100
2017-02-03 13:28:42.814000,12.11421,12.11151,750,100
2017-02-03 13:28:42.865000,12.11418,12.11102,100,100
2017-02-03 13:28:42.915000,12.11371,12.11102,370,100
2017-02-03 13:28:44.282000,12.11321,12.11052,370,100
2017-02-03 13:28:44.997000,12.11272,12.11011,370,100
2017-02-03 13:28:45.673000,12.11321,12.11091,370,100
2017-02-03 13:28:45.723000,12.11321,12.11062,370,100
2017-02-03 13:28:45.875000,12.11322,12.11101,370,100
2017-02-03 13:28:45.925000,12.11349,12.11101,370,100
2017-02-03 13:28:46.101000,12.11271,12.11101,370,100
2017-02-03 13:28:46.151000,12.11271,12.11051,370,100
2017-02-03 13:28:46.320000,12.11271,12.11102,370,100
2017-02-03 13:28:46.371000,12.11349,12.11102,370,100
2017-02-03 13:28:46.472000,12.11372,12.11102,370,100
2017-02-03 13:28:50.488000,12.11372,12.11091,370,100
2017-02-03 13:28:50.627000,12.11272,12.10991,370,100
2017-02-03 13:28:51.222000,12.11221,12.10952,370,100
2017-02-03 13:28:51.769000,12.11222,12.10952,370,100
2017-02-03 13:28:54.277000,12.11258,12.10942,100,100
2017-02-03 13:28:54.409000,12.11232,12.10942,370,100
2017-02-03 13:28:55.548000,12.11182,12.10901,370,100
2017-02-03 13:28:56.066000,12.11181,12.10901,370,100
2017-02-03 13:28:56.590000,12.11232,12.10951,370,100
2017-02-03 13:28:56.873000,12.11218,12.10902,100,100
2017-02-03 13:28:56.973000,12.11232,12.10951,370,100
2017-02-03 13:28:57.313000,12.11259,12.10941,100,100
2017-02-03 13:28:57.414000,12.11231,12.10941,370,100
2017-02-03 13:28:57.617000,12.11219,12.10901,100,100
2017-02-03 13:28:57.667000,12.11182,12.10901,370,100
2017-02-03 13:28:58.926000,12.11132,12.10901,370,100
2017-02-03 13:28:59.077000,12.11169,12.10901,370,100
2017-02-03 13:28:59.907000,12.11131,12.10891,370,100
2017-02-03 13:29:00.010000,12.11169,12.10891,370,100
2017-02-03 13:29:00.251000,12.11182,12.10891,370,100
2017-02-03 13:29:01.543000,12.11182,12.10911,370,100
2017-02-03 13:29:02.275000,12.11229,12.10911,100,100
2017-02-03 13:29:04.459000,12.11232,12.10951,370,100
2017-02-03 13:29:04.623000,12.11269,12.10951,100,100
2017-02-03 13:29:04.724000,12.11272,12.10962,370,100
2017-02-03 13:29:04.979000,12.11278,12.10962,100,100
2017-02-03 13:29:05.422000,12.11311,12.11002,370,100
2017-02-03 13:29:05.586000,12.11318,12.11002,100,100
2017-02-03 13:29:06.541000,12.11268,12.10952,100,100
2017-02-03 13:29:07.066000,12.11301,12.10992,370,100
2017-02-03 13:29:07.118000,12.11269,12.10951,100,100
2017-02-03 13:29:07.219000,12.11271,12.10992,370,100
2017-02-03 13:29:07.323000,12.11292,12.10992,370,100
2017-02-03 13:29:07.424000,12.11282,12.10992,370,100
2017-02-03 13:29:07.490000,12.11308,12.10992,100,100
2017-02-03 13:29:07.596000,12.11302,12.10992,370,100
2017-02-03 13:29:07.727000,12.11308,12.10992,100,100
2017-02-03 13:29:08.007000,12.11291,12.10992,370,100
2017-02-03 13:29:08.091000,12.11308,12.10992,100,100
2017-02-03 13:29:08.285000,12.11308,12.11019,100,370
2017-02-03 13:29:08.419000,12.11369,12.11051,100,100
2017-02-03 13:29:08.471000,12.11402,12.11092,370,100
2017-02-03 13:29:08.522000,12.11408,12.11092,100,100
2017-02-03 13:29:09.220000,12.11368,12.11052,100,100
2017-02-03 13:29:09.496000,12.11409,12.11091,100,100
2017-02-03 13:29:10.902000,12.11372,12.11091,370,100
2017-02-03 13:29:11.088000,12.11342,12.11052,370,100
2017-02-03 13:29:11.188000,12.11292,12.11052,370,100
2017-02-03 13:29:11.485000,12.11341,12.11052,370,100
2017-02-03 13:29:11.639000,12.11292,12.11051,370,100
2017-02-03 13:29:11.990000,12.11241,12.11001,370,100
2017-02-03 13:29:12.254000,12.11282,12.11041,370,100
2017-02-03 13:29:12.305000,12.11291,12.11041,370,100
2017-02-03 13:29:12.789000,12.11291,12.11051,370,100
2017-02-03 13:29:13.176000,12.11322,12.11102,370,100
2017-02-03 13:29:13.227000,12.11341,12.11102,370,100
2017-02-03 13:29:14.209000,12.11392,12.11101,370,100
2017-02-03 13:29:14.260000,12.11351,12.11062,370,100
2017-02-03 13:29:14.621000,12.11332,12.11062,750,100
2017-02-03 13:29:15.176000,12.11282,12.11051,370,100
2017-02-03 13:29:15.277000,12.11331,12.11051,370,100
2017-02-03 13:29:15.483000,12.11322,12.11051,370,100
2017-02-03 13:29:15.534000,12.11331,12.11051,370,100
2017-02-03 13:29:16.015000,12.11322,12.11051,370,100
2017-02-03 13:29:16.755000,12.11331,12.11051,370,100
2017-02-03 13:29:16.817000,12.11321,12.11051,370,100
2017-02-03 13:29:17.017000,12.11331,12.11051,370,100
2017-02-03 13:29:17.519000,12.11321,12.11051,370,100
2017-02-03 13:29:18.820000,12.11331,12.11051,370,100
2017-02-03 13:29:18.871000,12.11281,12.11051,370,100
2017-02-03 13:29:18.999000,12.11332,12.11051,370,100
2017-02-03 13:29:19.547000,12.11331,12.11051,370,100
2017-02-03 13:29:19.625000,12.11331,12.11041,370,100
2017-02-03 13:29:20.208000,12.11332,12.11041,370,100
2017-02-03 13:29:20.756000,12.11362,12.11091,370,100
2017-02-03 13:29:20.857000,12.11371,12.11091,370,100
2017-02-03 13:29:21.016000,12.11371,12.11102,370,100
2017-02-03 13:29:21.985000,12.11371,12.11151,370,100
2017-02-03 13:29:22.036000,12.11381,12.11062,370,100
2017-02-03 13:29:22.112000,12.11322,12.11062,370,100
2017-02-03 13:29:23.486000,12.11261,12.11011,370,100
2017-02-03 13:29:23.991000,12.11262,12.11011,370,100
2017-02-03 13:29:24.597000,12.11312,12.11102,370,100
2017-02-03 13:29:24.749000,12.11351,12.11101,370,100
2017-02-03 13:29:24.990000,12.11362,12.11101,370,100
2017-02-03 13:29:25.244000,12.11411,12.11101,370,100
2017-02-03 13:29:25.295000,12.11411,12.11111,370,100
2017-02-03 13:29:25.643000,12.11362,12.11111,370,100
2017-02-03 13:29:30.363000,12.11422,12.11111,370,100
2017-02-03 13:29:30.710000,12.11389,12.11101,100,100
2017-02-03 13:29:30.761000,12.11371,12.11052,370,100
2017-02-03 13:29:30.976000,12.11388,12.11052,100,100
2017-02-03 13:29:31.165000,12.11429,12.11101,100,100
2017-02-03 13:29:32.090000,12.11422,12.11101,370,100
2017-02-03 13:29:32.211000,12.11429,12.11101,100,100
2017-02-03 13:29:33.167000,12.11389,12.11051,100,100
2017-02-03 13:29:33.280000,12.11428,12.11102,100,100
2017-02-03 13:29:35.093000,12.11408,12.11072,100,100
2017-02-03 13:29:35.560000,12.11359,12.11031,100,100
2017-02-03 13:29:38.514000,12.11398,12.11072,100,100
2017-02-03 13:29:39.849000,12.11359,12.11031,100,100
2017-02-03 13:29:40.805000,12.11409,12.11071,100,100
2017-02-03 13:29:42.493000,12.11459,12.11081,100,100
2017-02-03 13:29:42.543000,12.11408,12.11082,100,100
2017-02-03 13:29:42.594000,12.11459,12.11121,100,100
2017-02-03 13:29:42.892000,12.11419,12.11081,100,100
2017-02-03 13:29:43.194000,12.11559,12.11221,100,100
2017-02-03 13:29:44.530000,12.11558,12.11242,100,100
2017-02-03 13:29:44.580000,12.11569,12.11241,100,100
2017-02-03 13:29:44.743000,12.11619,12.11281,100,100
2017-02-03 13:29:44.794000,12.11619,12.11291,100,100
2017-02-03 13:29:46.182000,12.11672,12.11011,370,100
2017-02-03 13:29:46.598000,12.11672,12.10959,370,370
2017-02-03 13:29:46.850000,12.11672,12.10918,370,370
2017-02-03 13:29:46.951000,12.11672,12.10969,370,370
2017-02-03 13:29:47.209000,12.11722,12.10969,370,370
2017-02-03 13:29:47.310000,12.11722,12.10929,370,370
2017-02-03 13:29:47.360000,12.11772,12.10991,370,100
2017-02-03 13:29:47.707000,12.11971,12.11338,370,370
2017-02-03 13:29:47.877000,12.12032,12.11288,370,370
2017-02-03 13:29:47.929000,12.11972,12.11388,370,370
2017-02-03 13:29:48.038000,12.12011,12.11388,370,370
2017-02-03 13:29:48.139000,12.12102,12.11388,370,370
2017-02-03 13:29:48.240000,12.12171,12.11388,370,370
2017-02-03 13:29:48.438000,12.12112,12.11388,370,370
2017-02-03 13:29:48.549000,12.12171,12.11388,370,370
2017-02-03 13:29:48.753000,12.12171,12.11438,370,370
2017-02-03 13:29:49.057000,12.12081,12.11438,370,370
2017-02-03 13:29:49.107000,12.12121,12.11438,370,370
2017-02-03 13:29:49.236000,12.12121,12.11488,370,370
2017-02-03 13:29:49.387000,12.12081,12.11389,370,370
2017-02-03 13:29:49.518000,12.12081,12.11288,370,370
2017-02-03 13:29:49.669000,12.12212,12.11288,370,370
2017-02-03 13:29:50.045000,12.12162,12.11238,370,370
2017-02-03 13:29:50.306000,12.12139,12.11188,100,370
2017-02-03 13:29:50.357000,12.12129,12.11188,100,370
2017-02-03 13:29:50.407000,12.12202,12.11188,370,370
2017-02-03 13:29:50.610000,12.12128,12.11238,100,370
2017-02-03 13:29:50.660000,12.12111,12.11189,370,370
2017-02-03 13:29:51.462000,12.12049,12.11189,100,370
2017-02-03 13:29:52.056000,12.12049,12.11238,100,370
2017-02-03 13:29:52.222000,12.12049,12.11189,100,370
2017-02-03 13:29:52.932000,12.12049,12.11188,100,370
2017-02-03 13:29:53.400000,12.12148,12.11289,100,370
2017-02-03 13:29:53.725000,12.12048,12.11239,100,370
2017-02-03 13:29:54.105000,12.12048,12.11189,100,370
2017-02-03 13:29:54.599000,12.12048,12.11088,100,370
2017-02-03 13:29:55.293000,12.12048,12.11089,100,370
2017-02-03 13:29:55.807000,12.12048,12.11088,100,370
2017-02-03 13:29:55.959000,12.12148,12.11288,100,370
2017-02-03 13:29:56.114000,12.12049,12.11188,100,370
2017-02-03 13:29:56.831000,12.12012,12.11088,370,370
2017-02-03 13:29:56.950000,12.12048,12.11188,100,370
2017-02-03 13:29:58.547000,12.11912,12.10988,370,370
2017-02-03 13:29:58.701000,12.11999,12.11138,100,370
2017-02-03 13:29:58.996000,12.12099,12.11189,100,370
2017-02-03 13:29:59.047000,12.11999,12.11088,100,370
2017-02-03 13:29:59.159000,12.11642,12.10741,370,100
2017-02-03 13:29:59.265000,12.11642,12.10591,370,100
2017-02-03 13:29:59.366000,12.11748,12.10512,100,100
2017-02-03 13:29:59.597000,12.11749,12.10421,100,100
2017-02-03 13:29:59.676000,12.11699,12.10461,100,100
2017-02-03 13:29:59.877000,12.11599,12.10311,100,100
2017-02-03 13:30:00.028000,12.11778,12.10502,100,100
2017-02-03 13:30:00.129000,12.11779,12.10341,100,100
2017-02-03 13:30:00.521000,12.11131,12.10341,370,100
2017-02-03 13:30:01.097000,12.11779,12.10341,100,100
2017-02-03 13:30:01.198000,12.11132,12.10491,370,100
2017-02-03 13:30:01.349000,12.11639,12.10491,100,100
2017-02-03 13:30:01.500000,12.11319,12.09758,370,370
2017-02-03 13:30:01.551000,12.10119,12.09588,100,370
2017-02-03 13:30:01.930000,12.10021,12.08991,370,100
2017-02-03 13:30:02.024000,12.09908,12.08909,100,370
2017-02-03 13:30:02.303000,12.09992,12.08988,370,370
2017-02-03 13:30:02.482000,12.09788,12.08988,100,370
2017-02-03 13:30:02.533000,12.09788,12.08898,100,370
2017-02-03 13:30:02.649000,12.09912,12.08898,370,370
2017-02-03 13:30:02.766000,12.09869,12.08998,100,370
2017-02-03 13:30:03.076000,12.09669,12.08898,100,370
2017-02-03 13:30:03.184000,12.09568,12.08688,100,370
2017-02-03 13:30:03.284000,12.09488,12.08688,100,370
2017-02-03 13:30:03.638000,12.08838,12.08098,100,370
2017-02-03 13:30:03.688000,12.08838,12.07908,100,370
2017-02-03 13:30:03.739000,12.08922,12.07908,370,370
2017-02-03 13:30:03.789000,12.08938,12.08109,100,370
2017-02-03 13:30:04.073000,12.08838,12.07899,100,370
2017-02-03 13:30:04.124000,12.08939,12.07899,100,370
2017-02-03 13:30:04.273000,12.08712,12.07698,370,370
2017-02-03 13:30:04.622000,12.08689,12.07898,100,370
2017-02-03 13:30:04.698000,12.08818,12.07898,100,370
2017-02-03 13:30:04.835000,12.08568,12.07898,100,370
2017-02-03 13:30:05.005000,12.08418,12.07588,100,370
2017-02-03 13:30:05.176000,12.08728,12.07888,100,370
2017-02-03 13:30:05.318000,12.08789,12.07888,100,370
2017-02-03 13:30:05.369000,12.08788,12.07789,100,370
2017-02-03 13:30:05.495000,12.08818,12.07789,100,370
2017-02-03 13:30:05.546000,12.08802,12.07788,370,370
2017-02-03 13:30:05.938000,12.08601,12.07589,370,370
2017-02-03 13:30:05.989000,12.08718,12.07699,100,370
2017-02-03 13:30:06.383000,12.08549,12.07699,100,370
2017-02-03 13:30:06.694000,12.08119,12.07699,100,370
2017-02-03 13:30:06.795000,12.08218,12.07699,100,370
2017-02-03 13:30:06.897000,12.08329,12.07699,100,370
2017-02-03 13:30:07.053000,12.08208,12.07699,100,370
2017-02-03 13:30:07.356000,12.08159,12.0767,100,370
2017-02-03 13:30:07.406000,12.08259,12.07699,100,370
2017-02-03 13:30:07.718000,12.08208,12.07699,100,370
2017-02-03 13:30:08.055000,12.07918,12.0748,100,370
2017-02-03 13:30:08.257000,12.07679,12.06351,100,100
2017-02-03 13:30:08.358000,12.07918,12.06652,100,100
2017-02-03 13:30:08.701000,12.07932,12.07228,370,370
2017-02-03 13:30:08.822000,12.07682,12.06928,370,370
2017-02-03 13:30:08.973000,12.07981,12.07229,370,370
2017-02-03 13:30:09.217000,12.07782,12.07028,370,370
2017-02-03 13:30:09.318000,12.07881,12.07029,370,370
2017-02-03 13:30:09.470000,12.08092,12.07028,370,370
2017-02-03 13:30:09.571000,12.08151,12.07039,370,370
2017-02-03 13:30:09.870000,12.08332,12.07528,370,370
2017-02-03 13:30:10.086000,12.08481,12.07629,370,370
2017-02-03 13:30:10.238000,12.08481,12.07829,370,370
2017-02-03 13:30:10.339000,12.08632,12.07928,370,370
2017-02-03 13:30:10.528000,12.08882,12.08128,370,370
2017-02-03 13:30:10.580000,12.08882,12.08151,370,100
2017-02-03 13:30:10.630000,12.09469,12.08428,100,370
2017-02-03 13:30:10.681000,12.09572,12.08428,370,370
2017-02-03 13:30:10.732000,12.09521,12.08429,370,370
2017-02-03 13:30:11.039000,12.09531,12.08719,370,370
2017-02-03 13:30:11.374000,12.09732,12.08928,370,370
2017-02-03 13:30:11.680000,12.09732,12.09031,370,370
2017-02-03 13:30:11.905000,12.09932,12.09228,370,370
2017-02-03 13:30:11.956000,12.10082,12.09328,370,370
2017-02-03 13:30:12.108000,12.10181,12.09329,370,370
2017-02-03 13:30:12.335000,12.10632,12.09728,370,370
2017-02-03 13:30:12.385000,12.10632,12.10081,370,370
2017-02-03 13:30:12.436000,12.10632,12.09951,370,100
2017-02-03 13:30:12.487000,12.10922,12.10218,370,370
2017-02-03 13:30:12.638000,12.11022,12.10318,370,370
2017-02-03 13:30:12.739000,12.11682,12.10501,370,100
2017-02-03 13:30:12.910000,12.11682,12.10402,370,100
2017-02-03 13:30:12.961000,12.12712,12.11822,750,370
2017-02-03 13:30:13.012000,12.12628,12.11529,100,370
2017-02-03 13:30:13.130000,12.12611,12.11529,750,370
2017-02-03 13:30:13.641000,12.12508,12.11718,370,370
2017-02-03 13:30:14.034000,12.12419,12.11718,100,370
2017-02-03 13:30:14.121000,12.12472,12.11718,370,370
2017-02-03 13:30:14.203000,12.12288,12.11719,370,370
2017-02-03 13:30:14.257000,12.12418,12.11719,100,370
2017-02-03 13:30:14.308000,12.12271,12.11519,370,370
2017-02-03 13:30:14.409000,12.12469,12.11518,100,370
2017-02-03 13:30:14.460000,12.12459,12.11518,370,370
2017-02-03 13:30:14.688000,12.12611,12.11619,370,370
2017-02-03 13:30:14.859000,12.12611,12.11709,370,370
2017-02-03 13:30:14.916000,12.12912,12.11852,750,100
2017-02-03 13:30:14.967000,12.12912,12.12012,750,370
2017-02-03 13:30:15.293000,12.13261,12.12208,750,370
2017-02-03 13:30:15.445000,12.13251,12.12209,370,370
2017-02-03 13:30:15.868000,12.13071,12.12209,370,370
2017-02-03 13:30:16.183000,12.13021,12.12219,370,370
2017-02-03 13:30:16.500000,12.12958,12.12219,100,370
2017-02-03 13:30:16.550000,12.13021,12.12219,370,370
2017-02-03 13:30:17.694000,12.13037,12.12802,370,100
2017-02-03 13:30:18.120000,12.13362,12.13198,750,370
2017-02-03 13:30:18.473000,12.13339,12.1318,100,370
2017-02-03 13:30:18.794000,12.13139,12.1279,100,370
2017-02-03 13:30:18.895000,12.13239,12.13003,100,370
2017-02-03 13:30:19.097000,12.13338,12.13095,100,370
2017-02-03 13:30:19.218000,12.13238,12.13061,100,370
2017-02-03 13:30:19.394000,12.13238,12.13048,100,370
2017-02-03 13:30:19.495000,12.13339,12.12899,100,370
2017-02-03 13:30:19.648000,12.13412,12.12911,750,100
2017-02-03 13:30:19.813000,12.13138,12.12699,100,370
2017-02-03 13:30:19.873000,12.13339,12.12731,100,100
2017-02-03 13:30:19.923000,12.13339,12.12898,100,370
2017-02-03 13:30:19.974000,12.13412,12.12898,750,370
2017-02-03 13:30:20.179000,12.13412,12.12988,750,370
2017-02-03 13:30:20.529000,12.13039,12.12788,100,370
2017-02-03 13:30:20.585000,12.13338,12.12789,100,370
2017-02-03 13:30:20.686000,12.13238,12.12788,100,370
2017-02-03 13:30:20.996000,12.13139,12.12698,100,370
2017-02-03 13:30:21.306000,12.12839,12.12598,100,370
2017-02-03 13:30:21.508000,12.12938,12.12598,100,370
2017-02-03 13:30:21.609000,12.12838,12.12598,100,370
2017-02-03 13:30:21.659000,12.12939,12.12598,100,370
2017-02-03 13:30:21.760000,12.12839,12.12598,100,370
2017-02-03 13:30:21.867000,12.12839,12.12499,100,370
2017-02-03 13:30:22.044000,12.12639,12.12389,100,370
2017-02-03 13:30:22.095000,12.12639,12.12289,100,370
2017-02-03 13:30:22.146000,12.12739,12.12289,100,370
2017-02-03 13:30:22.196000,12.12438,12.12289,100,370
2017-02-03 13:30:22.247000,12.12438,12.12089,100,370
2017-02-03 13:30:22.348000,12.12539,12.12089,100,370
2017-02-03 13:30:22.513000,12.12439,12.12088,100,370
2017-02-03 13:30:22.614000,12.12438,12.11989,100,370
2017-02-03 13:30:22.664000,12.12339,12.11989,100,370
2017-02-03 13:30:22.995000,12.12238,12.11989,100,370
2017-02-03 13:30:23.045000,12.12238,12.11889,100,370
2017-02-03 13:30:23.164000,12.12239,12.11751,100,100
2017-02-03 13:30:23.349000,12.12139,12.11738,100,370
2017-02-03 13:30:23.452000,12.12139,12.11661,100,100
2017-02-03 13:30:23.503000,12.12059,12.11638,100,370
2017-02-03 13:30:23.709000,12.12039,12.11561,100,100
2017-02-03 13:30:23.824000,12.12039,12.11478,100,370
2017-02-03 13:30:23.925000,12.12138,12.11562,100,100
2017-02-03 13:30:23.976000,12.12039,12.11479,100,370
2017-02-03 13:30:24.130000,12.12138,12.11562,100,100
2017-02-03 13:30:24.218000,12.12032,12.11562,370,100
2017-02-03 13:30:24.268000,12.12032,12.11361,370,100
2017-02-03 13:30:24.386000,12.12032,12.11561,370,100
2017-02-03 13:30:24.437000,12.12139,12.11561,100,100
2017-02-03 13:30:24.488000,12.12239,12.11661,100,100
2017-02-03 13:30:24.790000,12.12139,12.11578,100,370
2017-02-03 13:30:25.176000,12.12138,12.11662,100,100
2017-02-03 13:30:25.228000,12.12239,12.11761,100,100
2017-02-03 13:30:25.279000,12.12329,12.11821,100,100
2017-02-03 13:30:25.548000,12.12329,12.11779,100,370
2017-02-03 13:30:25.599000,12.12439,12.11931,100,100
2017-02-03 13:30:25.800000,12.12439,12.11879,100,370
2017-02-03 13:30:26.001000,12.12539,12.12021,100,100
2017-02-03 13:30:26.360000,12.12388,12.11998,100,370
2017-02-03 13:30:26.411000,12.12439,12.11998,100,370
2017-02-03 13:30:26.870000,12.12439,12.11978,100,370
2017-02-03 13:30:26.951000,12.12439,12.11971,100,100
2017-02-03 13:30:27.108000,12.12448,12.11882,100,100
2017-02-03 13:30:27.164000,12.12448,12.11878,100,370
2017-02-03 13:30:27.315000,12.12349,12.11878,100,370
2017-02-03 13:30:27.366000,12.12349,12.11871,100,100
2017-02-03 13:30:27.417000,12.12449,12.11871,100,100
2017-02-03 13:30:27.517000,12.12348,12.11872,100,100
2017-02-03 13:30:27.568000,12.12349,12.11868,100,370
2017-02-03 13:30:27.619000,12.12448,12.11872,100,100
2017-02-03 13:30:27.758000,12.12348,12.11868,100,370
2017-02-03 13:30:27.859000,12.12148,12.11652,100,100
2017-02-03 13:30:28.347000,12.12148,12.11668,100,370
2017-02-03 13:30:28.469000,12.12148,12.11652,100,100
2017-02-03 13:30:28.687000,12.11989,12.11618,100,370
2017-02-03 13:30:28.737000,12.12049,12.11519,100,370
2017-02-03 13:30:28.894000,12.11979,12.11508,100,370
2017-02-03 13:30:29.003000,12.11979,12.11491,100,100
2017-02-03 13:30:29.107000,12.11879,12.11501,100,100
2017-02-03 13:30:29.158000,12.11999,12.11501,100,100
2017-02-03 13:30:29.209000,12.12048,12.11502,100,100
2017-02-03 13:30:29.310000,12.11949,12.11469,100,370
2017-02-03 13:30:29.524000,12.12048,12.11432,100,100
2017-02-03 13:30:29.574000,12.12049,12.11521,100,100
2017-02-03 13:30:29.676000,12.12031,12.11472,370,100
2017-02-03 13:30:29.778000,12.12048,12.11472,100,100
2017-02-03 13:30:30.093000,12.11948,12.11418,100,370
2017-02-03 13:30:30.268000,12.12049,12.11471,100,100
2017-02-03 13:30:30.320000,12.12049,12.11518,100,370
2017-02-03 13:30:30.667000,12.12182,12.11711,370,100
2017-02-03 13:30:30.719000,12.12249,12.11718,100,370
2017-02-03 13:30:30.876000,12.12249,12.11779,100,370
2017-02-03 13:30:31.218000,12.12079,12.11728,100,370
2017-02-03 13:30:31.740000,12.12248,12.11728,100,370
2017-02-03 13:30:31.976000,12.12112,12.11652,370,100
2017-02-03 13:30:32.027000,12.12248,12.11778,100,370
2017-02-03 13:30:32.130000,12.12139,12.11958,100,370
2017-02-03 13:30:32.180000,12.12239,12.11958,100,370
2017-02-03 13:30:32.300000,12.12239,12.12058,100,370
2017-02-03 13:30:32.407000,12.12229,12.11999,100,370
2017-02-03 13:30:32.458000,12.12179,12.11999,100,370
2017-02-03 13:30:32.559000,12.12139,12.11899,100,370
2017-02-03 13:30:32.610000,12.12119,12.11899,100,370
2017-02-03 13:30:32.865000,12.12158,12.11899,100,370
2017-02-03 13:30:32.915000,12.12158,12.11958,100,370
2017-02-03 13:30:33.066000,12.11998,12.11568,370,370
2017-02-03 13:30:33.117000,12.11619,12.11519,100,370
2017-02-03 13:30:33.168000,12.11998,12.11568,370,370
2017-02-03 13:30:33.218000,12.11672,12.11439,370,370
2017-02-03 13:30:33.319000,12.11538,12.11209,100,370
2017-02-03 13:30:33.370000,12.11488,12.11209,100,370
2017-02-03 13:30:33.420000,12.11539,12.11209,100,370
2017-02-03 13:30:33.471000,12.11589,12.11258,100,370
2017-02-03 13:30:33.578000,12.11539,12.11309,100,370
2017-02-03 13:30:33.903000,12.11339,12.11068,100,370
2017-02-03 13:30:33.954000,12.11429,12.11068,100,370
2017-02-03 13:30:34.005000,12.11528,12.11168,100,370
2017-02-03 13:30:34.257000,12.11479,12.11088,100,370
2017-02-03 13:30:34.358000,12.11479,12.11039,100,370
2017-02-03 13:30:34.408000,12.11142,12.11028,100,370
2017-02-03 13:30:34.459000,12.11229,12.11039,100,370
2017-02-03 13:30:34.646000,12.11088,12.10659,100,370
2017-02-03 13:30:34.697000,12.11139,12.10641,100,100
2017-02-03 13:30:34.749000,12.11139,12.10739,100,370
2017-02-03 13:30:34.952000,12.11248,12.10752,100,100
2017-02-03 13:30:35.003000,12.11298,12.10839,100,370
2017-02-03 13:30:35.154000,12.11228,12.10738,100,370
2017-02-03 13:30:35.488000,12.11328,12.10889,100,370
2017-02-03 13:30:35.551000,12.11328,12.10842,100,100
2017-02-03 13:30:35.601000,12.11371,12.10991,370,100
2017-02-03 13:30:35.652000,12.11489,12.11038,100,370
2017-02-03 13:30:35.753000,12.11539,12.11041,100,100
2017-02-03 13:30:35.803000,12.11538,12.11139,100,370
2017-02-03 13:30:35.904000,12.11571,12.11111,370,100
2017-02-03 13:30:36.005000,12.11538,12.11042,100,100
2017-02-03 13:30:36.055000,12.11538,12.11088,100,370
2017-02-03 13:30:36.256000,12.11588,12.11092,100,100
2017-02-03 13:30:36.308000,12.11588,12.11138,100,370
2017-02-03 13:30:36.632000,12.11498,12.11138,100,370
2017-02-03 13:30:36.683000,12.11589,12.11138,100,370
2017-02-03 13:30:36.938000,12.11498,12.11138,100,370
2017-02-03 13:30:37.102000,12.11589,12.11138,100,370
2017-02-03 13:30:37.313000,12.11599,12.11139,100,370
2017-02-03 13:30:37.364000,12.11589,12.11138,100,370
2017-02-03 13:30:37.734000,12.11499,12.11088,100,370
2017-02-03 13:30:37.898000,12.11599,12.11138,100,370
2017-02-03 13:30:37.949000,12.11599,12.11101,100,100
2017-02-03 13:30:37.999000,12.11589,12.11091,100,100
2017-02-03 13:30:38.302000,12.11349,12.11089,100,370
2017-02-03 13:30:38.352000,12.11349,12.10851,100,100
2017-02-03 13:30:38.457000,12.11349,12.10889,100,370
2017-02-03 13:30:38.776000,12.11409,12.11089,100,370
2017-02-03 13:30:38.877000,12.11409,12.10939,100,370
2017-02-03 13:30:38.928000,12.11471,12.10939,370,370
2017-02-03 13:30:38.978000,12.11448,12.10989,100,370
2017-02-03 13:30:39.191000,12.11528,12.11039,100,370
2017-02-03 13:30:39.292000,12.11142,12.11019,250,370
2017-02-03 13:30:39.393000,12.11249,12.11038,100,370
2017-02-03 13:30:39.559000,12.11249,12.10798,100,370
2017-02-03 13:30:39.716000,12.11249,12.10849,100,370
2017-02-03 13:30:39.766000,12.11319,12.10849,100,370
2017-02-03 13:30:39.867000,12.11319,12.10799,100,370
2017-02-03 13:30:39.970000,12.11318,12.10822,100,100
2017-02-03 13:30:40.071000,12.11378,12.10852,100,100
2017-02-03 13:30:40.124000,12.11378,12.10898,100,370
2017-02-03 13:30:40.391000,12.11609,12.11111,100,100
2017-02-03 13:30:40.551000,12.11519,12.11049,100,370
2017-02-03 13:30:40.860000,12.11832,12.11449,370,370
2017-02-03 13:30:40.910000,12.11869,12.11348,100,370
2017-02-03 13:30:41.011000,12.11882,12.11422,370,100
2017-02-03 13:30:41.212000,12.12038,12.11549,100,370
2017-02-03 13:30:41.355000,12.11928,12.11549,100,370
2017-02-03 13:30:41.665000,12.12029,12.11549,100,370
2017-02-03 13:30:41.865000,12.12029,12.11551,100,100
2017-02-03 13:30:42.199000,12.12301,12.12139,370,370
2017-02-03 13:30:42.249000,12.12611,12.12139,370,370
2017-02-03 13:30:42.300000,12.12529,12.12139,100,370
2017-02-03 13:30:42.362000,12.12422,12.12031,370,100
2017-02-03 13:30:42.463000,12.12289,12.11798,100,370
2017-02-03 13:30:42.688000,12.12289,12.11948,100,370
2017-02-03 13:30:42.739000,12.12289,12.11899,100,370
2017-02-03 13:30:42.839000,12.12288,12.11799,100,370
2017-02-03 13:30:42.890000,12.12288,12.11832,100,100
2017-02-03 13:30:42.941000,12.12331,12.11831,370,100
2017-02-03 13:30:42.991000,12.12492,12.12032,370,100
2017-02-03 13:30:43.243000,12.12428,12.11952,100,100
2017-02-03 13:30:43.477000,12.12419,12.11938,100,370
2017-02-03 13:30:43.528000,12.12468,12.12022,100,100
2017-02-03 13:30:43.837000,12.12492,12.12031,370,100
2017-02-03 13:30:43.890000,12.12491,12.12121,370,100
2017-02-03 13:30:44.092000,12.12442,12.12051,370,100
2017-02-03 13:30:44.143000,12.12579,12.12188,100,370
2017-02-03 13:30:44.312000,12.12669,12.12188,100,370
2017-02-03 13:30:44.425000,12.12722,12.12321,370,100
2017-02-03 13:30:44.991000,12.12722,12.12322,370,100
2017-02-03 13:30:45.301000,12.12722,12.12452,370,100
2017-02-03 13:30:45.522000,12.12722,12.12321,370,100
2017-02-03 13:30:45.573000,12.12722,12.12552,370,100
2017-02-03 13:30:45.681000,12.13042,12.12552,370,100
2017-02-03 13:30:45.731000,12.12999,12.12528,100,370
2017-02-03 13:30:45.941000,12.13058,12.12578,100,370
2017-02-03 13:30:45.992000,12.13058,12.12602,100,100
2017-02-03 13:30:46.147000,12.13108,12.12629,100,370
2017-02-03 13:30:46.452000,12.13161,12.12921,370,100
2017-02-03 13:30:46.755000,12.13212,12.13091,370,100
2017-02-03 13:30:46.977000,12.13659,12.13111,100,100
2017-02-03 13:30:47.028000,12.13478,12.12988,100,370
2017-02-03 13:30:47.078000,12.13478,12.12982,100,100
2017-02-03 13:30:47.129000,12.13369,12.12871,100,100
2017-02-03 13:30:47.179000,12.13269,12.12771,100,100
2017-02-03 13:30:47.349000,12.13328,12.12822,100,100
2017-02-03 13:30:47.399000,12.13201,12.12822,370,100
2017-02-03 13:30:47.450000,12.13328,12.12918,100,370
2017-02-03 13:30:47.603000,12.13279,12.12868,100,370
2017-02-03 13:30:47.704000,12.13279,12.12818,100,370
2017-02-03 13:30:47.816000,12.13328,12.12868,100,370
2017-02-03 13:30:48.158000,12.13228,12.12819,100,370
2017-02-03 13:30:48.259000,12.13329,12.12821,100,100
2017-02-03 13:30:48.313000,12.13279,12.12821,100,100
2017-02-03 13:30:48.465000,12.13229,12.12769,100,370
2017-02-03 13:30:48.617000,12.13029,12.12719,100,370
2017-02-03 13:30:48.816000,12.13169,12.12719,100,370
2017-02-03 13:30:48.868000,12.13169,12.12729,100,370
2017-02-03 13:30:48.918000,12.13221,12.12729,370,370
2017-02-03 13:30:48.969000,12.13228,12.12729,100,370
2017-02-03 13:30:49.022000,12.13228,12.12778,100,370
2017-02-03 13:30:49.123000,12.13079,12.12581,100,100
2017-02-03 13:30:49.174000,12.13079,12.12578,100,370
2017-02-03 13:30:49.225000,12.13112,12.12621,370,100
2017-02-03 13:30:49.615000,12.12859,12.12498,100,370
2017-02-03 13:30:49.666000,12.12812,12.12408,370,370
2017-02-03 13:30:49.778000,12.12719,12.12419,100,370
2017-02-03 13:30:49.929000,12.12808,12.12479,100,370
2017-02-03 13:30:49.980000,12.12758,12.12479,100,370
2017-02-03 13:30:50.030000,12.12758,12.12468,100,370
2017-02-03 13:30:50.081000,12.12678,12.12468,100,370
2017-02-03 13:30:50.418000,12.12969,12.12708,100,370
2017-02-03 13:30:50.469000,12.13059,12.12708,100,370
2017-02-03 13:30:50.531000,12.13059,12.12818,100,370
2017-02-03 13:30:50.581000,12.13219,12.12818,100,370
2017-02-03 13:30:50.684000,12.13151,12.12749,370,370
2017-02-03 13:30:50.842000,12.13202,12.12798,370,370
2017-02-03 13:30:50.893000,12.13168,12.12798,100,370
2017-02-03 13:30:50.943000,12.13252,12.12848,370,370
2017-02-03 13:30:50.994000,12.13228,12.12848,100,370
2017-02-03 13:30:51.301000,12.13128,12.12798,100,370
2017-02-03 13:30:51.618000,12.13079,12.12798,100,370
2017-02-03 13:30:51.668000,12.13178,12.12798,100,370
2017-02-03 13:30:51.799000,12.13118,12.12798,100,370
2017-02-03 13:30:51.928000,12.12941,12.12562,370,100
2017-02-03 13:30:51.979000,12.13042,12.12661,370,100
2017-02-03 13:30:52.096000,12.13092,12.12688,370,370
2017-02-03 13:30:52.147000,12.13079,12.12688,100,370
2017-02-03 13:30:52.198000,12.13092,12.12688,370,370
2017-02-03 13:30:52.248000,12.13129,12.12748,100,370
2017-02-03 13:30:52.356000,12.13102,12.12698,370,370
2017-02-03 13:30:52.727000,12.13152,12.12748,370,370
2017-02-03 13:30:53.032000,12.13229,12.12849,100,370
2017-02-03 13:30:53.133000,12.13501,12.13099,370,370
2017-02-03 13:30:53.263000,12.13592,12.13389,370,370
2017-02-03 13:30:53.367000,12.13791,12.13389,370,370
2017-02-03 13:30:53.512000,12.13812,12.13439,750,370
2017-02-03 13:30:53.562000,12.14062,12.13671,750,100
2017-02-03 13:30:53.618000,12.13912,12.13671,750,100
2017-02-03 13:30:53.923000,12.13949,12.13848,750,370
2017-02-03 13:30:54.455000,12.13912,12.13748,750,370
2017-02-03 13:30:54.556000,12.13929,12.13798,750,370
2017-02-03 13:30:54.831000,12.13917,12.13788,750,370
2017-02-03 13:30:55.032000,12.13894,12.13761,750,370
2017-02-03 13:30:55.133000,12.14309,12.13829,100,370
2017-02-03 13:30:55.185000,12.14219,12.13728,100,370
2017-02-03 13:30:55.287000,12.14262,12.13728,370,370
2017-02-03 13:30:55.337000,12.14269,12.13779,100,370
2017-02-03 13:30:55.660000,12.14269,12.13828,100,370
2017-02-03 13:30:55.711000,12.14399,12.13879,100,370
2017-02-03 13:30:55.812000,12.14399,12.13928,100,370
2017-02-03 13:30:55.971000,12.14309,12.13828,100,370
2017-02-03 13:30:56.074000,12.14309,12.13878,100,370
2017-02-03 13:30:56.241000,12.14409,12.13878,100,370
2017-02-03 13:30:56.590000,12.14319,12.13878,100,370
2017-02-03 13:30:56.741000,12.14368,12.13878,100,370
2017-02-03 13:30:56.792000,12.14412,12.13952,370,100
2017-02-03 13:30:56.843000,12.14412,12.13912,370,100
2017-02-03 13:30:56.894000,12.14462,12.13928,370,370
2017-02-03 13:30:56.945000,12.14478,12.13978,100,370
2017-02-03 13:30:57.088000,12.14478,12.13968,100,370
2017-02-03 13:30:57.139000,12.14602,12.14151,370,100
2017-02-03 13:30:57.240000,12.14702,12.14221,370,100
2017-02-03 13:30:57.291000,12.14669,12.14231,100,100
2017-02-03 13:30:57.397000,12.14751,12.14219,370,370
2017-02-03 13:30:57.505000,12.14769,12.14269,100,370
2017-02-03 13:30:57.828000,12.14749,12.14218,100,370
2017-02-03 13:30:57.929000,12.14751,12.14231,370,100
2017-02-03 13:30:58.030000,12.14949,12.14419,100,370
2017-02-03 13:30:58.181000,12.14952,12.14471,370,100
2017-02-03 13:30:58.282000,12.15039,12.14519,100,370
2017-02-03 13:30:58.333000,12.14959,12.14519,100,370
2017-02-03 13:30:58.523000,12.14949,12.14468,100,370
2017-02-03 13:30:58.624000,12.14788,12.14468,100,370
2017-02-03 13:30:58.675000,12.14788,12.14269,100,370
2017-02-03 13:30:58.725000,12.14801,12.14321,370,100
2017-02-03 13:30:58.776000,12.15029,12.14518,100,370
2017-02-03 13:30:59.042000,12.15002,12.14471,370,100
2017-02-03 13:30:59.204000,12.15029,12.14519,100,370
2017-02-03 13:30:59.519000,12.15151,12.14671,370,100
2017-02-03 13:30:59.569000,12.15211,12.14679,370,370
2017-02-03 13:30:59.632000,12.15148,12.14679,100,370
2017-02-03 13:30:59.733000,12.15148,12.14629,100,370
2017-02-03 13:30:59.885000,12.15069,12.14629,100,370
2017-02-03 13:31:00.009000,12.15069,12.14579,100,370
2017-02-03 13:31:00.059000,12.15111,12.14741,370,100
2017-02-03 13:31:00.220000,12.15351,12.14828,370,370
2017-02-03 13:31:00.282000,12.15268,12.14828,100,370
2017-02-03 13:31:00.333000,12.15261,12.14729,370,370
2017-02-03 13:31:00.383000,12.15261,12.14792,370,100
2017-02-03 13:31:00.484000,12.15322,12.14792,370,100
2017-02-03 13:31:00.585000,12.15218,12.14788,100,370
2017-02-03 13:31:00.636000,12.15218,12.14738,100,370
2017-02-03 13:31:00.736000,12.15309,12.14838,100,370
2017-02-03 13:31:00.787000,12.15359,12.14838,100,370
2017-02-03 13:31:00.948000,12.15372,12.14841,370,100
2017-02-03 13:31:00.999000,12.15421,12.14932,370,100
2017-02-03 13:31:01.201000,12.15312,12.14778,370,370
2017-02-03 13:31:01.352000,12.15269,12.14778,100,370
2017-02-03 13:31:01.738000,12.15259,12.14778,100,370
2017-02-03 13:31:02.004000,12.15178,12.14648,100,370
2017-02-03 13:31:02.155000,12.15232,12.14698,370,370
2017-02-03 13:31:02.206000,12.15232,12.14701,370,100
2017-02-03 13:31:02.507000,12.15269,12.14808,100,370
2017-02-03 13:31:02.717000,12.15472,12.15001,370,100
2017-02-03 13:31:02.768000,12.15472,12.15051,370,100
2017-02-03 13:31:02.919000,12.15658,12.15209,100,370
2017-02-03 13:31:02.970000,12.15799,12.15358,100,370
2017-02-03 13:31:03.122000,12.15708,12.15259,100,370
2017-02-03 13:31:03.253000,12.15771,12.15302,370,100
2017-02-03 13:31:03.304000,12.15858,12.15508,100,370
2017-02-03 13:31:03.355000,12.15809,12.15409,100,370
2017-02-03 13:31:03.406000,12.15699,12.15409,100,370
2017-02-03 13:31:03.456000,12.15758,12.15359,100,370
2017-02-03 13:31:03.507000,12.15858,12.15359,100,370
2017-02-03 13:31:03.608000,12.15808,12.15339,100,370
2017-02-03 13:31:03.759000,12.15808,12.15288,100,370
2017-02-03 13:31:04.048000,12.15759,12.15288,100,370
2017-02-03 13:31:04.310000,12.15839,12.15329,100,370
2017-02-03 13:31:04.411000,12.15839,12.15378,100,370
2017-02-03 13:31:04.462000,12.15912,12.15378,370,370
2017-02-03 13:31:04.563000,12.15838,12.15428,100,370
2017-02-03 13:31:04.857000,12.15979,12.15529,100,370
2017-02-03 13:31:05.080000,12.15878,12.15529,100,370
2017-02-03 13:31:05.337000,12.15728,12.15279,100,370
2017-02-03 13:31:05.437000,12.15589,12.15178,100,370
2017-02-03 13:31:05.488000,12.15562,12.15119,370,370
2017-02-03 13:31:05.630000,12.15562,12.15029,370,370
2017-02-03 13:31:05.680000,12.15729,12.15228,100,370
2017-02-03 13:31:05.988000,12.15572,12.15161,370,100
2017-02-03 13:31:06.107000,12.15522,12.15079,370,370
2017-02-03 13:31:06.158000,12.15521,12.15152,370,100
2017-02-03 13:31:06.430000,12.15521,12.15019,370,370
2017-02-03 13:31:06.531000,12.15521,12.15029,370,370
2017-02-03 13:31:06.836000,12.15429,12.15019,100,370
2017-02-03 13:31:06.987000,12.15562,12.15061,370,100
2017-02-03 13:31:07.148000,12.15562,12.15129,370,370
2017-02-03 13:31:07.356000,12.15512,12.15051,370,100
2017-02-03 13:31:07.407000,12.15512,12.15068,370,370
2017-02-03 13:31:07.709000,12.15362,12.14961,370,100
2017-02-03 13:31:07.977000,12.15462,12.15042,370,100
2017-02-03 13:31:08.038000,12.15411,12.15049,370,370
2017-02-03 13:31:08.139000,12.15362,12.14968,370,370
2017-02-03 13:31:08.240000,12.15262,12.14908,370,370
2017-02-03 13:31:08.392000,12.15311,12.14941,370,100
2017-02-03 13:31:08.548000,12.15261,12.14858,370,370
2017-02-03 13:31:08.652000,12.15261,12.14819,370,370
2017-02-03 13:31:08.703000,12.15161,12.14819,370,370
2017-02-03 13:31:08.863000,12.15161,12.14738,370,370
2017-02-03 13:31:08.914000,12.15162,12.14731,370,100
2017-02-03 13:31:08.966000,12.15112,12.14731,370,100
2017-02-03 13:31:09.068000,12.15112,12.14689,370,370
2017-02-03 13:31:09.224000,12.15111,12.14648,370,370
2017-02-03 13:31:09.277000,12.15078,12.14648,100,370
2017-02-03 13:31:09.718000,12.14719,12.14359,100,370
2017-02-03 13:31:09.768000,12.14661,12.14281,370,100
2017-02-03 13:31:09.819000,12.14619,12.14198,100,370
2017-02-03 13:31:09.870000,12.14562,12.14198,370,370
2017-02-03 13:31:09.920000,12.14562,12.14181,370,100
2017-02-03 13:31:10.168000,12.14512,12.14171,370,100
2017-02-03 13:31:10.218000,12.14512,12.14062,370,100
2017-02-03 13:31:10.403000,12.14402,12.14049,370,370
2017-02-03 13:31:10.454000,12.14402,12.14008,370,370
2017-02-03 13:31:10.555000,12.14312,12.13958,370,370
2017-02-03 13:31:10.657000,12.14402,12.13992,370,100
2017-02-03 13:31:10.763000,12.14351,12.13992,370,100
2017-02-03 13:31:10.864000,12.14351,12.13968,370,370
2017-02-03 13:31:10.915000,12.14352,12.13919,370,370
2017-02-03 13:31:11.129000,12.14252,12.13919,370,370
2017-02-03 13:31:11.180000,12.14252,12.13841,370,100
2017-02-03 13:31:11.285000,12.14252,12.13828,370,370
2017-02-03 13:31:11.336000,12.14252,12.13878,370,370
2017-02-03 13:31:11.437000,12.14252,12.13738,370,370
2017-02-03 13:31:11.538000,12.14252,12.13821,370,100
2017-02-03 13:31:11.639000,12.14252,12.13742,370,100
2017-02-03 13:31:11.949000,12.14298,12.13789,100,370
2017-02-03 13:31:12.252000,12.14162,12.13762,370,100
2017-02-03 13:31:12.302000,12.14212,12.13798,370,370
2017-02-03 13:31:12.403000,12.14212,12.13841,370,100
2017-02-03 13:31:12.454000,12.14262,12.13848,370,370
2017-02-03 13:31:12.857000,12.14311,12.13899,370,370
2017-02-03 13:31:13.197000,12.14212,12.13798,370,370
2017-02-03 13:31:13.248000,12.14162,12.13751,370,100
2017-02-03 13:31:13.400000,12.14112,12.13698,370,370
2017-02-03 13:31:13.589000,12.14012,12.13598,370,370
2017-02-03 13:31:13.922000,12.14062,12.13648,370,370
2017-02-03 13:31:14.231000,12.13962,12.13548,370,370
2017-02-03 13:31:14.557000,12.13812,12.13398,370,370
2017-02-03 13:31:14.860000,12.13662,12.13322,370,100
2017-02-03 13:31:14.911000,12.13761,12.13349,370,370
2017-02-03 13:31:15.163000,12.13861,12.13449,370,370
2017-02-03 13:31:15.486000,12.13862,12.13492,370,100
2017-02-03 13:31:15.588000,12.13912,12.13498,370,370
2017-02-03 13:31:15.689000,12.13861,12.13491,370,100
2017-02-03 13:31:15.791000,12.13861,12.13449,370,370
2017-02-03 13:31:15.892000,12.13812,12.13398,370,370
2017-02-03 13:31:16.437000,12.13812,12.13451,370,100
2017-02-03 13:31:16.767000,12.13812,12.13501,370,100
2017-02-03 13:31:16.875000,12.13799,12.13411,100,100
2017-02-03 13:31:16.976000,12.13811,12.13461,370,100
2017-02-03 13:31:17.077000,12.13809,12.13411,100,100
2017-02-03 13:31:17.244000,12.13811,12.13461,370,100
2017-02-03 13:31:17.427000,12.13861,12.13501,370,100
2017-02-03 13:31:17.528000,12.13899,12.13511,100,100
2017-02-03 13:31:17.579000,12.13911,12.13551,370,100
2017-02-03 13:31:17.882000,12.13962,12.13762,370,100
2017-02-03 13:31:17.932000,12.14161,12.13762,370,100
2017-02-03 13:31:18.033000,12.14161,12.13831,370,100
2017-02-03 13:31:18.169000,12.14262,12.13848,370,370
2017-02-03 13:31:18.219000,12.14161,12.13771,370,100
2017-02-03 13:31:18.371000,12.14261,12.13849,370,370
2017-02-03 13:31:18.422000,12.14199,12.13849,100,370
2017-02-03 13:31:18.472000,12.14112,12.13709,370,370
2017-02-03 13:31:18.573000,12.14112,12.13698,370,370
2017-02-03 13:31:18.624000,12.14162,12.13781,370,100
2017-02-03 13:31:19.084000,12.14101,12.13781,370,100
2017-02-03 13:31:19.134000,12.14051,12.13649,370,370
2017-02-03 13:31:19.235000,12.13862,12.13542,370,100
2017-02-03 13:31:19.554000,12.13962,12.13601,370,100
2017-02-03 13:31:19.760000,12.13962,12.13548,370,370
2017-02-03 13:31:19.912000,12.13861,12.13449,370,370
2017-02-03 13:31:19.982000,12.13762,12.13348,370,370
2017-02-03 13:31:20.083000,12.13711,12.13342,370,100
2017-02-03 13:31:20.252000,12.13762,12.13348,370,370
2017-02-03 13:31:20.303000,12.13762,12.13392,370,100
2017-02-03 13:31:20.403000,12.13862,12.13448,370,370
2017-02-03 13:31:20.504000,12.13862,12.13491,370,100
2017-02-03 13:31:20.847000,12.13861,12.13542,370,100
2017-02-03 13:31:21.158000,12.13952,12.13652,370,100
2017-02-03 13:31:21.536000,12.13952,12.13751,370,100
2017-02-03 13:31:21.638000,12.13952,12.13741,370,100
2017-02-03 13:31:21.689000,12.13955,12.13791,370,100
2017-02-03 13:31:21.840000,12.13952,12.13741,370,100
2017-02-03 13:31:21.898000,12.14001,12.13741,370,100
2017-02-03 13:31:21.949000,12.14062,12.13741,370,100
2017-02-03 13:31:22.050000,12.14052,12.13741,370,100
2017-02-03 13:31:22.327000,12.14152,12.13768,370,370
2017-02-03 13:31:22.429000,12.14102,12.13742,370,100
2017-02-03 13:31:22.732000,12.14202,12.13818,370,370
2017-02-03 13:31:22.898000,12.14301,12.13919,370,370
2017-02-03 13:31:23.224000,12.14501,12.14119,370,370
2017-02-03 13:31:23.274000,12.14552,12.14168,370,370
2017-02-03 13:31:23.426000,12.14452,12.14068,370,370
2017-02-03 13:31:23.728000,12.14662,12.14391,370,100
2017-02-03 13:31:23.779000,12.14662,12.14292,370,100
2017-02-03 13:31:23.880000,12.14661,12.14402,370,100
2017-02-03 13:31:24.049000,12.14651,12.14341,370,100
2017-02-03 13:31:24.150000,12.14651,12.14249,370,370
2017-02-03 13:31:24.200000,12.14541,12.14201,370,100
2017-02-03 13:31:24.251000,12.14541,12.14141,370,100
2017-02-03 13:31:24.352000,12.14501,12.14141,370,100
2017-02-03 13:31:24.691000,12.14451,12.14192,370,100
2017-02-03 13:31:24.794000,12.14552,12.14148,370,370
2017-02-03 13:31:24.845000,12.14501,12.14102,370,100
2017-02-03 13:31:25.147000,12.14401,12.14041,370,100
2017-02-03 13:31:25.198000,12.14401,12.14029,370,370
2017-02-03 13:31:25.299000,12.14352,12.13998,370,370
2017-02-03 13:31:25.463000,12.14352,12.13991,370,100
2017-02-03 13:31:25.515000,12.14251,12.13879,370,370
2017-02-03 13:31:25.595000,12.14201,12.13839,370,370
2017-02-03 13:31:25.899000,12.14251,12.13901,370,100
2017-02-03 13:31:26.270000,12.14191,12.13902,370,100
2017-02-03 13:31:26.574000,12.14352,12.14191,370,100
2017-02-03 13:31:26.624000,12.14352,12.14078,370,370
2017-02-03 13:31:26.675000,12.14352,12.14158,370,370
2017-02-03 13:31:26.794000,12.14352,12.14041,370,100
2017-02-03 13:31:26.845000,12.14352,12.13968,370,370
2017-02-03 13:31:26.899000,12.14352,12.13948,370,370
2017-02-03 13:31:27.108000,12.14352,12.13991,370,100
2017-02-03 13:31:27.159000,12.14352,12.13948,370,370
2017-02-03 13:31:27.511000,12.14338,12.13948,100,370
2017-02-03 13:31:27.663000,12.14349,12.13948,100,370
2017-02-03 13:31:28.176000,12.14348,12.14139,100,370
2017-02-03 13:31:28.227000,12.14202,12.13832,370,100
2017-02-03 13:31:28.277000,12.14152,12.13832,370,100
2017-02-03 13:31:28.429000,12.14201,12.13831,370,100
2017-02-03 13:31:28.596000,12.14202,12.13868,370,370
2017-02-03 13:31:28.700000,12.14252,12.13868,370,370
2017-02-03 13:31:28.822000,12.14252,12.13848,370,370
2017-02-03 13:31:28.872000,12.14202,12.13831,370,100
2017-02-03 13:31:28.974000,12.14251,12.13849,370,370
2017-02-03 13:31:29.025000,12.14251,12.13868,370,370
2017-02-03 13:31:29.125000,12.14241,12.13851,370,100
2017-02-03 13:31:29.226000,12.14192,12.13868,370,370
2017-02-03 13:31:29.382000,12.14242,12.13848,370,370
2017-02-03 13:31:29.484000,12.14192,12.13838,370,370
2017-02-03 13:31:29.624000,12.14192,12.13819,370,370
2017-02-03 13:31:29.675000,12.14242,12.13851,370,100
2017-02-03 13:31:29.726000,12.14242,12.13912,370,100
2017-02-03 13:31:29.776000,12.14341,12.13949,370,370
2017-02-03 13:31:29.878000,12.14291,12.13962,370,100
2017-02-03 13:31:30.029000,12.14352,12.13962,370,100
2017-02-03 13:31:30.282000,12.14252,12.13938,370,370
2017-02-03 13:31:30.541000,12.14241,12.13879,370,370
2017-02-03 13:31:30.592000,12.14238,12.13859,100,370
2017-02-03 13:31:30.650000,12.14141,12.13839,370,370
2017-02-03 13:31:30.952000,12.14241,12.13932,370,100
2017-02-03 13:31:31.419000,12.14229,12.13859,100,370
2017-02-03 13:31:31.470000,12.14241,12.13981,370,100
2017-02-03 13:31:31.773000,12.14192,12.14031,370,100
2017-02-03 13:31:31.875000,12.14192,12.13982,370,100
2017-02-03 13:31:31.926000,12.14329,12.13958,100,370
2017-02-03 13:31:31.976000,12.14228,12.13928,100,370
2017-02-03 13:31:32.201000,12.14242,12.13871,370,100
2017-02-03 13:31:32.354000,12.14241,12.13931,370,100
2017-02-03 13:31:32.455000,12.14342,12.13948,370,370
2017-02-03 13:31:32.835000,12.14291,12.13958,370,370
2017-02-03 13:31:32.937000,12.14291,12.13908,370,370
2017-02-03 13:31:33.109000,12.14241,12.13908,370,370
2017-02-03 13:31:33.159000,12.14241,12.13872,370,100
2017-02-03 13:31:33.210000,12.14192,12.13872,370,100
2017-02-03 13:31:33.260000,12.14242,12.13872,370,100
2017-02-03 13:31:33.311000,12.14242,12.13858,370,370
2017-02-03 13:31:33.412000,12.14142,12.13781,370,100
2017-02-03 13:31:33.763000,12.14091,12.13781,370,100
2017-02-03 13:31:33.864000,12.14141,12.13781,370,100
2017-02-03 13:31:34.243000,12.14091,12.13781,370,100
2017-02-03 13:31:34.448000,12.14042,12.13681,370,100
2017-02-03 13:31:34.605000,12.14041,12.13659,370,370
2017-02-03 13:31:34.715000,12.13791,12.13578,370,370
2017-02-03 13:31:34.816000,12.13791,12.13429,370,370
2017-02-03 13:31:34.867000,12.13742,12.13429,370,370
2017-02-03 13:31:34.917000,12.13742,12.13372,370,100
2017-02-03 13:31:35.127000,12.13742,12.13478,370,370
2017-02-03 13:31:35.228000,12.13742,12.13442,370,100
2017-02-03 13:31:35.535000,12.13742,12.13392,370,100
2017-02-03 13:31:35.586000,12.13692,12.13341,370,100
2017-02-03 13:31:35.687000,12.13592,12.13309,370,370
2017-02-03 13:31:35.738000,12.13592,12.13282,370,100
2017-02-03 13:31:36.034000,12.13642,12.13292,370,100
2017-02-03 13:31:36.085000,12.13591,12.13292,370,100
2017-02-03 13:31:36.135000,12.13579,12.13229,100,370
2017-02-03 13:31:36.186000,12.13402,12.13229,370,370
2017-02-03 13:31:36.237000,12.13402,12.13071,370,100
2017-02-03 13:31:36.290000,12.13402,12.13122,370,100
2017-02-03 13:31:36.340000,12.13402,12.13022,370,100
2017-02-03 13:31:36.441000,12.13402,12.13081,370,100
2017-02-03 13:31:36.869000,12.13491,12.13171,370,100
2017-02-03 13:31:37.002000,12.13641,12.13269,370,370
2017-02-03 13:31:37.153000,12.13552,12.13239,370,370
2017-02-03 13:31:37.254000,12.13552,12.13178,370,370
2017-02-03 13:31:37.305000,12.13542,12.13178,370,370
2017-02-03 13:31:37.614000,12.13592,12.13262,370,100
2017-02-03 13:31:37.783000,12.13641,12.13279,370,370
2017-02-03 13:31:38.063000,12.13592,12.13262,370,100
2017-02-03 13:31:38.215000,12.13642,12.13278,370,370
2017-02-03 13:31:38.373000,12.13602,12.13262,370,100
2017-02-03 13:31:38.474000,12.13652,12.13288,370,370
2017-02-03 13:31:38.666000,12.13602,12.13238,370,370
2017-02-03 13:31:38.968000,12.13642,12.13461,370,100
2017-02-03 13:31:39.019000,12.13831,12.13469,750,370
2017-02-03 13:31:39.125000,12.13832,12.13531,370,100
2017-02-03 13:31:39.276000,12.13832,12.13521,370,100
2017-02-03 13:31:39.472000,12.13832,12.13532,370,100
2017-02-03 13:31:39.523000,12.13841,12.13532,370,100
2017-02-03 13:31:39.577000,12.13819,12.13479,100,370
2017-02-03 13:31:39.628000,12.13841,12.13479,370,370
2017-02-03 13:31:39.679000,12.13742,12.13428,370,370
2017-02-03 13:31:39.729000,12.13742,12.13378,370,370
2017-02-03 13:31:39.780000,12.13791,12.13429,370,370
2017-02-03 13:31:40.085000,12.13722,12.13438,370,750
2017-02-03 13:31:40.428000,12.13671,12.13389,370,370
2017-02-03 13:31:40.731000,12.13741,12.13611,370,100
2017-02-03 13:31:40.832000,12.14001,12.13719,370,370
2017-02-03 13:31:40.946000,12.14031,12.13749,370,370
2017-02-03 13:31:41.154000,12.14072,12.13788,370,370
2017-02-03 13:31:41.255000,12.14052,12.13779,370,370
2017-02-03 13:31:41.356000,12.14072,12.13788,370,370
2017-02-03 13:31:41.561000,12.14012,12.13779,370,370
2017-02-03 13:31:41.662000,12.14041,12.13779,370,370
2017-02-03 13:31:41.763000,12.14012,12.13779,370,370
2017-02-03 13:31:41.940000,12.14011,12.13729,370,370
2017-02-03 13:31:42.013000,12.14011,12.13761,370,100
2017-02-03 13:31:42.064000,12.14041,12.13761,370,100
2017-02-03 13:31:42.115000,12.14041,12.13778,370,370
2017-02-03 13:31:42.165000,12.14122,12.13838,370,370
2017-02-03 13:31:42.216000,12.14122,12.13869,370,370
2017-02-03 13:31:42.266000,12.14132,12.13869,370,370
2017-02-03 13:31:42.367000,12.14152,12.13868,370,370
2017-02-03 13:31:42.468000,12.14112,12.13828,370,370
2017-02-03 13:31:42.770000,12.14042,12.13868,370,370
2017-02-03 13:31:43.009000,12.13912,12.13628,370,370
2017-02-03 13:31:43.161000,12.13842,12.13668,370,370
2017-02-03 13:31:43.273000,12.13832,12.13548,370,370
2017-02-03 13:31:43.433000,12.13791,12.13528,370,370
2017-02-03 13:31:43.536000,12.13792,12.13508,370,370
2017-02-03 13:31:43.586000,12.13792,12.13562,370,100
2017-02-03 13:31:43.738000,12.14142,12.13858,750,370
2017-02-03 13:31:43.901000,12.14152,12.13938,370,370
2017-02-03 13:31:43.952000,12.14202,12.13938,370,370
2017-02-03 13:31:44.056000,12.14292,12.14018,370,370
2017-02-03 13:31:44.107000,12.14232,12.14018,370,370
2017-02-03 13:31:44.160000,12.14232,12.13989,370,370
2017-02-03 13:31:44.234000,12.14111,12.13839,370,370
2017-02-03 13:31:44.335000,12.14181,12.13899,370,370
2017-02-03 13:31:44.438000,12.14231,12.13949,370,370
2017-02-03 13:31:44.739000,12.14321,12.14039,370,370
2017-02-03 13:31:45.062000,12.14371,12.14188,370,370
2017-02-03 13:31:45.163000,12.14542,12.14258,750,370
2017-02-03 13:31:45.214000,12.14542,12.14289,370,370
2017-02-03 13:31:45.367000,12.14612,12.14328,370,370
2017-02-03 13:31:45.695000,12.14571,12.14361,370,100
2017-02-03 13:31:45.746000,12.14522,12.14258,370,370
2017-02-03 13:31:45.864000,12.14532,12.14308,370,370
2017-02-03 13:31:45.965000,12.14582,12.14308,370,370
2017-02-03 13:31:46.016000,12.14582,12.14359,370,370
2017-02-03 13:31:46.066000,12.14611,12.14359,370,370
2017-02-03 13:31:46.117000,12.14611,12.14329,370,370
2017-02-03 13:31:46.229000,12.14602,12.14318,370,370
2017-02-03 13:31:46.386000,12.14519,12.14318,100,370
2017-02-03 13:31:46.694000,12.14432,12.14308,370,370
2017-02-03 13:31:46.848000,12.14501,12.14308,370,370
2017-02-03 13:31:46.899000,12.14489,12.14308,100,370
2017-02-03 13:31:46.949000,12.14461,12.14189,370,370
2017-02-03 13:31:47.050000,12.14432,12.14148,370,370
2017-02-03 13:31:47.265000,12.14412,12.14148,370,370
2017-02-03 13:31:47.316000,12.14352,12.14068,370,370
2017-02-03 13:31:47.366000,12.14381,12.14099,370,370
2017-02-03 13:31:47.668000,12.14272,12.14158,370,370
2017-02-03 13:31:47.769000,12.14352,12.14158,370,370
2017-02-03 13:31:47.870000,12.14512,12.14228,750,370
2017-02-03 13:31:47.976000,12.14462,12.14198,370,370
2017-02-03 13:31:48.077000,12.14431,12.14149,370,370
2017-02-03 13:31:48.271000,12.14342,12.14109,370,370
2017-02-03 13:31:48.321000,12.14392,12.14109,370,370
2017-02-03 13:31:48.372000,12.14402,12.14158,370,370
2017-02-03 13:31:48.574000,12.14492,12.14208,370,370
2017-02-03 13:31:48.624000,12.14492,12.14218,370,370
2017-02-03 13:31:48.675000,12.14562,12.14278,750,370
2017-02-03 13:31:48.725000,12.14511,12.14278,370,370
2017-02-03 13:31:48.776000,12.14511,12.14229,750,370
2017-02-03 13:31:48.854000,12.14441,12.14169,370,370
2017-02-03 13:31:48.955000,12.14442,12.14158,370,370
2017-02-03 13:31:49.058000,12.14412,12.14138,370,370
2017-02-03 13:31:49.204000,12.14401,12.14119,370,370
2017-02-03 13:31:49.256000,12.14451,12.14169,370,370
2017-02-03 13:31:49.458000,12.14512,12.14228,370,370
2017-02-03 13:31:49.677000,12.14462,12.14218,370,370
2017-02-03 13:31:49.778000,12.14462,12.14189,370,370
2017-02-03 13:31:49.829000,12.14411,12.14189,370,370
2017-02-03 13:31:49.879000,12.14401,12.14119,370,370
2017-02-03 13:31:49.985000,12.14342,12.14172,370,100
2017-02-03 13:31:50.304000,12.14651,12.14459,370,370
2017-02-03 13:31:50.355000,12.14651,12.14468,370,370
2017-02-03 13:31:50.405000,12.14702,12.14468,370,370
2017-02-03 13:31:50.477000,12.14712,12.14459,370,370
2017-02-03 13:31:50.578000,12.14712,12.14438,370,370
2017-02-03 13:31:50.629000,12.14682,12.14438,370,370
2017-02-03 13:31:50.680000,12.14651,12.14369,370,370
2017-02-03 13:31:50.898000,12.14681,12.14429,370,370
2017-02-03 13:31:50.971000,12.14711,12.14429,370,370
2017-02-03 13:31:51.085000,12.14722,12.14438,370,370
2017-02-03 13:31:51.186000,12.14722,12.14472,370,100
2017-02-03 13:31:51.287000,12.14742,12.14472,370,100
2017-02-03 13:31:51.412000,12.14701,12.14472,370,100
2017-02-03 13:31:51.513000,12.14781,12.14539,370,370
2017-02-03 13:31:51.613000,12.14781,12.14549,370,370
2017-02-03 13:31:51.923000,12.14781,12.14668,370,370
2017-02-03 13:31:52.024000,12.14961,12.14679,370,750
2017-02-03 13:31:52.074000,12.14911,12.14679,370,370
2017-02-03 13:31:52.125000,12.14911,12.14669,370,370
2017-02-03 13:31:52.241000,12.14992,12.14708,370,370
2017-02-03 13:31:52.394000,12.14901,12.14669,370,370
2017-02-03 13:31:52.625000,12.14901,12.14631,370,100
2017-02-03 13:31:52.796000,12.14892,12.14679,370,370
2017-02-03 13:31:52.897000,12.14932,12.14669,370,370
2017-02-03 13:31:52.998000,12.14832,12.14678,370,370
2017-02-03 13:31:53.099000,12.14832,12.14548,750,370
2017-02-03 13:31:53.199000,12.14811,12.14532,370,100
2017-02-03 13:31:53.250000,12.14811,12.14529,370,370
2017-02-03 13:31:53.301000,12.14802,12.14518,370,370
2017-02-03 13:31:53.401000,12.14731,12.14448,370,370
2017-02-03 13:31:53.777000,12.14711,12.14571,370,100
2017-02-03 13:31:53.827000,12.14781,12.14571,370,100
2017-02-03 13:31:53.928000,12.14821,12.14579,370,370
2017-02-03 13:31:53.979000,12.14931,12.14668,370,370
2017-02-03 13:31:54.080000,12.14952,12.14669,370,370
2017-02-03 13:31:54.131000,12.14952,12.14681,370,100
2017-02-03 13:31:54.282000,12.14922,12.14638,370,370
2017-02-03 13:31:54.384000,12.14892,12.14619,370,370
2017-02-03 13:31:54.435000,12.14892,12.14608,370,370
2017-02-03 13:31:54.485000,12.14881,12.14599,370,370
2017-02-03 13:31:54.863000,12.14781,12.14499,370,370
2017-02-03 13:31:55.328000,12.14802,12.14518,750,370
2017-02-03 13:31:55.532000,12.14802,12.14561,370,100
2017-02-03 13:31:55.583000,12.14812,12.14561,370,100
2017-02-03 13:31:55.634000,12.14812,12.14668,370,370
2017-02-03 13:31:55.684000,12.14922,12.14668,370,370
2017-02-03 13:31:55.796000,12.14962,12.14678,370,370
2017-02-03 13:31:55.897000,12.14972,12.14688,370,370
2017-02-03 13:31:56.223000,12.14931,12.14668,370,370
2017-02-03 13:31:56.324000,12.14941,12.14668,370,370
2017-02-03 13:31:56.374000,12.14839,12.14668,100,370
2017-02-03 13:31:56.677000,12.14761,12.14661,370,370
2017-02-03 13:31:57.010000,12.14831,12.14668,370,370
2017-02-03 13:31:57.111000,12.14661,12.14561,370,370
2017-02-03 13:31:57.164000,12.14812,12.14568,370,370
2017-02-03 13:31:57.215000,12.14812,12.14539,370,370
2017-02-03 13:31:57.286000,12.14772,12.14488,370,370
2017-02-03 13:31:57.386000,12.14751,12.14478,370,370
2017-02-03 13:31:57.684000,12.14821,12.14539,370,370
2017-02-03 13:31:57.785000,12.14772,12.14488,370,370
2017-02-03 13:31:57.836000,12.14841,12.14629,370,370
2017-02-03 13:31:57.987000,12.14792,12.14578,370,370
2017-02-03 13:31:58.088000,12.14912,12.14649,370,370
2017-02-03 13:31:58.189000,12.14862,12.14628,370,370
2017-02-03 13:31:58.507000,12.14782,12.14498,370,370
2017-02-03 13:31:58.617000,12.14741,12.14478,370,370
2017-02-03 13:31:58.725000,12.14771,12.14489,370,370
2017-02-03 13:31:58.832000,12.14781,12.14499,370,370
2017-02-03 13:31:59.141000,12.14961,12.14778,370,370
2017-02-03 13:31:59.192000,12.14991,12.14778,370,370
2017-02-03 13:31:59.243000,12.14991,12.14861,370,100
2017-02-03 13:31:59.395000,12.15201,12.14979,370,370
2017-02-03 13:31:59.496000,12.15112,12.14979,370,370
2017-02-03 13:31:59.547000,12.15112,12.14879,370,370
2017-02-03 13:31:59.734000,12.15071,12.14879,370,370
2017-02-03 13:31:59.835000,12.15082,12.14879,370,370
2017-02-03 13:31:59.937000,12.15131,12.14849,370,370
2017-02-03 13:31:59.995000,12.15092,12.14828,370,370
2017-02-03 13:32:00.046000,12.15092,12.14808,370,370
2017-02-03 13:32:00.176000,12.15092,12.14828,370,370
2017-02-03 13:32:00.497000,12.15171,12.14979,370,370
2017-02-03 13:32:00.598000,12.15212,12.14978,370,370
2017-02-03 13:32:00.699000,12.15262,12.14978,370,750
2017-02-03 13:32:00.915000,12.15262,12.15079,370,370
2017-02-03 13:32:00.965000,12.15312,12.15028,370,750
2017-02-03 13:32:01.016000,12.15282,12.15028,370,370
2017-02-03 13:32:01.066000,12.15282,12.14998,370,370
2017-02-03 13:32:01.117000,12.15261,12.14979,370,370
2017-02-03 13:32:01.419000,12.15342,12.15058,370,370
2017-02-03 13:32:01.503000,12.15322,12.15038,370,370
2017-02-03 13:32:01.841000,12.15362,12.15098,370,370
2017-02-03 13:32:02.154000,12.15362,12.15178,370,370
2017-02-03 13:32:02.205000,12.15362,12.15099,370,370
2017-02-03 13:32:02.386000,12.15461,12.15271,370,100
2017-02-03 13:32:02.544000,12.15602,12.15379,370,370
2017-02-03 13:32:02.605000,12.15662,12.15379,370,370
2017-02-03 13:32:02.709000,12.15651,12.15379,370,370
2017-02-03 13:32:03.011000,12.15801,12.15529,370,370
2017-02-03 13:32:03.265000,12.15831,12.15549,370,370
2017-02-03 13:32:03.315000,12.15791,12.15529,370,370
2017-02-03 13:32:03.517000,12.15922,12.15638,370,370
2017-02-03 13:32:03.617000,12.15882,12.15638,370,370
2017-02-03 13:32:03.718000,12.15821,12.15558,370,370
2017-02-03 13:32:03.769000,12.15821,12.15658,370,370
2017-02-03 13:32:03.969000,12.15901,12.15648,370,370
2017-02-03 13:32:04.070000,12.15932,12.15649,370,370
2017-02-03 13:32:04.120000,12.15892,12.15649,370,370
2017-02-03 13:32:04.221000,12.15932,12.15648,370,750
2017-02-03 13:32:04.322000,12.15942,12.15658,370,370
2017-02-03 13:32:04.694000,12.15872,12.15648,370,370
2017-02-03 13:32:04.745000,12.15942,12.15658,370,370
2017-02-03 13:32:04.947000,12.15951,12.15669,370,370
2017-02-03 13:32:05.052000,12.15972,12.15688,750,370
2017-02-03 13:32:05.114000,12.15972,12.15709,370,370
2017-02-03 13:32:05.266000,12.15972,12.15698,370,370
2017-02-03 13:32:05.316000,12.15972,12.15729,370,370
2017-02-03 13:32:05.417000,12.15972,12.15688,750,370
2017-02-03 13:32:05.588000,12.15972,12.15798,370,370
2017-02-03 13:32:05.638000,12.16032,12.15798,370,370
2017-02-03 13:32:05.689000,12.16032,12.15748,370,750
2017-02-03 13:32:05.739000,12.16052,12.15768,370,370
2017-02-03 13:32:06.046000,12.15862,12.15578,370,370
2017-02-03 13:32:06.361000,12.15862,12.15741,370,370
2017-02-03 13:32:06.562000,12.15901,12.15741,370,370
2017-02-03 13:32:06.613000,12.15901,12.15709,370,370
2017-02-03 13:32:06.719000,12.15901,12.15699,370,370
2017-02-03 13:32:06.827000,12.15901,12.15668,370,370
2017-02-03 13:32:06.930000,12.15901,12.15658,370,370
2017-02-03 13:32:07.085000,12.15981,12.15699,370,370
2017-02-03 13:32:07.135000,12.16001,12.15729,370,370
2017-02-03 13:32:07.338000,12.16002,12.15718,370,750
2017-02-03 13:32:07.439000,12.16011,12.15729,370,370
2017-02-03 13:32:07.540000,12.16052,12.15769,370,370
2017-02-03 13:32:07.650000,12.16042,12.15758,370,370
2017-02-03 13:32:07.751000,12.16001,12.15719,750,370
2017-02-03 13:32:08.074000,12.16062,12.15778,370,370
2017-02-03 13:32:08.125000,12.16082,12.15918,370,370
2017-02-03 13:32:08.226000,12.16182,12.15918,370,370
2017-02-03 13:32:08.326000,12.16201,12.15919,750,370
2017-02-03 13:32:08.538000,12.16199,12.15919,100,370
2017-02-03 13:32:08.640000,12.16111,12.15829,370,370
2017-02-03 13:32:08.741000,12.16102,12.15869,370,370
2017-02-03 13:32:08.842000,12.16162,12.15878,370,370
2017-02-03 13:32:08.892000,12.16151,12.15878,370,370
2017-02-03 13:32:08.943000,12.16151,12.15869,750,370
2017-02-03 13:32:09.044000,12.16152,12.15878,370,370
2017-02-03 13:32:09.379000,12.16172,12.15969,370,370
2017-02-03 13:32:09.429000,12.16242,12.15969,370,370
2017-02-03 13:32:09.530000,12.16121,12.15918,370,370
2017-02-03 13:32:09.631000,12.16142,12.15868,370,370
2017-02-03 13:32:09.732000,12.16072,12.15868,370,370
2017-02-03 13:32:09.783000,12.16072,12.15788,370,370
2017-02-03 13:32:09.833000,12.16022,12.15768,370,370
2017-02-03 13:32:10.088000,12.16032,12.15748,370,370
2017-02-03 13:32:10.139000,12.16001,12.15719,370,750
2017-02-03 13:32:10.442000,12.16152,12.15888,370,370
2017-02-03 13:32:10.826000,12.16101,12.15848,370,370
2017-02-03 13:32:10.876000,12.16062,12.15778,370,370
2017-02-03 13:32:10.938000,12.16052,12.15778,370,370
2017-02-03 13:32:11.039000,12.16012,12.15728,370,370
2017-02-03 13:32:11.089000,12.16012,12.15768,370,370
2017-02-03 13:32:11.140000,12.16021,12.15768,370,370
2017-02-03 13:32:11.240000,12.16091,12.15809,370,370
2017-02-03 13:32:11.341000,12.16102,12.15849,370,370
2017-02-03 13:32:11.442000,12.16052,12.15768,370,750
2017-02-03 13:32:11.991000,12.16022,12.15768,370,370
2017-02-03 13:32:12.386000,12.16101,12.15878,370,370
2017-02-03 13:32:12.487000,12.16092,12.15808,370,370
2017-02-03 13:32:12.588000,12.15991,12.15768,370,370
2017-02-03 13:32:12.641000,12.15991,12.15709,370,370
2017-02-03 13:32:12.691000,12.16002,12.15728,370,370
2017-02-03 13:32:12.742000,12.15951,12.15669,370,370
2017-02-03 13:32:12.843000,12.15922,12.15638,370,370
2017-02-03 13:32:12.894000,12.15922,12.15718,370,370
2017-02-03 13:32:12.945000,12.16032,12.15748,370,370
2017-02-03 13:32:13.046000,12.16001,12.15718,370,370
2017-02-03 13:32:13.348000,12.15972,12.15718,370,370
2017-02-03 13:32:13.399000,12.15972,12.15688,370,370
2017-02-03 13:32:13.450000,12.15951,12.15671,370,100
2017-02-03 13:32:13.651000,12.16071,12.15789,370,370
2017-02-03 13:32:13.702000,12.16051,12.15789,370,370
2017-02-03 13:32:13.752000,12.16049,12.15779,100,370
2017-02-03 13:32:13.896000,12.16051,12.15779,370,370
2017-02-03 13:32:14.090000,12.16001,12.15719,750,370
2017-02-03 13:32:14.140000,12.16001,12.15768,370,370
2017-02-03 13:32:14.348000,12.16122,12.15838,370,370
2017-02-03 13:32:14.398000,12.16122,12.15869,370,370
2017-02-03 13:32:14.449000,12.16192,12.15908,370,370
2017-02-03 13:32:14.499000,12.16151,12.15908,370,370
2017-02-03 13:32:14.652000,12.16152,12.15868,370,750
2017-02-03 13:32:14.913000,12.16101,12.15818,370,370
2017-02-03 13:32:14.964000,12.16062,12.15778,370,370
2017-02-03 13:32:15.014000,12.16051,12.15778,370,370
2017-02-03 13:32:15.065000,12.16041,12.15759,370,370
2017-02-03 13:32:15.167000,12.16092,12.15808,370,370
2017-02-03 13:32:15.270000,12.16111,12.15829,370,370
2017-02-03 13:32:15.452000,12.16172,12.15888,370,370
2017-02-03 13:32:15.641000,12.16191,12.15909,370,370
2017-02-03 13:32:15.855000,12.16162,12.15878,370,370
2017-02-03 13:32:15.948000,12.16151,12.15878,370,370
2017-02-03 13:32:15.999000,12.16151,12.15868,370,370
2017-02-03 13:32:16.100000,12.16092,12.15919,370,370
2017-02-03 13:32:16.155000,12.16152,12.15919,370,370
2017-02-03 13:32:16.256000,12.16201,12.15919,370,750
2017-02-03 13:32:16.427000,12.16221,12.15939,370,370
2017-02-03 13:32:16.734000,12.16091,12.15919,370,370
2017-02-03 13:32:17.153000,12.16082,12.15919,370,370
2017-02-03 13:32:17.204000,12.16001,12.15758,370,370
2017-02-03 13:32:17.255000,12.15901,12.15758,370,370
2017-02-03 13:32:17.306000,12.15901,12.15668,370,370
2017-02-03 13:32:17.406000,12.15901,12.15639,370,370
2017-02-03 13:32:17.507000,12.15872,12.15588,370,370
2017-02-03 13:32:17.558000,12.15851,12.15588,370,370
2017-02-03 13:32:17.674000,12.15902,12.15618,750,370
2017-02-03 13:32:17.775000,12.15881,12.15599,370,370
2017-02-03 13:32:18.020000,12.15792,12.15508,370,370
2017-02-03 13:32:18.071000,12.15812,12.15568,370,370
2017-02-03 13:32:18.373000,12.16002,12.15739,370,370
2017-02-03 13:32:18.474000,12.15992,12.15708,370,370
2017-02-03 13:32:18.604000,12.15902,12.15729,370,370
2017-02-03 13:32:18.704000,12.15902,12.15709,370,370
2017-02-03 13:32:18.851000,12.15802,12.15702,370,370
2017-02-03 13:32:18.902000,12.15812,12.15528,370,370
2017-02-03 13:32:18.964000,12.15821,12.15539,370,370
2017-02-03 13:32:19.065000,12.15802,12.15518,750,370
2017-02-03 13:32:19.117000,12.15751,12.15518,370,370
2017-02-03 13:32:19.386000,12.15661,12.15379,370,370
2017-02-03 13:32:19.487000,12.15672,12.15388,370,370
2017-02-03 13:32:19.538000,12.15672,12.15418,370,370
2017-02-03 13:32:19.729000,12.15701,12.15419,370,370
2017-02-03 13:32:19.779000,12.15791,12.15509,370,370
2017-02-03 13:32:20.031000,12.15672,12.15388,370,370
2017-02-03 13:32:20.082000,12.15672,12.15391,370,100
2017-02-03 13:32:20.283000,12.15802,12.15518,750,370
2017-02-03 13:32:20.507000,12.15752,12.15528,370,370
2017-02-03 13:32:20.557000,12.15812,12.15528,370,370
2017-02-03 13:32:20.608000,12.15851,12.15569,370,370
2017-02-03 13:32:20.870000,12.15762,12.15478,370,370
2017-02-03 13:32:20.971000,12.15802,12.15518,750,370
2017-02-03 13:32:21.284000,12.15851,12.15579,370,370
2017-02-03 13:32:21.336000,12.15852,12.15569,370,370
2017-02-03 13:32:21.387000,12.15872,12.15588,370,370
2017-02-03 13:32:21.437000,12.15872,12.15591,370,100
2017-02-03 13:32:21.488000,12.15891,12.15609,370,370
2017-02-03 13:32:21.616000,12.15812,12.15569,370,370
2017-02-03 13:32:21.918000,12.15802,12.15569,370,370
2017-02-03 13:32:22.157000,12.15822,12.15538,370,370
2017-02-03 13:32:22.208000,12.15791,12.15539,370,370
2017-02-03 13:32:22.516000,12.15832,12.15639,370,370
2017-02-03 13:32:22.617000,12.15901,12.15638,370,370
2017-02-03 13:32:22.668000,12.15881,12.15619,370,370
2017-02-03 13:32:22.718000,12.15881,12.15609,370,370
2017-02-03 13:32:22.819000,12.15792,12.15589,370,370
2017-02-03 13:32:22.981000,12.15822,12.15569,370,370
2017-02-03 13:32:23.032000,12.15891,12.15609,370,370
2017-02-03 13:32:23.221000,12.15861,12.15579,370,370
2017-02-03 13:32:23.322000,12.15902,12.15619,370,370
2017-02-03 13:32:23.422000,12.15902,12.15669,370,370
2017-02-03 13:32:23.523000,12.15932,12.15669,370,370
2017-02-03 13:32:23.574000,12.15932,12.15691,370,100
2017-02-03 13:32:23.624000,12.15971,12.15689,370,370
2017-02-03 13:32:23.819000,12.15981,12.15699,370,370
2017-02-03 13:32:23.972000,12.15952,12.15668,370,750
2017-02-03 13:32:24.082000,12.16002,12.15718,750,370
2017-02-03 13:32:24.414000,12.15971,12.15718,370,370
2017-02-03 13:32:24.699000,12.16082,12.15798,370,370
2017-02-03 13:32:24.814000,12.16071,12.15789,370,370
2017-02-03 13:32:24.916000,12.16052,12.15768,750,370
2017-02-03 13:32:24.966000,12.16052,12.15772,750,100
2017-02-03 13:32:25.276000,12.16152,12.15908,370,370
2017-02-03 13:32:25.605000,12.16031,12.15748,370,370
2017-02-03 13:32:25.706000,12.15982,12.15789,370,370
2017-02-03 13:32:25.812000,12.16131,12.15849,750,370
2017-02-03 13:32:25.915000,12.16131,12.15878,370,370
2017-02-03 13:32:26.067000,12.16162,12.15902,370,100
2017-02-03 13:32:26.118000,12.16152,12.15902,370,100
2017-02-03 13:32:26.219000,12.16231,12.15968,370,370
2017-02-03 13:32:26.430000,12.16232,12.15988,370,370
2017-02-03 13:32:26.533000,12.16232,12.15969,370,370
2017-02-03 13:32:26.634000,12.16132,12.15888,370,370
2017-02-03 13:32:26.889000,12.16081,12.15811,370,100
2017-02-03 13:32:26.940000,12.16072,12.15811,370,100
2017-02-03 13:32:27.160000,12.16181,12.15919,370,370
2017-02-03 13:32:27.211000,12.16131,12.15918,370,370
2017-02-03 13:32:27.413000,12.16082,12.15798,370,370
2017-02-03 13:32:27.528000,12.16061,12.15779,370,370
2017-02-03 13:32:27.858000,12.16031,12.15791,370,100
2017-02-03 13:32:28.124000,12.16132,12.15878,370,370
2017-02-03 13:32:28.175000,12.16131,12.15891,370,100
2017-02-03 13:32:28.427000,12.16422,12.16138,370,370
2017-02-03 13:32:28.533000,12.16381,12.16148,370,370
2017-02-03 13:32:28.815000,12.16382,12.16098,370,370
2017-02-03 13:32:28.916000,12.16302,12.16059,370,370
2017-02-03 13:32:29.017000,12.16302,12.16049,370,370
2017-02-03 13:32:29.068000,12.16331,12.16108,370,370
2017-02-03 13:32:29.219000,12.16382,12.16158,370,370
2017-02-03 13:32:29.320000,12.16451,12.16169,370,370
2017-02-03 13:32:29.371000,12.16441,12.16169,370,370
2017-02-03 13:32:29.593000,12.16382,12.16109,370,370
2017-02-03 13:32:29.678000,12.16382,12.16159,370,370
2017-02-03 13:32:29.835000,12.16421,12.16159,370,370
2017-02-03 13:32:29.901000,12.16432,12.16159,370,370
2017-02-03 13:32:30.202000,12.16401,12.16159,370,370
2017-02-03 13:32:30.306000,12.16431,12.16159,370,370
2017-02-03 13:32:30.535000,12.16432,12.16332,370,300
2017-02-03 13:32:30.586000,12.16432,12.16321,370,100
2017-02-03 13:32:30.637000,12.16772,12.16488,370,370
2017-02-03 13:32:30.688000,12.16721,12.16488,370,370
2017-02-03 13:32:30.738000,12.16692,12.16408,370,370
2017-02-03 13:32:30.839000,12.16622,12.16438,370,370
2017-02-03 13:32:30.940000,12.16651,12.16391,370,100
2017-02-03 13:32:31.042000,12.16722,12.16458,370,370
2017-02-03 13:32:31.150000,12.16722,12.16478,370,370
2017-02-03 13:32:31.206000,12.16722,12.16459,370,370
2017-02-03 13:32:31.257000,12.16741,12.16491,370,100
2017-02-03 13:32:31.307000,12.16752,12.16491,370,100
2017-02-03 13:32:31.532000,12.16771,12.16498,370,370
2017-02-03 13:32:31.633000,12.16701,12.16421,370,100
2017-02-03 13:32:31.684000,12.16701,12.16521,370,100
2017-02-03 13:32:31.735000,12.16722,12.16521,370,100
2017-02-03 13:32:31.854000,12.16771,12.16549,370,370
2017-02-03 13:32:32.078000,12.16771,12.16558,370,370
2017-02-03 13:32:32.391000,12.16771,12.16602,370,100
2017-02-03 13:32:32.576000,12.16941,12.16658,370,370
2017-02-03 13:32:32.638000,12.16892,12.16658,370,370
2017-02-03 13:32:32.840000,12.16841,12.16558,370,370
2017-02-03 13:32:32.890000,12.16791,12.16558,370,370
2017-02-03 13:32:32.941000,12.16791,12.16518,370,370
2017-02-03 13:32:33.042000,12.16741,12.16509,370,370
2017-02-03 13:32:33.142000,12.16822,12.16558,370,370
2017-02-03 13:32:33.254000,12.16831,12.16558,370,370
2017-02-03 13:32:33.305000,12.16831,12.16549,370,370
2017-02-03 13:32:33.509000,12.16842,12.16611,750,100
2017-02-03 13:32:33.764000,12.17042,12.16791,750,100
2017-02-03 13:32:33.815000,12.17002,12.16808,370,370
2017-02-03 13:32:33.916000,12.17072,12.16809,370,370
2017-02-03 13:32:34.022000,12.17061,12.16809,370,370
2017-02-03 13:32:34.266000,12.17032,12.16759,370,370
2017-02-03 13:32:34.472000,12.17002,12.16809,370,370
2017-02-03 13:32:34.523000,12.17071,12.16809,370,370
2017-02-03 13:32:34.623000,12.17062,12.16809,370,370
2017-02-03 13:32:34.674000,12.17062,12.16778,370,370
2017-02-03 13:32:34.724000,12.17022,12.16759,370,370
2017-02-03 13:32:35.029000,12.16892,12.16688,370,370
2017-02-03 13:32:35.130000,12.16892,12.16659,370,370
2017-02-03 13:32:35.181000,12.16841,12.16659,370,370
2017-02-03 13:32:35.375000,12.16771,12.16558,370,370
2017-02-03 13:32:35.426000,12.16782,12.16558,370,370
2017-02-03 13:32:35.477000,12.16782,12.16508,370,370
2017-02-03 13:32:35.583000,12.16832,12.16548,370,370
2017-02-03 13:32:35.634000,12.16821,12.16539,370,370
2017-02-03 13:32:35.936000,12.16791,12.16558,370,370
2017-02-03 13:32:36.262000,12.16881,12.16658,370,370
2017-02-03 13:32:36.464000,12.17011,12.16758,370,370
2017-02-03 13:32:36.565000,12.17021,12.16758,370,370
2017-02-03 13:32:36.672000,12.17012,12.16758,370,370
2017-02-03 13:32:37.054000,12.17082,12.16798,370,370
2017-02-03 13:32:37.171000,12.17072,12.16788,370,370
2017-02-03 13:32:37.475000,12.17012,12.16809,370,370
2017-02-03 13:32:37.576000,12.17051,12.16769,370,370
2017-02-03 13:32:37.627000,12.17001,12.16759,370,370
2017-02-03 13:32:37.895000,12.17032,12.16759,370,370
2017-02-03 13:32:37.946000,12.16992,12.16708,370,750
2017-02-03 13:32:38.150000,12.16942,12.16709,370,370
2017-02-03 13:32:38.452000,12.16941,12.16758,370,370
2017-02-03 13:32:38.518000,12.16941,12.16718,370,370
2017-02-03 13:32:38.694000,12.16971,12.16718,370,370
2017-02-03 13:32:38.745000,12.16868,12.16768,100,370
2017-02-03 13:32:38.846000,12.16832,12.16578,370,370
2017-02-03 13:32:38.946000,12.16802,12.16618,370,370
2017-02-03 13:32:39.049000,12.16911,12.16629,370,370
2017-02-03 13:32:39.153000,12.16931,12.16669,370,370
2017-02-03 13:32:39.587000,12.17071,12.16819,370,370
2017-02-03 13:32:39.738000,12.16902,12.16619,370,370
2017-02-03 13:32:39.788000,12.16831,12.16618,370,370
2017-02-03 13:32:39.839000,12.16831,12.16579,370,370
2017-02-03 13:32:39.941000,12.16832,12.16568,370,370
2017-02-03 13:32:40.045000,12.16832,12.16592,370,100
2017-02-03 13:32:40.259000,12.16971,12.16719,370,370
2017-02-03 13:32:40.499000,12.16981,12.16728,370,370
2017-02-03 13:32:40.600000,12.16981,12.16719,370,370
2017-02-03 13:32:40.700000,12.16982,12.16698,750,370
2017-02-03 13:32:40.751000,12.16982,12.16758,370,370
2017-02-03 13:32:40.952000,12.16931,12.16668,370,370
2017-02-03 13:32:41.054000,12.16822,12.16668,370,370
2017-02-03 13:32:41.105000,12.16822,12.16569,370,370
2017-02-03 13:32:41.282000,12.16932,12.16699,370,370
2017-02-03 13:32:41.592000,12.16932,12.16788,370,370
2017-02-03 13:32:41.643000,12.16932,12.16739,370,370
2017-02-03 13:32:41.784000,12.16932,12.16798,370,370
2017-02-03 13:32:41.977000,12.16932,12.16709,370,370
2017-02-03 13:32:42.078000,12.16932,12.16759,370,370
2017-02-03 13:32:42.280000,12.16968,12.16729,100,370
2017-02-03 13:32:42.331000,12.16832,12.16729,370,370
2017-02-03 13:32:42.381000,12.16832,12.16699,370,370
2017-02-03 13:32:42.487000,12.16831,12.16549,750,370
2017-02-03 13:32:42.681000,12.16782,12.16569,370,370
2017-02-03 13:32:42.905000,12.16802,12.16579,370,370
2017-02-03 13:32:42.956000,12.16731,12.16618,370,370
2017-02-03 13:32:43.057000,12.16731,12.16488,370,370
2017-02-03 13:32:43.165000,12.16731,12.16469,370,370
2017-02-03 13:32:43.265000,12.16731,12.16458,370,370
2017-02-03 13:32:43.490000,12.16731,12.16498,370,370
2017-02-03 13:32:43.679000,12.16712,12.16429,370,370
2017-02-03 13:32:43.749000,12.16721,12.16439,370,370
2017-02-03 13:32:44.075000,12.16711,12.16429,370,750
2017-02-03 13:32:44.394000,12.16731,12.16479,370,370
2017-02-03 13:32:44.513000,12.16731,12.16468,370,370
2017-02-03 13:32:44.614000,12.16712,12.16429,370,370
2017-02-03 13:32:44.665000,12.16731,12.16469,370,370
2017-02-03 13:32:44.993000,12.16701,12.16429,370,370
2017-02-03 13:32:45.100000,12.16632,12.16428,370,370
2017-02-03 13:32:45.269000,12.16611,12.16329,370,370
2017-02-03 13:32:45.319000,12.16498,12.16329,100,370
2017-02-03 13:32:45.370000,12.16542,12.16301,370,100
2017-02-03 13:32:45.478000,12.16602,12.16339,370,370
2017-02-03 13:32:45.529000,12.16499,12.16339,100,370
2017-02-03 13:32:45.681000,12.16441,12.16228,370,370
2017-02-03 13:32:45.731000,12.16392,12.16228,370,370
2017-02-03 13:32:45.782000,12.16392,12.16179,370,370
2017-02-03 13:32:45.833000,12.16292,12.16179,370,370
2017-02-03 13:32:45.883000,12.16292,12.16019,370,370
2017-02-03 13:32:45.984000,12.16242,12.15978,370,370
2017-02-03 13:32:46.125000,12.16232,12.15948,370,370
2017-02-03 13:32:46.194000,12.16241,12.15978,370,370
2017-02-03 13:32:46.497000,12.16141,12.16039,370,370
2017-02-03 13:32:46.597000,12.16291,12.16041,370,100
2017-02-03 13:32:46.698000,12.16341,12.16168,370,370
2017-02-03 13:32:46.854000,12.16262,12.16039,370,370
2017-02-03 13:32:46.906000,12.16201,12.16039,370,370
2017-02-03 13:32:47.158000,12.16151,12.15938,370,370
2017-02-03 13:32:47.210000,12.16231,12.15949,370,370
2017-02-03 13:32:47.260000,12.16242,12.16038,370,370
2017-02-03 13:32:47.311000,12.16322,12.16038,370,750
2017-02-03 13:32:47.361000,12.16341,12.16059,370,370
2017-02-03 13:32:47.462000,12.16322,12.16038,370,750
2017-02-03 13:32:47.703000,12.16342,12.16098,370,370
2017-02-03 13:32:47.904000,12.16341,12.16079,370,370
2017-02-03 13:32:47.955000,12.16361,12.16089,370,370
2017-02-03 13:32:48.056000,12.16391,12.16139,370,370
2017-02-03 13:32:48.207000,12.16302,12.16038,370,370
2017-02-03 13:32:48.308000,12.16238,12.16138,370,370
2017-02-03 13:32:48.409000,12.16232,12.16132,370,370
2017-02-03 13:32:48.535000,12.16291,12.16138,370,370
2017-02-03 13:32:48.586000,12.16161,12.15928,370,370
2017-02-03 13:32:48.687000,12.16152,12.15888,370,370
2017-02-03 13:32:48.788000,12.16209,12.15949,100,370
2017-02-03 13:32:48.889000,12.16101,12.15838,370,370
2017-02-03 13:32:48.994000,12.16131,12.15849,370,370
2017-02-03 13:32:49.094000,12.16112,12.15838,370,370
2017-02-03 13:32:49.195000,12.16142,12.15858,370,370
2017-02-03 13:32:49.331000,12.16182,12.15898,370,370
2017-02-03 13:32:49.648000,12.16231,12.15948,370,370
2017-02-03 13:32:49.699000,12.16202,12.15918,370,370
2017-02-03 13:32:49.749000,12.16132,12.15918,370,370
2017-02-03 13:32:49.800000,12.16132,12.15859,370,370
2017-02-03 13:32:49.901000,12.16092,12.15808,370,370
2017-02-03 13:32:49.951000,12.16081,12.15808,370,370
2017-02-03 13:32:50.117000,12.16081,12.15798,370,370
2017-02-03 13:32:50.218000,12.15981,12.15708,370,370
2017-02-03 13:32:50.319000,12.15981,12.15698,370,370
2017-02-03 13:32:50.419000,12.16031,12.15748,370,370
2017-02-03 13:32:50.520000,12.15992,12.15708,370,370
2017-02-03 13:32:50.621000,12.16022,12.15738,370,750
2017-02-03 13:32:50.974000,12.16032,12.15838,370,370
2017-02-03 13:32:51.025000,12.15932,12.15669,370,370
2017-02-03 13:32:51.075000,12.15902,12.15641,370,100
2017-02-03 13:32:51.277000,12.16002,12.15718,370,370
2017-02-03 13:32:51.377000,12.15941,12.15688,370,370
2017-02-03 13:32:51.702000,12.16001,12.15719,370,370
2017-02-03 13:32:51.802000,12.16022,12.15738,370,370
2017-02-03 13:32:51.950000,12.15932,12.15668,370,370
2017-02-03 13:32:52.001000,12.15901,12.15619,370,370
2017-02-03 13:32:52.125000,12.15901,12.15638,370,370
2017-02-03 13:32:52.226000,12.15932,12.15648,370,370
2017-02-03 13:32:52.326000,12.15982,12.15708,370,370
2017-02-03 13:32:52.427000,12.15981,12.15699,750,370
2017-02-03 13:32:52.478000,12.15932,12.15699,370,370
2017-02-03 13:32:52.528000,12.15932,12.15648,750,370
2017-02-03 13:32:52.581000,12.15902,12.15618,370,370
2017-02-03 13:32:52.965000,12.15832,12.15568,370,370
2017-02-03 13:32:53.016000,12.15782,12.15498,750,370
2017-02-03 13:32:53.120000,12.15731,12.15468,370,370
2017-02-03 13:32:53.221000,12.15731,12.15459,370,370
2017-02-03 13:32:53.272000,12.15681,12.15459,370,370
2017-02-03 13:32:53.322000,12.15681,12.15439,370,370
2017-02-03 13:32:53.423000,12.15732,12.15459,370,370
2017-02-03 13:32:53.524000,12.15681,12.15409,370,370
2017-02-03 13:32:53.588000,12.15642,12.15358,370,370
2017-02-03 13:32:53.689000,12.15692,12.15408,370,370
2017-02-03 13:32:54.009000,12.15732,12.15448,370,370
2017-02-03 13:32:54.315000,12.15882,12.15598,370,370
2017-02-03 13:32:54.798000,12.15782,12.15528,370,370
2017-02-03 13:32:54.849000,12.15782,12.15498,370,370
2017-02-03 13:32:54.900000,12.15791,12.15509,370,370
2017-02-03 13:32:55.213000,12.15891,12.15609,370,370
2017-02-03 13:32:55.518000,12.16102,12.15901,370,100
2017-02-03 13:32:55.619000,12.15952,12.15718,370,370
2017-02-03 13:32:55.762000,12.15931,12.15649,370,370
2017-02-03 13:32:55.862000,12.16002,12.15718,370,370
2017-02-03 13:32:55.913000,12.15991,12.15709,370,750
2017-02-03 13:32:56.249000,12.15971,12.15808,370,370
2017-02-03 13:32:56.300000,12.16002,12.15808,370,370
2017-02-03 13:32:56.502000,12.15872,12.15772,370,370
2017-02-03 13:32:56.606000,12.15881,12.15781,370,370
2017-02-03 13:32:56.760000,12.15912,12.15808,370,370
2017-02-03 13:32:56.811000,12.15858,12.15758,370,370
2017-02-03 13:32:56.912000,12.15862,12.15758,370,370
2017-02-03 13:32:57.014000,12.15942,12.15758,370,370
2017-02-03 13:32:57.135000,12.15912,12.15749,370,370
2017-02-03 13:32:57.185000,12.15912,12.15698,370,370
2017-02-03 13:32:57.236000,12.15882,12.15698,370,370
2017-02-03 13:32:57.336000,12.15862,12.15649,370,370
2017-02-03 13:32:57.437000,12.15801,12.15649,370,370
2017-02-03 13:32:57.488000,12.15801,12.15598,370,370
2017-02-03 13:32:57.638000,12.15792,12.15592,370,100
2017-02-03 13:32:57.851000,12.15912,12.15688,370,370
2017-02-03 13:32:57.952000,12.15862,12.15688,370,370
2017-02-03 13:32:58.003000,12.15832,12.15578,370,370
2017-02-03 13:32:58.154000,12.15672,12.15538,370,370
2017-02-03 13:32:58.305000,12.15631,12.15438,370,370
2017-02-03 13:32:58.356000,12.15652,12.15438,370,370
2017-02-03 13:32:58.545000,12.15611,12.15388,370,370
2017-02-03 13:32:58.647000,12.15582,12.15388,370,370
2017-02-03 13:32:58.698000,12.15579,12.15298,100,370
2017-02-03 13:32:58.749000,12.15532,12.15288,370,370
2017-02-03 13:32:59.109000,12.15441,12.15238,370,370
2017-02-03 13:32:59.311000,12.15492,12.15218,370,370
2017-02-03 13:32:59.414000,12.15431,12.15178,370,370
2017-02-03 13:32:59.616000,12.15492,12.15208,750,370
2017-02-03 13:32:59.717000,12.15442,12.15229,370,370
2017-02-03 13:32:59.819000,12.15452,12.15229,370,370
2017-02-03 13:32:59.920000,12.15452,12.15178,370,370
2017-02-03 13:32:59.970000,12.15452,12.15228,370,370
2017-02-03 13:33:00.021000,12.15502,12.15228,370,370
2017-02-03 13:33:00.224000,12.15532,12.15248,370,370
2017-02-03 13:33:00.275000,12.15532,12.15279,370,370
2017-02-03 13:33:00.577000,12.15372,12.15129,370,370
2017-02-03 13:33:00.729000,12.15412,12.15128,370,750
2017-02-03 13:33:00.779000,12.15342,12.15128,370,370
2017-02-03 13:33:00.830000,12.15322,12.15062,370,100
2017-02-03 13:33:00.880000,12.15322,12.15128,370,370
2017-02-03 13:33:01.060000,12.15391,12.15129,370,370
2017-02-03 13:33:01.161000,12.15299,12.15028,100,370
2017-02-03 13:33:01.212000,12.15301,12.15028,370,370
2017-02-03 13:33:01.262000,12.15241,12.15019,370,370
2017-02-03 13:33:01.363000,12.15181,12.14929,370,370
2017-02-03 13:33:01.464000,12.15222,12.14938,370,370
2017-02-03 13:33:01.566000,12.15241,12.14989,370,370
2017-02-03 13:33:01.667000,12.15241,12.14972,750,100
2017-02-03 13:33:01.883000,12.15192,12.14929,370,370
2017-02-03 13:33:02.135000,12.15012,12.14728,370,750
2017-02-03 13:33:02.185000,12.15012,12.14828,370,370
2017-02-03 13:33:02.236000,12.15051,12.14828,370,370
2017-02-03 13:33:02.337000,12.15002,12.14779,370,370
